{
    "2023-03-31": {
        "Tax Effect Of Unusual Items": NaN,
        "Tax Rate For Calcs": NaN,
        "Normalized EBITDA": NaN,
        "Total Unusual Items": NaN,
        "Total Unusual Items Excluding Goodwill": NaN,
        "Net Income From Continuing Operation Net Minority Interest": NaN,
        "Reconciled Depreciation": NaN,
        "Reconciled Cost Of Revenue": NaN,
        "EBITDA": NaN,
        "EBIT": NaN,
        "Net Interest Income": NaN,
        "Interest Expense": NaN,
        "Interest Income": NaN,
        "Normalized Income": NaN,
        "Net Income From Continuing And Discontinued Operation": NaN,
        "Total Expenses": NaN,
        "Total Operating Income As Reported": NaN,
        "Diluted Average Shares": 72644444.0,
        "Basic Average Shares": 72644444.0,
        "Diluted EPS": -0.18,
        "Basic EPS": -0.18,
        "Diluted NI Availto Com Stockholders": NaN,
        "Net Income Common Stockholders": NaN,
        "Otherunder Preferred Stock Dividend": -131000.0,
        "Net Income": NaN,
        "Minority Interests": NaN,
        "Net Income Including Noncontrolling Interests": NaN,
        "Net Income Continuous Operations": NaN,
        "Tax Provision": NaN,
        "Pretax Income": NaN,
        "Other Income Expense": NaN,
        "Other Non Operating Income Expenses": NaN,
        "Special Income Charges": NaN,
        "Restructuring And Mergern Acquisition": NaN,
        "Gain On Sale Of Security": NaN,
        "Net Non Operating Interest Income Expense": NaN,
        "Interest Expense Non Operating": NaN,
        "Interest Income Non Operating": NaN,
        "Operating Income": NaN,
        "Operating Expense": NaN,
        "Depreciation Amortization Depletion Income Statement": NaN,
        "Depreciation And Amortization In Income Statement": NaN,
        "Selling General And Administration": NaN,
        "General And Administrative Expense": NaN,
        "Other Gand A": NaN,
        "Gross Profit": NaN,
        "Cost Of Revenue": NaN,
        "Total Revenue": NaN,
        "Operating Revenue": NaN
    },
    "2022-12-31": {
        "Tax Effect Of Unusual Items": NaN,
        "Tax Rate For Calcs": NaN,
        "Normalized EBITDA": NaN,
        "Total Unusual Items": NaN,
        "Total Unusual Items Excluding Goodwill": NaN,
        "Net Income From Continuing Operation Net Minority Interest": NaN,
        "Reconciled Depreciation": NaN,
        "Reconciled Cost Of Revenue": NaN,
        "EBITDA": NaN,
        "EBIT": NaN,
        "Net Interest Income": NaN,
        "Interest Expense": 0.0,
        "Interest Income": NaN,
        "Normalized Income": NaN,
        "Net Income From Continuing And Discontinued Operation": NaN,
        "Total Expenses": NaN,
        "Total Operating Income As Reported": NaN,
        "Diluted Average Shares": NaN,
        "Basic Average Shares": NaN,
        "Diluted EPS": NaN,
        "Basic EPS": NaN,
        "Diluted NI Availto Com Stockholders": NaN,
        "Net Income Common Stockholders": NaN,
        "Otherunder Preferred Stock Dividend": NaN,
        "Net Income": NaN,
        "Minority Interests": NaN,
        "Net Income Including Noncontrolling Interests": NaN,
        "Net Income Continuous Operations": NaN,
        "Tax Provision": NaN,
        "Pretax Income": NaN,
        "Other Income Expense": NaN,
        "Other Non Operating Income Expenses": NaN,
        "Special Income Charges": NaN,
        "Restructuring And Mergern Acquisition": NaN,
        "Gain On Sale Of Security": NaN,
        "Net Non Operating Interest Income Expense": NaN,
        "Interest Expense Non Operating": 0.0,
        "Interest Income Non Operating": NaN,
        "Operating Income": NaN,
        "Operating Expense": NaN,
        "Depreciation Amortization Depletion Income Statement": NaN,
        "Depreciation And Amortization In Income Statement": NaN,
        "Selling General And Administration": NaN,
        "General And Administrative Expense": NaN,
        "Other Gand A": NaN,
        "Gross Profit": NaN,
        "Cost Of Revenue": NaN,
        "Total Revenue": NaN,
        "Operating Revenue": NaN
    },
    "2022-09-30": {
        "Tax Effect Of Unusual Items": NaN,
        "Tax Rate For Calcs": NaN,
        "Normalized EBITDA": NaN,
        "Total Unusual Items": NaN,
        "Total Unusual Items Excluding Goodwill": NaN,
        "Net Income From Continuing Operation Net Minority Interest": NaN,
        "Reconciled Depreciation": NaN,
        "Reconciled Cost Of Revenue": NaN,
        "EBITDA": NaN,
        "EBIT": NaN,
        "Net Interest Income": NaN,
        "Interest Expense": 8000.0,
        "Interest Income": NaN,
        "Normalized Income": NaN,
        "Net Income From Continuing And Discontinued Operation": NaN,
        "Total Expenses": NaN,
        "Total Operating Income As Reported": NaN,
        "Diluted Average Shares": NaN,
        "Basic Average Shares": NaN,
        "Diluted EPS": NaN,
        "Basic EPS": NaN,
        "Diluted NI Availto Com Stockholders": NaN,
        "Net Income Common Stockholders": NaN,
        "Otherunder Preferred Stock Dividend": NaN,
        "Net Income": NaN,
        "Minority Interests": NaN,
        "Net Income Including Noncontrolling Interests": NaN,
        "Net Income Continuous Operations": NaN,
        "Tax Provision": NaN,
        "Pretax Income": NaN,
        "Other Income Expense": NaN,
        "Other Non Operating Income Expenses": NaN,
        "Special Income Charges": NaN,
        "Restructuring And Mergern Acquisition": NaN,
        "Gain On Sale Of Security": NaN,
        "Net Non Operating Interest Income Expense": NaN,
        "Interest Expense Non Operating": 8000.0,
        "Interest Income Non Operating": NaN,
        "Operating Income": NaN,
        "Operating Expense": NaN,
        "Depreciation Amortization Depletion Income Statement": NaN,
        "Depreciation And Amortization In Income Statement": NaN,
        "Selling General And Administration": NaN,
        "General And Administrative Expense": NaN,
        "Other Gand A": NaN,
        "Gross Profit": NaN,
        "Cost Of Revenue": NaN,
        "Total Revenue": NaN,
        "Operating Revenue": NaN
    },
    "2022-06-30": {
        "Tax Effect Of Unusual Items": -21441200.0,
        "Tax Rate For Calcs": 0.4,
        "Normalized EBITDA": -32128000.0,
        "Total Unusual Items": -53603000.0,
        "Total Unusual Items Excluding Goodwill": -53603000.0,
        "Net Income From Continuing Operation Net Minority Interest": 4479000.0,
        "Reconciled Depreciation": 4132000.0,
        "Reconciled Cost Of Revenue": 9820000.0,
        "EBITDA": -85731000.0,
        "EBIT": -89863000.0,
        "Net Interest Income": 623000.0,
        "Interest Expense": 13000.0,
        "Interest Income": 636000.0,
        "Normalized Income": 36640800.0,
        "Net Income From Continuing And Discontinued Operation": 4479000.0,
        "Total Expenses": 46130000.0,
        "Total Operating Income As Reported": -37054000.0,
        "Diluted Average Shares": 69322000.0,
        "Basic Average Shares": 68545000.0,
        "Diluted EPS": 0.06,
        "Basic EPS": 0.06,
        "Diluted NI Availto Com Stockholders": 4479000.0,
        "Net Income Common Stockholders": 4479000.0,
        "Otherunder Preferred Stock Dividend": NaN,
        "Net Income": 4479000.0,
        "Minority Interests": -12518000.0,
        "Net Income Including Noncontrolling Interests": -89893000.0,
        "Net Income Continuous Operations": -89893000.0,
        "Tax Provision": 17000.0,
        "Pretax Income": -89876000.0,
        "Other Income Expense": -53445000.0,
        "Other Non Operating Income Expenses": 158000.0,
        "Special Income Charges": -4891000.0,
        "Restructuring And Mergern Acquisition": 4891000.0,
        "Gain On Sale Of Security": -48712000.0,
        "Net Non Operating Interest Income Expense": 623000.0,
        "Interest Expense Non Operating": 13000.0,
        "Interest Income Non Operating": 636000.0,
        "Operating Income": -37054000.0,
        "Operating Expense": 36310000.0,
        "Depreciation Amortization Depletion Income Statement": 4132000.0,
        "Depreciation And Amortization In Income Statement": 4132000.0,
        "Selling General And Administration": 32178000.0,
        "General And Administrative Expense": 32178000.0,
        "Other Gand A": 32178000.0,
        "Gross Profit": -744000.0,
        "Cost Of Revenue": 9820000.0,
        "Total Revenue": 9076000.0,
        "Operating Revenue": 9076000.0
    },
    "2023-06-30": {
        "Tax Effect Of Unusual Items": NaN,
        "Tax Rate For Calcs": NaN,
        "Normalized EBITDA": NaN,
        "Total Unusual Items": NaN,
        "Total Unusual Items Excluding Goodwill": NaN,
        "Net Income From Continuing Operation Net Minority Interest": NaN,
        "Reconciled Depreciation": NaN,
        "Reconciled Cost Of Revenue": NaN,
        "EBITDA": NaN,
        "EBIT": NaN,
        "Net Interest Income": NaN,
        "Interest Expense": 0.0,
        "Interest Income": NaN,
        "Normalized Income": NaN,
        "Net Income From Continuing And Discontinued Operation": NaN,
        "Total Expenses": NaN,
        "Total Operating Income As Reported": NaN,
        "Diluted Average Shares": 85320000.0,
        "Basic Average Shares": 85320000.0,
        "Diluted EPS": -0.08,
        "Basic EPS": -0.08,
        "Diluted NI Availto Com Stockholders": NaN,
        "Net Income Common Stockholders": NaN,
        "Otherunder Preferred Stock Dividend": -59000.0,
        "Net Income": NaN,
        "Minority Interests": NaN,
        "Net Income Including Noncontrolling Interests": NaN,
        "Net Income Continuous Operations": NaN,
        "Tax Provision": NaN,
        "Pretax Income": NaN,
        "Other Income Expense": NaN,
        "Other Non Operating Income Expenses": NaN,
        "Special Income Charges": NaN,
        "Restructuring And Mergern Acquisition": NaN,
        "Gain On Sale Of Security": NaN,
        "Net Non Operating Interest Income Expense": NaN,
        "Interest Expense Non Operating": 0.0,
        "Interest Income Non Operating": NaN,
        "Operating Income": NaN,
        "Operating Expense": NaN,
        "Depreciation Amortization Depletion Income Statement": NaN,
        "Depreciation And Amortization In Income Statement": NaN,
        "Selling General And Administration": NaN,
        "General And Administrative Expense": NaN,
        "Other Gand A": NaN,
        "Gross Profit": NaN,
        "Cost Of Revenue": NaN,
        "Total Revenue": NaN,
        "Operating Revenue": NaN
    },
    "2022-03-31": {
        "Diluted EPS": -0.21,
        "Total Revenue": 8,
        "Gross Profit": -1,
        "Operating Income": -30,
        "EBIT": -23,
        "Net Income": -14
    },
    "2021-12-31": {
        "Diluted EPS": -0.18,
        "Total Revenue": 7,
        "Gross Profit": -2,
        "Operating Income": -30,
        "EBIT": -23,
        "Net Income": -12
    },
    "2021-09-30": {
        "Diluted EPS": 0.09,
        "Total Revenue": 6,
        "Gross Profit": -2,
        "Operating Income": -26,
        "EBIT": -20,
        "Net Income": 6
    },
    "2021-06-30": {
        "Diluted EPS": 0.0,
        "Total Revenue": 5,
        "Gross Profit": -2,
        "Operating Income": -18,
        "EBIT": -12,
        "Net Income": NaN
    },
    "2021-03-31": {
        "Diluted EPS": 0.0,
        "Total Revenue": 4,
        "Gross Profit": -2,
        "Operating Income": -16,
        "EBIT": -11,
        "Net Income": NaN
    },
    "2020-12-31": {
        "Diluted EPS": 0.0,
        "Total Revenue": NaN,
        "Gross Profit": NaN,
        "Operating Income": NaN,
        "EBIT": NaN,
        "Net Income": NaN
    },
    "2020-09-30": {
        "Diluted EPS": 0.0,
        "Total Revenue": 4,
        "Gross Profit": -3,
        "Operating Income": -13,
        "EBIT": -13,
        "Net Income": NaN
    },
    "2023-09-30": {
        "Tax Effect Of Unusual Items": 0.0,
        "Tax Rate For Calcs": 0.0,
        "Normalized EBITDA": -27994000.0,
        "Total Unusual Items": 5216000.0,
        "Total Unusual Items Excluding Goodwill": 5216000.0,
        "Net Income From Continuing Operation Net Minority Interest": -9721000.0,
        "Reconciled Depreciation": 13594000.0,
        "Reconciled Cost Of Revenue": 25884000.0,
        "EBITDA": -22778000.0,
        "EBIT": -36372000.0,
        "Net Interest Income": 2898000.0,
        "Interest Expense": 0.0,
        "Interest Income": 2898000.0,
        "Normalized Income": -14937000.0,
        "Net Income From Continuing And Discontinued Operation": -9721000.0,
        "Total Expenses": 71479000.0,
        "Total Operating Income As Reported": -36372000.0,
        "Diluted Average Shares": 102687000.0,
        "Basic Average Shares": 102687000.0,
        "Diluted EPS": -0.09,
        "Basic EPS": -0.09,
        "Diluted NI Availto Com Stockholders": -9653000.0,
        "Net Income Common Stockholders": -9653000.0,
        "Otherunder Preferred Stock Dividend": -68000.0,
        "Net Income": -9721000.0,
        "Minority Interests": 18536000.0,
        "Net Income Including Noncontrolling Interests": -28257000.0,
        "Net Income Continuous Operations": -28257000.0,
        "Tax Provision": 0.0,
        "Pretax Income": -28257000.0,
        "Other Income Expense": 5217000.0,
        "Other Non Operating Income Expenses": 1000.0,
        "Special Income Charges": 442000.0,
        "Restructuring And Mergern Acquisition": -442000.0,
        "Gain On Sale Of Security": 4774000.0,
        "Net Non Operating Interest Income Expense": 2898000.0,
        "Interest Expense Non Operating": 0.0,
        "Interest Income Non Operating": 2898000.0,
        "Operating Income": -36372000.0,
        "Operating Expense": 36976000.0,
        "Depreciation Amortization Depletion Income Statement": 4975000.0,
        "Depreciation And Amortization In Income Statement": 4975000.0,
        "Selling General And Administration": 32001000.0,
        "General And Administrative Expense": 32001000.0,
        "Other Gand A": 32001000.0,
        "Gross Profit": 604000.0,
        "Cost Of Revenue": 34503000.0,
        "Total Revenue": 35107000.0,
        "Operating Revenue": 35107000.0
    },
    "2023-12-31": {
        "Tax Effect Of Unusual Items": 0.0,
        "Tax Rate For Calcs": 0.0,
        "Normalized EBITDA": -22993000.0,
        "Total Unusual Items": 1579000.0,
        "Total Unusual Items Excluding Goodwill": 1579000.0,
        "Net Income From Continuing Operation Net Minority Interest": -12604000.0,
        "Reconciled Depreciation": 15175000.0,
        "Reconciled Cost Of Revenue": 36843000.0,
        "EBITDA": -21414000.0,
        "EBIT": -36589000.0,
        "Net Interest Income": 2659000.0,
        "Interest Expense": 0.0,
        "Interest Income": 2659000.0,
        "Normalized Income": -14183000.0,
        "Net Income From Continuing And Discontinued Operation": -12604000.0,
        "Total Expenses": 90810000.0,
        "Total Operating Income As Reported": -40816000.0,
        "Diluted Average Shares": NaN,
        "Basic Average Shares": NaN,
        "Diluted EPS": NaN,
        "Basic EPS": NaN,
        "Diluted NI Availto Com Stockholders": -12604000.0,
        "Net Income Common Stockholders": -12604000.0,
        "Otherunder Preferred Stock Dividend": NaN,
        "Net Income": -12604000.0,
        "Minority Interests": 23985000.0,
        "Net Income Including Noncontrolling Interests": -36589000.0,
        "Net Income Continuous Operations": -36589000.0,
        "Tax Provision": 0.0,
        "Pretax Income": -36589000.0,
        "Other Income Expense": 1568000.0,
        "Other Non Operating Income Expenses": -11000.0,
        "Special Income Charges": 201000.0,
        "Restructuring And Mergern Acquisition": -201000.0,
        "Gain On Sale Of Security": 1378000.0,
        "Net Non Operating Interest Income Expense": 2659000.0,
        "Interest Expense Non Operating": 0.0,
        "Interest Income Non Operating": 2659000.0,
        "Operating Income": -40816000.0,
        "Operating Expense": 44356000.0,
        "Depreciation Amortization Depletion Income Statement": 5564000.0,
        "Depreciation And Amortization In Income Statement": 5564000.0,
        "Selling General And Administration": 38792000.0,
        "General And Administrative Expense": 38792000.0,
        "Other Gand A": 38792000.0,
        "Gross Profit": 3540000.0,
        "Cost Of Revenue": 46454000.0,
        "Total Revenue": 49994000.0,
        "Operating Revenue": 49994000.0
    },
    "2024-03-31": {
        "Tax Effect Of Unusual Items": 404460.0,
        "Tax Rate For Calcs": 0.21,
        "Normalized EBITDA": -18952000.0,
        "Total Unusual Items": 1926000.0,
        "Total Unusual Items Excluding Goodwill": 1926000.0,
        "Net Income From Continuing Operation Net Minority Interest": -9833000.0,
        "Reconciled Depreciation": 15344000.0,
        "Reconciled Cost Of Revenue": 37958000.0,
        "EBITDA": -17026000.0,
        "EBIT": -32370000.0,
        "Net Interest Income": 2273000.0,
        "Interest Expense": NaN,
        "Interest Income": 2273000.0,
        "Normalized Income": -11354540.0,
        "Net Income From Continuing And Discontinued Operation": -9833000.0,
        "Total Expenses": 87528000.0,
        "Total Operating Income As Reported": -32370000.0,
        "Diluted Average Shares": 104676000.0,
        "Basic Average Shares": 104676000.0,
        "Diluted EPS": -0.09,
        "Basic EPS": -0.09,
        "Diluted NI Availto Com Stockholders": -9766000.0,
        "Net Income Common Stockholders": -9766000.0,
        "Otherunder Preferred Stock Dividend": -67000.0,
        "Net Income": -9833000.0,
        "Minority Interests": 18360000.0,
        "Net Income Including Noncontrolling Interests": -28193000.0,
        "Net Income Continuous Operations": -28193000.0,
        "Tax Provision": 13000.0,
        "Pretax Income": -28180000.0,
        "Other Income Expense": 1917000.0,
        "Other Non Operating Income Expenses": -9000.0,
        "Special Income Charges": 208000.0,
        "Restructuring And Mergern Acquisition": -208000.0,
        "Gain On Sale Of Security": 1718000.0,
        "Net Non Operating Interest Income Expense": 2273000.0,
        "Interest Expense Non Operating": NaN,
        "Interest Income Non Operating": 2273000.0,
        "Operating Income": -32370000.0,
        "Operating Expense": 39211000.0,
        "Depreciation Amortization Depletion Income Statement": 4985000.0,
        "Depreciation And Amortization In Income Statement": 4985000.0,
        "Selling General And Administration": 34226000.0,
        "General And Administrative Expense": 34226000.0,
        "Other Gand A": 34226000.0,
        "Gross Profit": 6841000.0,
        "Cost Of Revenue": 48317000.0,
        "Total Revenue": 55158000.0,
        "Operating Revenue": 55158000.0
    },
    "2024-06-30": {
        "Tax Effect Of Unusual Items": 163380.0,
        "Tax Rate For Calcs": 0.21,
        "Normalized EBITDA": -17058000.0,
        "Total Unusual Items": 778000.0,
        "Total Unusual Items Excluding Goodwill": 778000.0,
        "Net Income From Continuing Operation Net Minority Interest": -10377000.0,
        "Reconciled Depreciation": 16107000.0,
        "Reconciled Cost Of Revenue": 49072000.0,
        "EBITDA": -16280000.0,
        "EBIT": -32387000.0,
        "Net Interest Income": 2064000.0,
        "Interest Expense": NaN,
        "Interest Income": 2064000.0,
        "Normalized Income": -10991620.0,
        "Net Income From Continuing And Discontinued Operation": -10377000.0,
        "Total Expenses": 99006000.0,
        "Total Operating Income As Reported": -32387000.0,
        "Diluted Average Shares": 105584000.0,
        "Basic Average Shares": 105584000.0,
        "Diluted EPS": -0.1,
        "Basic EPS": -0.1,
        "Diluted NI Availto Com Stockholders": -10307000.0,
        "Net Income Common Stockholders": -10307000.0,
        "Otherunder Preferred Stock Dividend": -70000.0,
        "Net Income": -10377000.0,
        "Minority Interests": 19233000.0,
        "Net Income Including Noncontrolling Interests": -29610000.0,
        "Net Income Continuous Operations": -29610000.0,
        "Tax Provision": 57000.0,
        "Pretax Income": -29553000.0,
        "Other Income Expense": 770000.0,
        "Other Non Operating Income Expenses": -8000.0,
        "Special Income Charges": 101000.0,
        "Restructuring And Mergern Acquisition": -101000.0,
        "Gain On Sale Of Security": 677000.0,
        "Net Non Operating Interest Income Expense": 2064000.0,
        "Interest Expense Non Operating": NaN,
        "Interest Income Non Operating": 2064000.0,
        "Operating Income": -32387000.0,
        "Operating Expense": 38785000.0,
        "Depreciation Amortization Depletion Income Statement": 4958000.0,
        "Depreciation And Amortization In Income Statement": 4958000.0,
        "Selling General And Administration": 33827000.0,
        "General And Administrative Expense": 33827000.0,
        "Other Gand A": 33827000.0,
        "Gross Profit": 6398000.0,
        "Cost Of Revenue": 60221000.0,
        "Total Revenue": 66619000.0,
        "Operating Revenue": 66619000.0
    },
    "2024-09-30": {
        "Tax Effect Of Unusual Items": -689640.0,
        "Tax Rate For Calcs": 0.21,
        "Normalized EBITDA": -11920000.0,
        "Total Unusual Items": -3284000.0,
        "Total Unusual Items Excluding Goodwill": -3284000.0,
        "Net Income From Continuing Operation Net Minority Interest": -11709000.0,
        "Reconciled Depreciation": 16585000.0,
        "Reconciled Cost Of Revenue": 49625000.0,
        "EBITDA": -15204000.0,
        "EBIT": -31789000.0,
        "Net Interest Income": 1809000.0,
        "Interest Expense": NaN,
        "Interest Income": 1809000.0,
        "Normalized Income": -9114640.0,
        "Net Income From Continuing And Discontinued Operation": -11709000.0,
        "Total Expenses": 99324000.0,
        "Total Operating Income As Reported": -31789000.0,
        "Diluted Average Shares": 106206000.0,
        "Basic Average Shares": 106206000.0,
        "Diluted EPS": -0.11,
        "Basic EPS": -0.11,
        "Diluted NI Availto Com Stockholders": -11630000.0,
        "Net Income Common Stockholders": -11630000.0,
        "Otherunder Preferred Stock Dividend": -79000.0,
        "Net Income": -11709000.0,
        "Minority Interests": 21581000.0,
        "Net Income Including Noncontrolling Interests": -33290000.0,
        "Net Income Continuous Operations": -33290000.0,
        "Tax Provision": 25000.0,
        "Pretax Income": -33265000.0,
        "Other Income Expense": -3285000.0,
        "Other Non Operating Income Expenses": -1000.0,
        "Special Income Charges": -374000.0,
        "Restructuring And Mergern Acquisition": 374000.0,
        "Gain On Sale Of Security": -2910000.0,
        "Net Non Operating Interest Income Expense": 1809000.0,
        "Interest Expense Non Operating": NaN,
        "Interest Income Non Operating": 1809000.0,
        "Operating Income": -31789000.0,
        "Operating Expense": 38157000.0,
        "Depreciation Amortization Depletion Income Statement": 5043000.0,
        "Depreciation And Amortization In Income Statement": 5043000.0,
        "Selling General And Administration": 33114000.0,
        "General And Administrative Expense": 33114000.0,
        "Other Gand A": 33114000.0,
        "Gross Profit": 6368000.0,
        "Cost Of Revenue": 61167000.0,
        "Total Revenue": 67535000.0,
        "Operating Revenue": 67535000.0
    }
}