{
    "2023-03-31": {
        "Tax Effect Of Unusual Items": 250800.0,
        "Tax Rate For Calcs": 0.4,
        "Normalized EBITDA": -24267000.0,
        "Total Unusual Items": 627000.0,
        "Total Unusual Items Excluding Goodwill": 627000.0,
        "Net Income From Continuing Operation Net Minority Interest": -25341000.0,
        "Reconciled Depreciation": 445000.0,
        "EBITDA": -23640000.0,
        "EBIT": -24085000.0,
        "Net Interest Income": -1111000.0,
        "Interest Expense": 1111000.0,
        "Normalized Income": -25717200.0,
        "Net Income From Continuing And Discontinued Operation": -25341000.0,
        "Total Expenses": 24900000.0,
        "Total Operating Income As Reported": -24900000.0,
        "Diluted Average Shares": 5545291.0,
        "Basic Average Shares": 5545291.0,
        "Diluted EPS": -4.6,
        "Basic EPS": -4.6,
        "Diluted NI Availto Com Stockholders": -25341000.0,
        "Net Income Common Stockholders": -25341000.0,
        "Net Income": -25341000.0,
        "Net Income Including Noncontrolling Interests": -25341000.0,
        "Net Income Continuous Operations": -25341000.0,
        "Tax Provision": 145000.0,
        "Pretax Income": -25196000.0,
        "Other Income Expense": 815000.0,
        "Other Non Operating Income Expenses": 188000.0,
        "Special Income Charges": NaN,
        "Other Special Charges": NaN,
        "Impairment Of Capital Assets": NaN,
        "Gain On Sale Of Security": 627000.0,
        "Net Non Operating Interest Income Expense": -1111000.0,
        "Interest Expense Non Operating": 1111000.0,
        "Operating Income": -24900000.0,
        "Operating Expense": 24900000.0,
        "Research And Development": 17857000.0,
        "Selling General And Administration": 7043000.0,
        "General And Administrative Expense": 7043000.0,
        "Other Gand A": 2247000.0,
        "Salaries And Wages": 4796000.0,
        "Total Revenue": 0.0,
        "Operating Revenue": 0.0
    },
    "2022-12-31": {
        "Tax Effect Of Unusual Items": -208000.0,
        "Tax Rate For Calcs": 0.4,
        "Normalized EBITDA": -20640000.0,
        "Total Unusual Items": -520000.0,
        "Total Unusual Items Excluding Goodwill": -520000.0,
        "Net Income From Continuing Operation Net Minority Interest": -23541000.0,
        "Reconciled Depreciation": 523000.0,
        "EBITDA": -21160000.0,
        "EBIT": -21160000.0,
        "Net Interest Income": -1837000.0,
        "Interest Expense": 1837000.0,
        "Normalized Income": -23229000.0,
        "Net Income From Continuing And Discontinued Operation": -23541000.0,
        "Total Expenses": 21087000.0,
        "Total Operating Income As Reported": -21087000.0,
        "Diluted Average Shares": 5504422.0,
        "Basic Average Shares": 5504422.0,
        "Diluted EPS": -4.2,
        "Basic EPS": -4.2,
        "Diluted NI Availto Com Stockholders": -23541000.0,
        "Net Income Common Stockholders": -23541000.0,
        "Net Income": -23541000.0,
        "Net Income Including Noncontrolling Interests": -23541000.0,
        "Net Income Continuous Operations": -23541000.0,
        "Tax Provision": 544000.0,
        "Pretax Income": -22997000.0,
        "Other Income Expense": -73000.0,
        "Other Non Operating Income Expenses": 447000.0,
        "Special Income Charges": -520000.0,
        "Other Special Charges": 520000.0,
        "Impairment Of Capital Assets": NaN,
        "Gain On Sale Of Security": NaN,
        "Net Non Operating Interest Income Expense": -1837000.0,
        "Interest Expense Non Operating": 1837000.0,
        "Operating Income": -21087000.0,
        "Operating Expense": 21087000.0,
        "Research And Development": 16084000.0,
        "Selling General And Administration": 5003000.0,
        "General And Administrative Expense": 5003000.0,
        "Other Gand A": 5003000.0,
        "Salaries And Wages": 2601000.0,
        "Total Revenue": 0.0,
        "Operating Revenue": 0.0
    },
    "2022-09-30": {
        "Tax Effect Of Unusual Items": 0.0,
        "Tax Rate For Calcs": 0.4,
        "Normalized EBITDA": -29182000.0,
        "Total Unusual Items": 0.0,
        "Total Unusual Items Excluding Goodwill": 0.0,
        "Net Income From Continuing Operation Net Minority Interest": -30564000.0,
        "Reconciled Depreciation": 487000.0,
        "EBITDA": -29182000.0,
        "EBIT": -29669000.0,
        "Net Interest Income": -788000.0,
        "Interest Expense": 788000.0,
        "Normalized Income": -30564000.0,
        "Net Income From Continuing And Discontinued Operation": -30564000.0,
        "Total Expenses": 29054000.0,
        "Total Operating Income As Reported": -29054000.0,
        "Diluted Average Shares": 5402592.0,
        "Basic Average Shares": 5402592.0,
        "Diluted EPS": -5.6,
        "Basic EPS": -5.6,
        "Diluted NI Availto Com Stockholders": -30564000.0,
        "Net Income Common Stockholders": -30564000.0,
        "Net Income": -30564000.0,
        "Net Income Including Noncontrolling Interests": -30564000.0,
        "Net Income Continuous Operations": -30564000.0,
        "Tax Provision": 107000.0,
        "Pretax Income": -30457000.0,
        "Other Income Expense": -615000.0,
        "Other Non Operating Income Expenses": -615000.0,
        "Special Income Charges": 0.0,
        "Other Special Charges": NaN,
        "Impairment Of Capital Assets": NaN,
        "Gain On Sale Of Security": NaN,
        "Net Non Operating Interest Income Expense": -788000.0,
        "Interest Expense Non Operating": 788000.0,
        "Operating Income": -29054000.0,
        "Operating Expense": 29054000.0,
        "Research And Development": 21928000.0,
        "Selling General And Administration": 7126000.0,
        "General And Administrative Expense": 7126000.0,
        "Other Gand A": 2172000.0,
        "Salaries And Wages": 4954000.0,
        "Total Revenue": 0.0,
        "Operating Revenue": 0.0
    },
    "2022-06-30": {
        "Tax Effect Of Unusual Items": 0.0,
        "Tax Rate For Calcs": 0.4,
        "Normalized EBITDA": -28845000.0,
        "Total Unusual Items": 0.0,
        "Total Unusual Items Excluding Goodwill": 0.0,
        "Net Income From Continuing Operation Net Minority Interest": -30561000.0,
        "Reconciled Depreciation": 533000.0,
        "EBITDA": -28845000.0,
        "EBIT": -29378000.0,
        "Net Interest Income": -1020000.0,
        "Interest Expense": 1020000.0,
        "Normalized Income": -30561000.0,
        "Net Income From Continuing And Discontinued Operation": -30561000.0,
        "Total Expenses": 29587000.0,
        "Total Operating Income As Reported": -29587000.0,
        "Diluted Average Shares": 3785954.0,
        "Basic Average Shares": 3785954.0,
        "Diluted EPS": -8.07,
        "Basic EPS": -8.07,
        "Diluted NI Availto Com Stockholders": -30561000.0,
        "Net Income Common Stockholders": -30561000.0,
        "Net Income": -30561000.0,
        "Net Income Including Noncontrolling Interests": -30561000.0,
        "Net Income Continuous Operations": -30561000.0,
        "Tax Provision": 163000.0,
        "Pretax Income": -30398000.0,
        "Other Income Expense": 209000.0,
        "Other Non Operating Income Expenses": 209000.0,
        "Special Income Charges": 0.0,
        "Other Special Charges": NaN,
        "Impairment Of Capital Assets": NaN,
        "Gain On Sale Of Security": NaN,
        "Net Non Operating Interest Income Expense": -1020000.0,
        "Interest Expense Non Operating": 1020000.0,
        "Operating Income": -29587000.0,
        "Operating Expense": 29587000.0,
        "Research And Development": 21221000.0,
        "Selling General And Administration": 8366000.0,
        "General And Administrative Expense": 8366000.0,
        "Other Gand A": 2531000.0,
        "Salaries And Wages": 5835000.0,
        "Total Revenue": 0.0,
        "Operating Revenue": 0.0
    },
    "2022-03-31": {
        "Diluted EPS": -11.2,
        "Total Revenue": NaN,
        "Gross Profit": NaN,
        "Operating Income": -29,
        "EBIT": -28,
        "Net Income": -30
    },
    "2021-12-31": {
        "Diluted EPS": -10.8,
        "Total Revenue": NaN,
        "Gross Profit": NaN,
        "Operating Income": -28,
        "EBIT": -27,
        "Net Income": -29
    },
    "2021-09-30": {
        "Diluted EPS": -12.6,
        "Total Revenue": NaN,
        "Gross Profit": NaN,
        "Operating Income": -33,
        "EBIT": -32,
        "Net Income": -34
    },
    "2021-06-30": {
        "Diluted EPS": -11.8,
        "Total Revenue": NaN,
        "Gross Profit": NaN,
        "Operating Income": -28,
        "EBIT": -27,
        "Net Income": -32
    },
    "2021-03-31": {
        "Diluted EPS": -11.0,
        "Total Revenue": NaN,
        "Gross Profit": NaN,
        "Operating Income": -27,
        "EBIT": -27,
        "Net Income": -28
    },
    "2020-12-31": {
        "Diluted EPS": -11.6,
        "Total Revenue": NaN,
        "Gross Profit": NaN,
        "Operating Income": -28,
        "EBIT": -28,
        "Net Income": -29
    },
    "2020-09-30": {
        "Diluted EPS": -9.0,
        "Total Revenue": NaN,
        "Gross Profit": NaN,
        "Operating Income": -20,
        "EBIT": -20,
        "Net Income": -21
    },
    "2020-06-30": {
        "Diluted EPS": -12.6,
        "Total Revenue": NaN,
        "Gross Profit": NaN,
        "Operating Income": -20,
        "EBIT": -20,
        "Net Income": -21
    },
    "2020-03-31": {
        "Diluted EPS": -14.2,
        "Total Revenue": NaN,
        "Gross Profit": NaN,
        "Operating Income": -23,
        "EBIT": -23,
        "Net Income": -23
    },
    "2019-12-31": {
        "Diluted EPS": -14.2,
        "Total Revenue": NaN,
        "Gross Profit": NaN,
        "Operating Income": -23,
        "EBIT": -22,
        "Net Income": -23
    },
    "2019-09-30": {
        "Diluted EPS": -13.4,
        "Total Revenue": NaN,
        "Gross Profit": NaN,
        "Operating Income": -21,
        "EBIT": -21,
        "Net Income": -22
    },
    "2019-06-30": {
        "Diluted EPS": -13.0,
        "Total Revenue": NaN,
        "Gross Profit": NaN,
        "Operating Income": -21,
        "EBIT": -21,
        "Net Income": -21
    },
    "2019-03-31": {
        "Diluted EPS": -12.8,
        "Total Revenue": NaN,
        "Gross Profit": NaN,
        "Operating Income": -21,
        "EBIT": -21,
        "Net Income": -20
    },
    "2018-12-31": {
        "Diluted EPS": 37.2,
        "Total Revenue": NaN,
        "Gross Profit": NaN,
        "Operating Income": -16,
        "EBIT": -16,
        "Net Income": -15
    },
    "2018-09-30": {
        "Diluted EPS": -10.0,
        "Total Revenue": NaN,
        "Gross Profit": NaN,
        "Operating Income": -16,
        "EBIT": -16,
        "Net Income": -16
    },
    "2018-06-30": {
        "Diluted EPS": -17.0,
        "Total Revenue": NaN,
        "Gross Profit": NaN,
        "Operating Income": -15,
        "EBIT": -15,
        "Net Income": -17
    },
    "2018-03-31": {
        "Diluted EPS": -65.8,
        "Total Revenue": NaN,
        "Gross Profit": NaN,
        "Operating Income": -10,
        "EBIT": -10,
        "Net Income": -13
    },
    "2017-12-31": {
        "Diluted EPS": -51.8,
        "Total Revenue": NaN,
        "Gross Profit": NaN,
        "Operating Income": -8,
        "EBIT": -8,
        "Net Income": -8
    },
    "2017-09-30": {
        "Diluted EPS": -52.2,
        "Total Revenue": NaN,
        "Gross Profit": NaN,
        "Operating Income": -8,
        "EBIT": -8,
        "Net Income": -10
    },
    "2017-06-30": {
        "Diluted EPS": -41.8,
        "Total Revenue": NaN,
        "Gross Profit": NaN,
        "Operating Income": -6,
        "EBIT": -6,
        "Net Income": -8
    },
    "2017-03-31": {
        "Diluted EPS": -36.2,
        "Total Revenue": NaN,
        "Gross Profit": NaN,
        "Operating Income": -5,
        "EBIT": -5,
        "Net Income": -7
    },
    "2016-12-31": {
        "Diluted EPS": 0.0,
        "Total Revenue": NaN,
        "Gross Profit": NaN,
        "Operating Income": NaN,
        "EBIT": NaN,
        "Net Income": NaN
    },
    "2023-06-30": {
        "Tax Effect Of Unusual Items": -644800.0,
        "Tax Rate For Calcs": 0.4,
        "Normalized EBITDA": -17465000.0,
        "Total Unusual Items": -1612000.0,
        "Total Unusual Items Excluding Goodwill": -1612000.0,
        "Net Income From Continuing Operation Net Minority Interest": -21103000.0,
        "Reconciled Depreciation": 424000.0,
        "EBITDA": -19077000.0,
        "EBIT": -19501000.0,
        "Net Interest Income": -1369000.0,
        "Interest Expense": 1369000.0,
        "Normalized Income": -20135800.0,
        "Net Income From Continuing And Discontinued Operation": -21103000.0,
        "Total Expenses": 17958000.0,
        "Total Operating Income As Reported": -19574000.0,
        "Diluted Average Shares": 5578767.0,
        "Basic Average Shares": 5578767.0,
        "Diluted EPS": -3.78,
        "Basic EPS": -3.78,
        "Diluted NI Availto Com Stockholders": -21103000.0,
        "Net Income Common Stockholders": -21103000.0,
        "Net Income": -21103000.0,
        "Net Income Including Noncontrolling Interests": -21103000.0,
        "Net Income Continuous Operations": -21103000.0,
        "Tax Provision": 233000.0,
        "Pretax Income": -20870000.0,
        "Other Income Expense": -1543000.0,
        "Other Non Operating Income Expenses": 69000.0,
        "Special Income Charges": -1616000.0,
        "Other Special Charges": NaN,
        "Impairment Of Capital Assets": 1616000.0,
        "Gain On Sale Of Security": 4000.0,
        "Net Non Operating Interest Income Expense": -1369000.0,
        "Interest Expense Non Operating": 1369000.0,
        "Operating Income": -17958000.0,
        "Operating Expense": 17958000.0,
        "Research And Development": 13043000.0,
        "Selling General And Administration": 4915000.0,
        "General And Administrative Expense": 4915000.0,
        "Other Gand A": 2735000.0,
        "Salaries And Wages": 2180000.0,
        "Total Revenue": 0.0,
        "Operating Revenue": 0.0
    }
}