{
    "2023-03-31": {
        "Tax Effect Of Unusual Items": NaN,
        "Tax Rate For Calcs": NaN,
        "Normalized EBITDA": NaN,
        "Total Unusual Items": NaN,
        "Total Unusual Items Excluding Goodwill": NaN,
        "Net Income From Continuing Operation Net Minority Interest": NaN,
        "Reconciled Depreciation": NaN,
        "Reconciled Cost Of Revenue": NaN,
        "EBITDA": NaN,
        "EBIT": NaN,
        "Net Interest Income": NaN,
        "Interest Expense": NaN,
        "Interest Income": NaN,
        "Normalized Income": NaN,
        "Net Income From Continuing And Discontinued Operation": NaN,
        "Total Expenses": NaN,
        "Total Operating Income As Reported": NaN,
        "Diluted Average Shares": 146433378.0,
        "Basic Average Shares": 146433378.0,
        "Diluted EPS": -0.2,
        "Basic EPS": -0.2,
        "Diluted NI Availto Com Stockholders": NaN,
        "Net Income Common Stockholders": NaN,
        "Net Income": NaN,
        "Net Income Including Noncontrolling Interests": NaN,
        "Net Income Continuous Operations": NaN,
        "Pretax Income": NaN,
        "Other Income Expense": NaN,
        "Other Non Operating Income Expenses": NaN,
        "Special Income Charges": NaN,
        "Other Special Charges": 626000.0,
        "Impairment Of Capital Assets": NaN,
        "Restructuring And Mergern Acquisition": NaN,
        "Gain On Sale Of Security": NaN,
        "Net Non Operating Interest Income Expense": NaN,
        "Interest Expense Non Operating": NaN,
        "Interest Income Non Operating": NaN,
        "Operating Income": NaN,
        "Operating Expense": NaN,
        "Other Taxes": 90000.0,
        "Research And Development": NaN,
        "Selling General And Administration": NaN,
        "Selling And Marketing Expense": NaN,
        "General And Administrative Expense": NaN,
        "Other Gand A": NaN,
        "Insurance And Claims": NaN,
        "Salaries And Wages": NaN,
        "Gross Profit": NaN,
        "Cost Of Revenue": NaN,
        "Total Revenue": NaN,
        "Operating Revenue": NaN
    },
    "2022-12-31": {
        "Tax Effect Of Unusual Items": NaN,
        "Tax Rate For Calcs": NaN,
        "Normalized EBITDA": NaN,
        "Total Unusual Items": NaN,
        "Total Unusual Items Excluding Goodwill": NaN,
        "Net Income From Continuing Operation Net Minority Interest": NaN,
        "Reconciled Depreciation": NaN,
        "Reconciled Cost Of Revenue": NaN,
        "EBITDA": NaN,
        "EBIT": NaN,
        "Net Interest Income": NaN,
        "Interest Expense": NaN,
        "Interest Income": NaN,
        "Normalized Income": NaN,
        "Net Income From Continuing And Discontinued Operation": NaN,
        "Total Expenses": NaN,
        "Total Operating Income As Reported": NaN,
        "Diluted Average Shares": NaN,
        "Basic Average Shares": NaN,
        "Diluted EPS": NaN,
        "Basic EPS": NaN,
        "Diluted NI Availto Com Stockholders": NaN,
        "Net Income Common Stockholders": NaN,
        "Net Income": NaN,
        "Net Income Including Noncontrolling Interests": NaN,
        "Net Income Continuous Operations": NaN,
        "Pretax Income": NaN,
        "Other Income Expense": NaN,
        "Other Non Operating Income Expenses": NaN,
        "Special Income Charges": NaN,
        "Other Special Charges": NaN,
        "Impairment Of Capital Assets": NaN,
        "Restructuring And Mergern Acquisition": NaN,
        "Gain On Sale Of Security": NaN,
        "Net Non Operating Interest Income Expense": NaN,
        "Interest Expense Non Operating": NaN,
        "Interest Income Non Operating": NaN,
        "Operating Income": NaN,
        "Operating Expense": NaN,
        "Other Taxes": -161000.0,
        "Research And Development": NaN,
        "Selling General And Administration": NaN,
        "Selling And Marketing Expense": NaN,
        "General And Administrative Expense": NaN,
        "Other Gand A": NaN,
        "Insurance And Claims": NaN,
        "Salaries And Wages": NaN,
        "Gross Profit": NaN,
        "Cost Of Revenue": NaN,
        "Total Revenue": NaN,
        "Operating Revenue": NaN
    },
    "2022-09-30": {
        "Tax Effect Of Unusual Items": NaN,
        "Tax Rate For Calcs": NaN,
        "Normalized EBITDA": NaN,
        "Total Unusual Items": NaN,
        "Total Unusual Items Excluding Goodwill": NaN,
        "Net Income From Continuing Operation Net Minority Interest": NaN,
        "Reconciled Depreciation": NaN,
        "Reconciled Cost Of Revenue": NaN,
        "EBITDA": NaN,
        "EBIT": NaN,
        "Net Interest Income": NaN,
        "Interest Expense": NaN,
        "Interest Income": NaN,
        "Normalized Income": NaN,
        "Net Income From Continuing And Discontinued Operation": NaN,
        "Total Expenses": NaN,
        "Total Operating Income As Reported": NaN,
        "Diluted Average Shares": NaN,
        "Basic Average Shares": NaN,
        "Diluted EPS": NaN,
        "Basic EPS": NaN,
        "Diluted NI Availto Com Stockholders": NaN,
        "Average Dilution Earnings": 0.0,
        "Net Income Common Stockholders": NaN,
        "Net Income": NaN,
        "Net Income Including Noncontrolling Interests": NaN,
        "Net Income Continuous Operations": NaN,
        "Pretax Income": NaN,
        "Other Income Expense": NaN,
        "Other Non Operating Income Expenses": NaN,
        "Special Income Charges": NaN,
        "Other Special Charges": NaN,
        "Impairment Of Capital Assets": NaN,
        "Restructuring And Mergern Acquisition": NaN,
        "Gain On Sale Of Security": NaN,
        "Net Non Operating Interest Income Expense": NaN,
        "Interest Expense Non Operating": NaN,
        "Interest Income Non Operating": NaN,
        "Operating Income": NaN,
        "Operating Expense": NaN,
        "Other Taxes": 214000.0,
        "Research And Development": NaN,
        "Selling General And Administration": NaN,
        "Selling And Marketing Expense": NaN,
        "General And Administrative Expense": NaN,
        "Other Gand A": NaN,
        "Insurance And Claims": NaN,
        "Salaries And Wages": NaN,
        "Gross Profit": NaN,
        "Cost Of Revenue": NaN,
        "Total Revenue": NaN,
        "Operating Revenue": NaN
    },
    "2022-06-30": {
        "Tax Effect Of Unusual Items": 0.0,
        "Tax Rate For Calcs": 0.0,
        "Normalized EBITDA": -24499000.0,
        "Total Unusual Items": -1028000.0,
        "Total Unusual Items Excluding Goodwill": -1028000.0,
        "Net Income From Continuing Operation Net Minority Interest": -25686000.0,
        "Reconciled Depreciation": 1402000.0,
        "Reconciled Cost Of Revenue": 8517000.0,
        "EBITDA": -25527000.0,
        "EBIT": -25527000.0,
        "Net Interest Income": 332000.0,
        "Interest Expense": 159000.0,
        "Interest Income": 491000.0,
        "Normalized Income": -24658000.0,
        "Net Income From Continuing And Discontinued Operation": -25686000.0,
        "Total Expenses": 34036000.0,
        "Total Operating Income As Reported": -25282000.0,
        "Diluted Average Shares": 143552032.0,
        "Basic Average Shares": 143552032.0,
        "Diluted EPS": -0.18,
        "Basic EPS": -0.18,
        "Diluted NI Availto Com Stockholders": -25686000.0,
        "Average Dilution Earnings": NaN,
        "Net Income Common Stockholders": -25686000.0,
        "Net Income": -25686000.0,
        "Net Income Including Noncontrolling Interests": -25686000.0,
        "Net Income Continuous Operations": -25686000.0,
        "Pretax Income": -25686000.0,
        "Other Income Expense": -1052000.0,
        "Other Non Operating Income Expenses": -24000.0,
        "Special Income Charges": -885000.0,
        "Other Special Charges": NaN,
        "Impairment Of Capital Assets": 316000.0,
        "Restructuring And Mergern Acquisition": 569000.0,
        "Gain On Sale Of Security": -143000.0,
        "Net Non Operating Interest Income Expense": 332000.0,
        "Interest Expense Non Operating": 159000.0,
        "Interest Income Non Operating": 491000.0,
        "Operating Income": -24966000.0,
        "Operating Expense": 25519000.0,
        "Other Taxes": 13000.0,
        "Research And Development": 4156000.0,
        "Selling General And Administration": 21363000.0,
        "Selling And Marketing Expense": 11751000.0,
        "General And Administrative Expense": 9612000.0,
        "Other Gand A": 9612000.0,
        "Insurance And Claims": 1380000.0,
        "Salaries And Wages": 11602000.0,
        "Gross Profit": 553000.0,
        "Cost Of Revenue": 8517000.0,
        "Total Revenue": 9070000.0,
        "Operating Revenue": 9070000.0
    },
    "2022-03-31": {
        "Diluted EPS": -0.1,
        "Total Revenue": 9,
        "Gross Profit": 1,
        "Operating Income": -24,
        "EBIT": -23,
        "Net Income": -14
    },
    "2021-12-31": {
        "Diluted EPS": 2.96,
        "Total Revenue": 6,
        "Gross Profit": -1,
        "Operating Income": -20,
        "EBIT": -19,
        "Net Income": 5
    },
    "2021-09-30": {
        "Diluted EPS": 0.14,
        "Total Revenue": 8,
        "Gross Profit": 3,
        "Operating Income": -19,
        "EBIT": -19,
        "Net Income": 21
    },
    "2021-06-30": {
        "Diluted EPS": -1.93,
        "Total Revenue": 5,
        "Gross Profit": 1,
        "Operating Income": -7,
        "EBIT": -6,
        "Net Income": -23
    },
    "2021-03-31": {
        "Diluted EPS": -1.32,
        "Total Revenue": 4,
        "Gross Profit": 1,
        "Operating Income": -9,
        "EBIT": -9,
        "Net Income": -14
    },
    "2020-12-31": {
        "Diluted EPS": -2.37,
        "Total Revenue": 3,
        "Gross Profit": 1,
        "Operating Income": -21,
        "EBIT": -20,
        "Net Income": -21
    },
    "2020-09-30": {
        "Diluted EPS": -0.7,
        "Total Revenue": 1,
        "Gross Profit": 1,
        "Operating Income": -6,
        "EBIT": -6,
        "Net Income": -6
    },
    "2020-06-30": {
        "Diluted EPS": 0.0,
        "Total Revenue": NaN,
        "Gross Profit": NaN,
        "Operating Income": 0,
        "EBIT": 0,
        "Net Income": 0
    },
    "2020-03-31": {
        "Diluted EPS": 0.0,
        "Total Revenue": NaN,
        "Gross Profit": NaN,
        "Operating Income": 0,
        "EBIT": 0,
        "Net Income": 0
    },
    "2023-06-30": {
        "Tax Effect Of Unusual Items": 0.0,
        "Tax Rate For Calcs": 0.0,
        "Normalized EBITDA": -19366000.0,
        "Total Unusual Items": -45116000.0,
        "Total Unusual Items Excluding Goodwill": -45116000.0,
        "Net Income From Continuing Operation Net Minority Interest": -66754000.0,
        "Reconciled Depreciation": 2272000.0,
        "Reconciled Cost Of Revenue": 12412000.0,
        "EBITDA": -64482000.0,
        "EBIT": -66754000.0,
        "Net Interest Income": 1853000.0,
        "Interest Expense": 0.0,
        "Interest Income": 1853000.0,
        "Normalized Income": -21638000.0,
        "Net Income From Continuing And Discontinued Operation": -66754000.0,
        "Total Expenses": 43294000.0,
        "Total Operating Income As Reported": -23626000.0,
        "Diluted Average Shares": 148882160.0,
        "Basic Average Shares": 148882160.0,
        "Diluted EPS": -0.45,
        "Basic EPS": -0.45,
        "Diluted NI Availto Com Stockholders": -66754000.0,
        "Net Income Common Stockholders": -66754000.0,
        "Net Income": -66754000.0,
        "Net Income Including Noncontrolling Interests": -66754000.0,
        "Net Income Continuous Operations": -66754000.0,
        "Pretax Income": -66754000.0,
        "Other Income Expense": -45138000.0,
        "Other Non Operating Income Expenses": -22000.0,
        "Special Income Charges": -33365000.0,
        "Other Special Charges": NaN,
        "Impairment Of Capital Assets": 157000.0,
        "Restructuring And Mergern Acquisition": 33208000.0,
        "Gain On Sale Of Security": -11751000.0,
        "Net Non Operating Interest Income Expense": 1853000.0,
        "Interest Expense Non Operating": 0.0,
        "Interest Income Non Operating": 1853000.0,
        "Operating Income": -23469000.0,
        "Operating Expense": 30882000.0,
        "Research And Development": 6395000.0,
        "Selling General And Administration": 24487000.0,
        "Selling And Marketing Expense": 2786000.0,
        "General And Administrative Expense": 21701000.0,
        "Other Gand A": 4237000.0,
        "Insurance And Claims": 1093000.0,
        "Salaries And Wages": 16371000.0,
        "Gross Profit": 7413000.0,
        "Cost Of Revenue": 12412000.0,
        "Total Revenue": 19825000.0,
        "Operating Revenue": 19825000.0
    },
    "2023-09-30": {
        "Tax Effect Of Unusual Items": 5141430.0,
        "Tax Rate For Calcs": 0.21,
        "Normalized EBITDA": -15790000.0,
        "Total Unusual Items": 24483000.0,
        "Total Unusual Items Excluding Goodwill": 24483000.0,
        "Net Income From Continuing Operation Net Minority Interest": 5999000.0,
        "Reconciled Depreciation": 2694000.0,
        "Reconciled Cost Of Revenue": 8801000.0,
        "EBITDA": 8693000.0,
        "EBIT": 5999000.0,
        "Net Interest Income": 1791000.0,
        "Interest Expense": 0.0,
        "Interest Income": 1791000.0,
        "Normalized Income": -13342570.0,
        "Net Income From Continuing And Discontinued Operation": 5999000.0,
        "Total Expenses": 40402000.0,
        "Total Operating Income As Reported": -20239000.0,
        "Diluted Average Shares": 173976375.0,
        "Basic Average Shares": 150206893.0,
        "Diluted EPS": 0.03,
        "Basic EPS": 0.04,
        "Diluted NI Availto Com Stockholders": 5999000.0,
        "Net Income Common Stockholders": 5999000.0,
        "Net Income": 5999000.0,
        "Net Income Including Noncontrolling Interests": 5999000.0,
        "Net Income Continuous Operations": 5999000.0,
        "Pretax Income": 5999000.0,
        "Other Income Expense": 24419000.0,
        "Other Non Operating Income Expenses": -64000.0,
        "Special Income Charges": 16327000.0,
        "Other Special Charges": NaN,
        "Impairment Of Capital Assets": 28000.0,
        "Restructuring And Mergern Acquisition": -16355000.0,
        "Gain On Sale Of Security": 8156000.0,
        "Net Non Operating Interest Income Expense": 1791000.0,
        "Interest Expense Non Operating": 0.0,
        "Interest Income Non Operating": 1791000.0,
        "Operating Income": -20211000.0,
        "Operating Expense": 31601000.0,
        "Research And Development": 6409000.0,
        "Selling General And Administration": 25192000.0,
        "Selling And Marketing Expense": 3643000.0,
        "General And Administrative Expense": 21549000.0,
        "Other Gand A": 5248000.0,
        "Insurance And Claims": 708000.0,
        "Salaries And Wages": 15593000.0,
        "Gross Profit": 11390000.0,
        "Cost Of Revenue": 8801000.0,
        "Total Revenue": 20191000.0,
        "Operating Revenue": 20191000.0
    },
    "2023-12-31": {
        "Tax Effect Of Unusual Items": 0.0,
        "Tax Rate For Calcs": 0.0,
        "Normalized EBITDA": -17142000.0,
        "Total Unusual Items": 3454000.0,
        "Total Unusual Items Excluding Goodwill": 3454000.0,
        "Net Income From Continuing Operation Net Minority Interest": -16890000.0,
        "Reconciled Depreciation": 3151000.0,
        "Reconciled Cost Of Revenue": 11560000.0,
        "EBITDA": -13688000.0,
        "EBIT": -16839000.0,
        "Net Interest Income": 1630000.0,
        "Interest Expense": 0.0,
        "Interest Income": 1630000.0,
        "Normalized Income": -20344000.0,
        "Net Income From Continuing And Discontinued Operation": -16890000.0,
        "Total Expenses": 43727000.0,
        "Total Operating Income As Reported": -21906000.0,
        "Diluted Average Shares": NaN,
        "Basic Average Shares": NaN,
        "Diluted EPS": NaN,
        "Basic EPS": NaN,
        "Diluted NI Availto Com Stockholders": -16890000.0,
        "Net Income Common Stockholders": -16890000.0,
        "Net Income": -16890000.0,
        "Net Income Including Noncontrolling Interests": -16890000.0,
        "Net Income Continuous Operations": -16890000.0,
        "Pretax Income": -16839000.0,
        "Other Income Expense": 3437000.0,
        "Other Non Operating Income Expenses": -17000.0,
        "Special Income Charges": 2874000.0,
        "Other Special Charges": 0.0,
        "Impairment Of Capital Assets": 0.0,
        "Restructuring And Mergern Acquisition": -2874000.0,
        "Gain On Sale Of Security": 580000.0,
        "Net Non Operating Interest Income Expense": 1630000.0,
        "Interest Expense Non Operating": 0.0,
        "Interest Income Non Operating": 1630000.0,
        "Operating Income": -21906000.0,
        "Operating Expense": 32167000.0,
        "Research And Development": 6262000.0,
        "Selling General And Administration": 25905000.0,
        "Selling And Marketing Expense": 3141000.0,
        "General And Administrative Expense": 22764000.0,
        "Other Gand A": 4850000.0,
        "Insurance And Claims": 650000.0,
        "Salaries And Wages": 17264000.0,
        "Gross Profit": 10261000.0,
        "Cost Of Revenue": 11560000.0,
        "Total Revenue": 21821000.0,
        "Operating Revenue": 21821000.0
    },
    "2024-03-31": {
        "Tax Effect Of Unusual Items": 0.0,
        "Tax Rate For Calcs": 0.0,
        "Normalized EBITDA": -17747000.0,
        "Total Unusual Items": 9577000.0,
        "Total Unusual Items Excluding Goodwill": 9577000.0,
        "Net Income From Continuing Operation Net Minority Interest": -11644000.0,
        "Reconciled Depreciation": 3474000.0,
        "Reconciled Cost Of Revenue": 9896000.0,
        "EBITDA": -8170000.0,
        "EBIT": -11644000.0,
        "Net Interest Income": 1085000.0,
        "Interest Expense": 0.0,
        "Interest Income": 1085000.0,
        "Normalized Income": -21221000.0,
        "Net Income From Continuing And Discontinued Operation": -11644000.0,
        "Total Expenses": 43946000.0,
        "Total Operating Income As Reported": -22278000.0,
        "Diluted Average Shares": 153076719.0,
        "Basic Average Shares": 153076719.0,
        "Diluted EPS": -0.08,
        "Basic EPS": -0.08,
        "Diluted NI Availto Com Stockholders": -11644000.0,
        "Net Income Common Stockholders": -11644000.0,
        "Net Income": -11644000.0,
        "Net Income Including Noncontrolling Interests": -11644000.0,
        "Net Income Continuous Operations": -11644000.0,
        "Pretax Income": -11644000.0,
        "Other Income Expense": 9549000.0,
        "Other Non Operating Income Expenses": -28000.0,
        "Special Income Charges": 7426000.0,
        "Other Special Charges": NaN,
        "Impairment Of Capital Assets": 0.0,
        "Restructuring And Mergern Acquisition": -7426000.0,
        "Gain On Sale Of Security": 2151000.0,
        "Net Non Operating Interest Income Expense": 1085000.0,
        "Interest Expense Non Operating": 0.0,
        "Interest Income Non Operating": 1085000.0,
        "Operating Income": -22278000.0,
        "Operating Expense": 34050000.0,
        "Research And Development": 6205000.0,
        "Selling General And Administration": 27845000.0,
        "Selling And Marketing Expense": 3054000.0,
        "General And Administrative Expense": 24791000.0,
        "Other Gand A": 5819000.0,
        "Insurance And Claims": 742000.0,
        "Salaries And Wages": 18230000.0,
        "Gross Profit": 11772000.0,
        "Cost Of Revenue": 9896000.0,
        "Total Revenue": 21668000.0,
        "Operating Revenue": 21668000.0
    },
    "2024-06-30": {
        "Tax Effect Of Unusual Items": 5280870.0,
        "Tax Rate For Calcs": 0.21,
        "Normalized EBITDA": -17717000.0,
        "Total Unusual Items": 25147000.0,
        "Total Unusual Items Excluding Goodwill": 25147000.0,
        "Net Income From Continuing Operation Net Minority Interest": 3462000.0,
        "Reconciled Depreciation": 3968000.0,
        "Reconciled Cost Of Revenue": 11068000.0,
        "EBITDA": 7430000.0,
        "EBIT": 3462000.0,
        "Net Interest Income": 681000.0,
        "Interest Expense": 0.0,
        "Interest Income": 681000.0,
        "Normalized Income": -16404130.0,
        "Net Income From Continuing And Discontinued Operation": 3462000.0,
        "Total Expenses": 47867000.0,
        "Total Operating Income As Reported": -22327000.0,
        "Diluted Average Shares": 171563943.0,
        "Basic Average Shares": 156473080.0,
        "Diluted EPS": 0.02,
        "Basic EPS": 0.02,
        "Diluted NI Availto Com Stockholders": 3421000.0,
        "Net Income Common Stockholders": 3462000.0,
        "Net Income": 3462000.0,
        "Net Income Including Noncontrolling Interests": 3462000.0,
        "Net Income Continuous Operations": 3462000.0,
        "Pretax Income": 3462000.0,
        "Other Income Expense": 25108000.0,
        "Other Non Operating Income Expenses": -39000.0,
        "Special Income Charges": 20261000.0,
        "Other Special Charges": NaN,
        "Impairment Of Capital Assets": 0.0,
        "Restructuring And Mergern Acquisition": -20261000.0,
        "Gain On Sale Of Security": 4886000.0,
        "Net Non Operating Interest Income Expense": 681000.0,
        "Interest Expense Non Operating": 0.0,
        "Interest Income Non Operating": 681000.0,
        "Operating Income": -22327000.0,
        "Operating Expense": 36799000.0,
        "Research And Development": 5722000.0,
        "Selling General And Administration": 31077000.0,
        "Selling And Marketing Expense": 3498000.0,
        "General And Administrative Expense": 27579000.0,
        "Other Gand A": 7381000.0,
        "Insurance And Claims": 766000.0,
        "Salaries And Wages": 19432000.0,
        "Gross Profit": 14472000.0,
        "Cost Of Revenue": 11068000.0,
        "Total Revenue": 25540000.0,
        "Operating Revenue": 25540000.0
    }
}