{
    "2023-03-31": {
        "Tax Effect Of Unusual Items": 0.0,
        "Tax Rate For Calcs": 0.0,
        "Normalized EBITDA": -2119782.0,
        "Total Unusual Items": NaN,
        "Total Unusual Items Excluding Goodwill": NaN,
        "Net Income From Continuing Operation Net Minority Interest": -2243070.0,
        "Reconciled Cost Of Revenue": 50591.0,
        "EBITDA": -2119782.0,
        "EBIT": -2119782.0,
        "Net Interest Income": -87957.0,
        "Interest Expense": 123288.0,
        "Interest Income": 35331.0,
        "Normalized Income": -2243070.0,
        "Net Income From Continuing And Discontinued Operation": -2243070.0,
        "Total Expenses": 2965521.0,
        "Total Operating Income As Reported": -2155113.0,
        "Diluted Average Shares": 3343070.0,
        "Basic Average Shares": 3343070.0,
        "Diluted EPS": -0.67,
        "Basic EPS": -0.67,
        "Diluted NI Availto Com Stockholders": -2243070.0,
        "Net Income Common Stockholders": -2243070.0,
        "Net Income": -2243070.0,
        "Net Income Including Noncontrolling Interests": -2243070.0,
        "Net Income Continuous Operations": -2243070.0,
        "Pretax Income": -2243070.0,
        "Special Income Charges": NaN,
        "Net Non Operating Interest Income Expense": -87957.0,
        "Interest Expense Non Operating": 123288.0,
        "Interest Income Non Operating": 35331.0,
        "Operating Income": -2155113.0,
        "Operating Expense": 2914930.0,
        "Research And Development": 66990.0,
        "Selling General And Administration": 2847940.0,
        "General And Administrative Expense": NaN,
        "Other Gand A": NaN,
        "Salaries And Wages": NaN,
        "Gross Profit": 759817.0,
        "Cost Of Revenue": 50591.0,
        "Total Revenue": 810408.0,
        "Operating Revenue": 810408.0
    },
    "2022-12-31": {
        "Tax Effect Of Unusual Items": 0.0,
        "Tax Rate For Calcs": 0.0,
        "Normalized EBITDA": -1677194.0,
        "Total Unusual Items": 0.0,
        "Total Unusual Items Excluding Goodwill": 0.0,
        "Net Income From Continuing Operation Net Minority Interest": -1803221.0,
        "Reconciled Cost Of Revenue": 190084.0,
        "EBITDA": -1677194.0,
        "EBIT": -1677194.0,
        "Net Interest Income": -93439.0,
        "Interest Expense": 126027.0,
        "Interest Income": 32588.0,
        "Normalized Income": -1803221.0,
        "Net Income From Continuing And Discontinued Operation": -1803221.0,
        "Total Expenses": 2506152.0,
        "Total Operating Income As Reported": -1709782.0,
        "Diluted Average Shares": 3343069.0,
        "Basic Average Shares": 3343069.0,
        "Diluted EPS": -0.53,
        "Basic EPS": -0.53,
        "Diluted NI Availto Com Stockholders": -1803221.0,
        "Net Income Common Stockholders": -1803221.0,
        "Net Income": -1803221.0,
        "Net Income Including Noncontrolling Interests": -1803221.0,
        "Net Income Continuous Operations": -1803221.0,
        "Pretax Income": -1803221.0,
        "Special Income Charges": 0.0,
        "Net Non Operating Interest Income Expense": -93439.0,
        "Interest Expense Non Operating": 126027.0,
        "Interest Income Non Operating": 32588.0,
        "Operating Income": -1709782.0,
        "Operating Expense": 2316068.0,
        "Research And Development": 27207.0,
        "Selling General And Administration": 2288861.0,
        "General And Administrative Expense": NaN,
        "Other Gand A": NaN,
        "Salaries And Wages": NaN,
        "Gross Profit": 606286.0,
        "Cost Of Revenue": 190084.0,
        "Total Revenue": 796370.0,
        "Operating Revenue": 796370.0
    },
    "2022-09-30": {
        "Tax Effect Of Unusual Items": 0.0,
        "Tax Rate For Calcs": 0.0,
        "Normalized EBITDA": -1887837.0,
        "Total Unusual Items": 0.0,
        "Total Unusual Items Excluding Goodwill": 0.0,
        "Net Income From Continuing Operation Net Minority Interest": -2013864.0,
        "Reconciled Cost Of Revenue": 89775.0,
        "EBITDA": -1887837.0,
        "EBIT": -1887837.0,
        "Net Interest Income": -101313.0,
        "Interest Expense": 126027.0,
        "Interest Income": 24714.0,
        "Normalized Income": -2013864.0,
        "Net Income From Continuing And Discontinued Operation": -2013864.0,
        "Total Expenses": 2744651.0,
        "Total Operating Income As Reported": -1912551.0,
        "Diluted Average Shares": 3343070.0,
        "Basic Average Shares": 3343070.0,
        "Diluted EPS": -0.6,
        "Basic EPS": -0.6,
        "Diluted NI Availto Com Stockholders": -2013864.0,
        "Net Income Common Stockholders": -2013864.0,
        "Net Income": -2013864.0,
        "Net Income Including Noncontrolling Interests": -2013864.0,
        "Net Income Continuous Operations": -2013864.0,
        "Pretax Income": -2013864.0,
        "Special Income Charges": 0.0,
        "Net Non Operating Interest Income Expense": -101313.0,
        "Interest Expense Non Operating": 126027.0,
        "Interest Income Non Operating": 24714.0,
        "Operating Income": -1912551.0,
        "Operating Expense": 2654876.0,
        "Research And Development": 40388.0,
        "Selling General And Administration": 2614488.0,
        "General And Administrative Expense": NaN,
        "Other Gand A": NaN,
        "Salaries And Wages": NaN,
        "Gross Profit": 742325.0,
        "Cost Of Revenue": 89775.0,
        "Total Revenue": 832100.0,
        "Operating Revenue": 832100.0
    },
    "2022-06-30": {
        "Tax Effect Of Unusual Items": 0.0,
        "Tax Rate For Calcs": 0.0,
        "Normalized EBITDA": -2108722.0,
        "Total Unusual Items": 0.0,
        "Total Unusual Items Excluding Goodwill": 0.0,
        "Net Income From Continuing Operation Net Minority Interest": -2233380.0,
        "Reconciled Cost Of Revenue": 67774.0,
        "EBITDA": -2108722.0,
        "EBIT": -2108722.0,
        "Net Interest Income": -120748.0,
        "Interest Expense": 124658.0,
        "Interest Income": 3910.0,
        "Normalized Income": -2233380.0,
        "Net Income From Continuing And Discontinued Operation": -2233380.0,
        "Total Expenses": 2574427.0,
        "Total Operating Income As Reported": -2112632.0,
        "Diluted Average Shares": 3156925.0,
        "Basic Average Shares": 3156925.0,
        "Diluted EPS": -0.71,
        "Basic EPS": -0.71,
        "Diluted NI Availto Com Stockholders": -2233380.0,
        "Net Income Common Stockholders": -2233380.0,
        "Net Income": -2233380.0,
        "Net Income Including Noncontrolling Interests": -2233380.0,
        "Net Income Continuous Operations": -2233380.0,
        "Pretax Income": -2233380.0,
        "Special Income Charges": 0.0,
        "Net Non Operating Interest Income Expense": -120748.0,
        "Interest Expense Non Operating": 124658.0,
        "Interest Income Non Operating": 3910.0,
        "Operating Income": -2112632.0,
        "Operating Expense": 2506653.0,
        "Research And Development": 191478.0,
        "Selling General And Administration": 2315175.0,
        "General And Administrative Expense": NaN,
        "Other Gand A": NaN,
        "Salaries And Wages": NaN,
        "Gross Profit": 394021.0,
        "Cost Of Revenue": 67774.0,
        "Total Revenue": 461795.0,
        "Operating Revenue": 461795.0
    },
    "2022-03-31": {
        "Diluted EPS": -0.8,
        "Total Revenue": 0,
        "Gross Profit": 0,
        "Operating Income": -2,
        "EBIT": -2,
        "Net Income": -2
    },
    "2021-12-31": {
        "Diluted EPS": -0.64,
        "Total Revenue": 0,
        "Gross Profit": 0,
        "Operating Income": -2,
        "EBIT": -2,
        "Net Income": -2
    },
    "2021-09-30": {
        "Diluted EPS": -0.73,
        "Total Revenue": 1,
        "Gross Profit": 1,
        "Operating Income": -2,
        "EBIT": -2,
        "Net Income": -2
    },
    "2021-06-30": {
        "Diluted EPS": -0.85,
        "Total Revenue": 0,
        "Gross Profit": 0,
        "Operating Income": -2,
        "EBIT": -2,
        "Net Income": -2
    },
    "2021-03-31": {
        "Diluted EPS": -0.96,
        "Total Revenue": 0,
        "Gross Profit": 0,
        "Operating Income": -3,
        "EBIT": -3,
        "Net Income": -3
    },
    "2020-12-31": {
        "Diluted EPS": -1.08,
        "Total Revenue": NaN,
        "Gross Profit": NaN,
        "Operating Income": -2,
        "EBIT": -2,
        "Net Income": -2
    },
    "2020-09-30": {
        "Diluted EPS": -0.96,
        "Total Revenue": NaN,
        "Gross Profit": NaN,
        "Operating Income": -2,
        "EBIT": -2,
        "Net Income": -2
    },
    "2020-06-30": {
        "Diluted EPS": -3.36,
        "Total Revenue": NaN,
        "Gross Profit": NaN,
        "Operating Income": -7,
        "EBIT": -7,
        "Net Income": -7
    },
    "2020-03-31": {
        "Diluted EPS": -0.84,
        "Total Revenue": NaN,
        "Gross Profit": NaN,
        "Operating Income": -2,
        "EBIT": -2,
        "Net Income": -2
    },
    "2019-12-31": {
        "Diluted EPS": -0.6,
        "Total Revenue": NaN,
        "Gross Profit": NaN,
        "Operating Income": -1,
        "EBIT": -1,
        "Net Income": -1
    },
    "2019-09-30": {
        "Diluted EPS": -0.84,
        "Total Revenue": NaN,
        "Gross Profit": NaN,
        "Operating Income": -2,
        "EBIT": -2,
        "Net Income": -2
    },
    "2019-06-30": {
        "Diluted EPS": -1.08,
        "Total Revenue": NaN,
        "Gross Profit": NaN,
        "Operating Income": -2,
        "EBIT": -2,
        "Net Income": -2
    },
    "2019-03-31": {
        "Diluted EPS": -1.32,
        "Total Revenue": NaN,
        "Gross Profit": NaN,
        "Operating Income": -2,
        "EBIT": -2,
        "Net Income": -2
    },
    "2018-12-31": {
        "Diluted EPS": -1.2,
        "Total Revenue": NaN,
        "Gross Profit": NaN,
        "Operating Income": -2,
        "EBIT": -2,
        "Net Income": -2
    },
    "2018-09-30": {
        "Diluted EPS": -1.08,
        "Total Revenue": NaN,
        "Gross Profit": NaN,
        "Operating Income": -2,
        "EBIT": -2,
        "Net Income": -2
    },
    "2018-06-30": {
        "Diluted EPS": -1.68,
        "Total Revenue": NaN,
        "Gross Profit": NaN,
        "Operating Income": -2,
        "EBIT": -2,
        "Net Income": -2
    },
    "2018-03-31": {
        "Diluted EPS": -1.56,
        "Total Revenue": NaN,
        "Gross Profit": NaN,
        "Operating Income": -2,
        "EBIT": -2,
        "Net Income": -2
    },
    "2017-12-31": {
        "Diluted EPS": -0.72,
        "Total Revenue": NaN,
        "Gross Profit": NaN,
        "Operating Income": -3,
        "EBIT": -3,
        "Net Income": 0
    },
    "2017-09-30": {
        "Diluted EPS": -4.08,
        "Total Revenue": NaN,
        "Gross Profit": NaN,
        "Operating Income": -4,
        "EBIT": -4,
        "Net Income": -5
    },
    "2017-06-30": {
        "Diluted EPS": -1.56,
        "Total Revenue": NaN,
        "Gross Profit": NaN,
        "Operating Income": -3,
        "EBIT": -3,
        "Net Income": -2
    },
    "2017-03-31": {
        "Diluted EPS": -4.44,
        "Total Revenue": NaN,
        "Gross Profit": NaN,
        "Operating Income": -2,
        "EBIT": -2,
        "Net Income": -5
    },
    "2016-12-31": {
        "Diluted EPS": 0.0,
        "Total Revenue": NaN,
        "Gross Profit": NaN,
        "Operating Income": -2,
        "EBIT": -2,
        "Net Income": -2
    },
    "2016-09-30": {
        "Diluted EPS": -3.48,
        "Total Revenue": NaN,
        "Gross Profit": NaN,
        "Operating Income": -2,
        "EBIT": -2,
        "Net Income": -3
    },
    "2016-06-30": {
        "Diluted EPS": -4.92,
        "Total Revenue": NaN,
        "Gross Profit": NaN,
        "Operating Income": -3,
        "EBIT": -3,
        "Net Income": -3
    },
    "2016-03-31": {
        "Diluted EPS": -5.4,
        "Total Revenue": NaN,
        "Gross Profit": NaN,
        "Operating Income": -3,
        "EBIT": -3,
        "Net Income": -3
    },
    "2015-12-31": {
        "Diluted EPS": -4.2,
        "Total Revenue": NaN,
        "Gross Profit": NaN,
        "Operating Income": -3,
        "EBIT": -3,
        "Net Income": -3
    },
    "2015-09-30": {
        "Diluted EPS": -5.04,
        "Total Revenue": NaN,
        "Gross Profit": NaN,
        "Operating Income": -3,
        "EBIT": -3,
        "Net Income": -3
    },
    "2015-06-30": {
        "Diluted EPS": -6.24,
        "Total Revenue": NaN,
        "Gross Profit": NaN,
        "Operating Income": -3,
        "EBIT": -3,
        "Net Income": -3
    },
    "2015-03-31": {
        "Diluted EPS": -6.96,
        "Total Revenue": NaN,
        "Gross Profit": NaN,
        "Operating Income": -3,
        "EBIT": -3,
        "Net Income": -4
    },
    "2014-12-31": {
        "Diluted EPS": -5.88,
        "Total Revenue": NaN,
        "Gross Profit": NaN,
        "Operating Income": -3,
        "EBIT": -3,
        "Net Income": -3
    },
    "2014-09-30": {
        "Diluted EPS": -7.56,
        "Total Revenue": NaN,
        "Gross Profit": NaN,
        "Operating Income": -4,
        "EBIT": -4,
        "Net Income": -4
    },
    "2014-06-30": {
        "Diluted EPS": -7.08,
        "Total Revenue": NaN,
        "Gross Profit": NaN,
        "Operating Income": -3,
        "EBIT": -3,
        "Net Income": -4
    },
    "2014-03-31": {
        "Diluted EPS": -5.88,
        "Total Revenue": NaN,
        "Gross Profit": NaN,
        "Operating Income": -3,
        "EBIT": -3,
        "Net Income": -3
    },
    "2013-12-31": {
        "Diluted EPS": -1.68,
        "Total Revenue": NaN,
        "Gross Profit": NaN,
        "Operating Income": -2,
        "EBIT": -2,
        "Net Income": -2
    },
    "2013-09-30": {
        "Diluted EPS": -4.92,
        "Total Revenue": NaN,
        "Gross Profit": NaN,
        "Operating Income": 0,
        "EBIT": 0,
        "Net Income": 0
    },
    "2013-06-30": {
        "Diluted EPS": -2.52,
        "Total Revenue": NaN,
        "Gross Profit": NaN,
        "Operating Income": 0,
        "EBIT": 0,
        "Net Income": 0
    },
    "2013-03-31": {
        "Diluted EPS": -5.28,
        "Total Revenue": NaN,
        "Gross Profit": NaN,
        "Operating Income": 0,
        "EBIT": 0,
        "Net Income": 0
    },
    "2012-12-31": {
        "Diluted EPS": 0.0,
        "Total Revenue": NaN,
        "Gross Profit": NaN,
        "Operating Income": NaN,
        "EBIT": NaN,
        "Net Income": NaN
    },
    "2012-09-30": {
        "Diluted EPS": -5.16,
        "Total Revenue": NaN,
        "Gross Profit": NaN,
        "Operating Income": 0,
        "EBIT": 0,
        "Net Income": 0
    },
    "2012-06-30": {
        "Diluted EPS": 0.0,
        "Total Revenue": NaN,
        "Gross Profit": NaN,
        "Operating Income": NaN,
        "EBIT": NaN,
        "Net Income": NaN
    },
    "2011-12-31": {
        "Diluted EPS": 0.0,
        "Total Revenue": NaN,
        "Gross Profit": NaN,
        "Operating Income": NaN,
        "EBIT": NaN,
        "Net Income": NaN
    },
    "2023-06-30": {
        "Tax Effect Of Unusual Items": 0.0,
        "Tax Rate For Calcs": 0.0,
        "Normalized EBITDA": -1743259.0,
        "Total Unusual Items": NaN,
        "Total Unusual Items Excluding Goodwill": NaN,
        "Net Income From Continuing Operation Net Minority Interest": -1867917.0,
        "Reconciled Cost Of Revenue": 57357.0,
        "EBITDA": -1743259.0,
        "EBIT": -1743259.0,
        "Net Interest Income": -83494.0,
        "Interest Expense": 124658.0,
        "Interest Income": 41164.0,
        "Normalized Income": -1867917.0,
        "Net Income From Continuing And Discontinued Operation": -1867917.0,
        "Total Expenses": 2915791.0,
        "Total Operating Income As Reported": -1784423.0,
        "Diluted Average Shares": 3343070.0,
        "Basic Average Shares": 3343070.0,
        "Diluted EPS": -0.56,
        "Basic EPS": -0.56,
        "Diluted NI Availto Com Stockholders": -1867917.0,
        "Net Income Common Stockholders": -1867917.0,
        "Net Income": -1867917.0,
        "Net Income Including Noncontrolling Interests": -1867917.0,
        "Net Income Continuous Operations": -1867917.0,
        "Pretax Income": -1867917.0,
        "Special Income Charges": NaN,
        "Net Non Operating Interest Income Expense": -83494.0,
        "Interest Expense Non Operating": 124658.0,
        "Interest Income Non Operating": 41164.0,
        "Operating Income": -1784423.0,
        "Operating Expense": 2858434.0,
        "Research And Development": 92357.0,
        "Selling General And Administration": 2766077.0,
        "General And Administrative Expense": 2766077.0,
        "Other Gand A": 2485937.0,
        "Salaries And Wages": 280140.0,
        "Gross Profit": 1074011.0,
        "Cost Of Revenue": 57357.0,
        "Total Revenue": 1131368.0,
        "Operating Revenue": 1131368.0
    }
}