{
    "2023-06-30": {
        "Tax Effect Of Unusual Items": NaN,
        "Tax Rate For Calcs": NaN,
        "Normalized EBITDA": NaN,
        "Total Unusual Items": NaN,
        "Total Unusual Items Excluding Goodwill": NaN,
        "Net Income From Continuing Operation Net Minority Interest": NaN,
        "Reconciled Depreciation": NaN,
        "Reconciled Cost Of Revenue": NaN,
        "EBITDA": NaN,
        "EBIT": NaN,
        "Net Interest Income": NaN,
        "Interest Income": 9100000.0,
        "Normalized Income": NaN,
        "Net Income From Continuing And Discontinued Operation": NaN,
        "Total Expenses": NaN,
        "Total Operating Income As Reported": NaN,
        "Diluted Average Shares": NaN,
        "Basic Average Shares": NaN,
        "Diluted EPS": NaN,
        "Basic EPS": NaN,
        "Diluted NI Availto Com Stockholders": NaN,
        "Net Income Common Stockholders": NaN,
        "Net Income": NaN,
        "Minority Interests": NaN,
        "Net Income Including Noncontrolling Interests": NaN,
        "Net Income Discontinuous Operations": 51300000.0,
        "Net Income Continuous Operations": NaN,
        "Tax Provision": NaN,
        "Pretax Income": NaN,
        "Other Income Expense": NaN,
        "Other Non Operating Income Expenses": NaN,
        "Special Income Charges": NaN,
        "Other Special Charges": NaN,
        "Restructuring And Mergern Acquisition": NaN,
        "Gain On Sale Of Security": 2200000.0,
        "Net Non Operating Interest Income Expense": NaN,
        "Total Other Finance Cost": -9100000.0,
        "Interest Income Non Operating": 9100000.0,
        "Operating Income": NaN,
        "Operating Expense": NaN,
        "Other Operating Expenses": NaN,
        "Research And Development": NaN,
        "Selling General And Administration": NaN,
        "Gross Profit": NaN,
        "Cost Of Revenue": NaN,
        "Total Revenue": NaN,
        "Operating Revenue": NaN
    },
    "2023-03-31": {
        "Tax Effect Of Unusual Items": NaN,
        "Tax Rate For Calcs": NaN,
        "Normalized EBITDA": NaN,
        "Total Unusual Items": NaN,
        "Total Unusual Items Excluding Goodwill": NaN,
        "Net Income From Continuing Operation Net Minority Interest": NaN,
        "Reconciled Depreciation": NaN,
        "Reconciled Cost Of Revenue": NaN,
        "EBITDA": NaN,
        "EBIT": NaN,
        "Net Interest Income": NaN,
        "Interest Income": 8600000.0,
        "Normalized Income": NaN,
        "Net Income From Continuing And Discontinued Operation": NaN,
        "Total Expenses": NaN,
        "Total Operating Income As Reported": NaN,
        "Diluted Average Shares": NaN,
        "Basic Average Shares": NaN,
        "Diluted EPS": NaN,
        "Basic EPS": NaN,
        "Diluted NI Availto Com Stockholders": NaN,
        "Net Income Common Stockholders": NaN,
        "Net Income": NaN,
        "Minority Interests": NaN,
        "Net Income Including Noncontrolling Interests": NaN,
        "Net Income Discontinuous Operations": NaN,
        "Net Income Continuous Operations": NaN,
        "Tax Provision": NaN,
        "Pretax Income": NaN,
        "Other Income Expense": NaN,
        "Other Non Operating Income Expenses": NaN,
        "Special Income Charges": NaN,
        "Other Special Charges": NaN,
        "Restructuring And Mergern Acquisition": NaN,
        "Gain On Sale Of Security": 1400000.0,
        "Net Non Operating Interest Income Expense": NaN,
        "Total Other Finance Cost": -8600000.0,
        "Interest Income Non Operating": 8600000.0,
        "Operating Income": NaN,
        "Operating Expense": NaN,
        "Other Operating Expenses": NaN,
        "Research And Development": NaN,
        "Selling General And Administration": NaN,
        "Gross Profit": NaN,
        "Cost Of Revenue": NaN,
        "Total Revenue": NaN,
        "Operating Revenue": NaN
    },
    "2022-12-31": {
        "Tax Effect Of Unusual Items": NaN,
        "Tax Rate For Calcs": NaN,
        "Normalized EBITDA": NaN,
        "Total Unusual Items": NaN,
        "Total Unusual Items Excluding Goodwill": NaN,
        "Net Income From Continuing Operation Net Minority Interest": NaN,
        "Reconciled Depreciation": NaN,
        "Reconciled Cost Of Revenue": NaN,
        "EBITDA": NaN,
        "EBIT": NaN,
        "Net Interest Income": NaN,
        "Interest Income": NaN,
        "Normalized Income": NaN,
        "Net Income From Continuing And Discontinued Operation": NaN,
        "Total Expenses": NaN,
        "Total Operating Income As Reported": NaN,
        "Diluted Average Shares": NaN,
        "Basic Average Shares": NaN,
        "Diluted EPS": NaN,
        "Basic EPS": NaN,
        "Diluted NI Availto Com Stockholders": NaN,
        "Net Income Common Stockholders": NaN,
        "Net Income": NaN,
        "Minority Interests": NaN,
        "Net Income Including Noncontrolling Interests": NaN,
        "Net Income Discontinuous Operations": NaN,
        "Net Income Continuous Operations": NaN,
        "Tax Provision": NaN,
        "Pretax Income": NaN,
        "Other Income Expense": NaN,
        "Other Non Operating Income Expenses": NaN,
        "Special Income Charges": NaN,
        "Other Special Charges": NaN,
        "Restructuring And Mergern Acquisition": NaN,
        "Gain On Sale Of Security": 3700000.0,
        "Net Non Operating Interest Income Expense": NaN,
        "Total Other Finance Cost": NaN,
        "Interest Income Non Operating": NaN,
        "Operating Income": NaN,
        "Operating Expense": NaN,
        "Research And Development": NaN,
        "Selling General And Administration": NaN,
        "Gross Profit": NaN,
        "Cost Of Revenue": NaN,
        "Total Revenue": NaN,
        "Operating Revenue": NaN
    },
    "2022-09-30": {
        "Tax Effect Of Unusual Items": NaN,
        "Tax Rate For Calcs": NaN,
        "Normalized EBITDA": NaN,
        "Total Unusual Items": NaN,
        "Total Unusual Items Excluding Goodwill": NaN,
        "Net Income From Continuing Operation Net Minority Interest": NaN,
        "Reconciled Depreciation": NaN,
        "Reconciled Cost Of Revenue": NaN,
        "EBITDA": NaN,
        "EBIT": NaN,
        "Net Interest Income": NaN,
        "Interest Income": NaN,
        "Normalized Income": NaN,
        "Net Income From Continuing And Discontinued Operation": NaN,
        "Total Expenses": NaN,
        "Total Operating Income As Reported": NaN,
        "Diluted Average Shares": NaN,
        "Basic Average Shares": NaN,
        "Diluted EPS": NaN,
        "Basic EPS": NaN,
        "Diluted NI Availto Com Stockholders": NaN,
        "Net Income Common Stockholders": NaN,
        "Net Income": NaN,
        "Minority Interests": NaN,
        "Net Income Including Noncontrolling Interests": NaN,
        "Net Income Continuous Operations": NaN,
        "Tax Provision": NaN,
        "Pretax Income": NaN,
        "Other Income Expense": NaN,
        "Other Non Operating Income Expenses": NaN,
        "Special Income Charges": NaN,
        "Other Special Charges": NaN,
        "Restructuring And Mergern Acquisition": NaN,
        "Gain On Sale Of Security": -1600000.0,
        "Net Non Operating Interest Income Expense": NaN,
        "Total Other Finance Cost": -6900000.0,
        "Interest Income Non Operating": NaN,
        "Operating Income": NaN,
        "Operating Expense": NaN,
        "Research And Development": NaN,
        "Selling General And Administration": NaN,
        "Gross Profit": NaN,
        "Cost Of Revenue": NaN,
        "Total Revenue": NaN,
        "Operating Revenue": NaN
    },
    "2022-06-30": {
        "Tax Effect Of Unusual Items": 1850000.0,
        "Tax Rate For Calcs": 0.125,
        "Normalized EBITDA": 429900000.0,
        "Total Unusual Items": 14800000.0,
        "Total Unusual Items Excluding Goodwill": 14800000.0,
        "Net Income From Continuing Operation Net Minority Interest": 406400000.0,
        "Reconciled Depreciation": 34100000.0,
        "Reconciled Cost Of Revenue": 269400000.0,
        "EBITDA": 444700000.0,
        "EBIT": 444700000.0,
        "Net Interest Income": 900000.0,
        "Interest Income": NaN,
        "Normalized Income": 393450000.0,
        "Net Income From Continuing And Discontinued Operation": 406400000.0,
        "Total Expenses": 929200000.0,
        "Total Operating Income As Reported": 459500000.0,
        "Diluted Average Shares": 626700000.0,
        "Basic Average Shares": 620900000.0,
        "Diluted EPS": 0.65,
        "Basic EPS": 0.65,
        "Diluted NI Availto Com Stockholders": 406400000.0,
        "Net Income Common Stockholders": 406400000.0,
        "Net Income": 406400000.0,
        "Minority Interests": NaN,
        "Net Income Including Noncontrolling Interests": 406400000.0,
        "Net Income Continuous Operations": 406400000.0,
        "Tax Provision": 58300000.0,
        "Pretax Income": 464700000.0,
        "Other Income Expense": 19100000.0,
        "Other Non Operating Income Expenses": 4300000.0,
        "Special Income Charges": 14800000.0,
        "Other Special Charges": 6100000.0,
        "Restructuring And Mergern Acquisition": -20900000.0,
        "Gain On Sale Of Security": -1000000.0,
        "Net Non Operating Interest Income Expense": 900000.0,
        "Total Other Finance Cost": -900000.0,
        "Interest Income Non Operating": NaN,
        "Operating Income": 444700000.0,
        "Operating Expense": 659800000.0,
        "Research And Development": 250800000.0,
        "Selling General And Administration": 409000000.0,
        "Gross Profit": 1104500000.0,
        "Cost Of Revenue": 269400000.0,
        "Total Revenue": 1373900000.0,
        "Operating Revenue": 1373900000.0
    },
    "2023-09-30": {
        "Tax Effect Of Unusual Items": -299200.0,
        "Tax Rate For Calcs": 0.136,
        "Normalized EBITDA": 407200000.0,
        "Total Unusual Items": -2200000.0,
        "Total Unusual Items Excluding Goodwill": -2200000.0,
        "Net Income From Continuing Operation Net Minority Interest": 336100000.0,
        "Reconciled Depreciation": 36900000.0,
        "Reconciled Cost Of Revenue": 250600000.0,
        "EBITDA": 405000000.0,
        "EBIT": 368100000.0,
        "Net Interest Income": 15100000.0,
        "Interest Income": 15100000.0,
        "Normalized Income": 338000800.0,
        "Net Income From Continuing And Discontinued Operation": 384900000.0,
        "Total Expenses": 875300000.0,
        "Total Operating Income As Reported": 365900000.0,
        "Diluted Average Shares": 609500000.0,
        "Basic Average Shares": 607000000.0,
        "Diluted EPS": 0.63,
        "Basic EPS": 0.63,
        "Diluted NI Availto Com Stockholders": 384900000.0,
        "Net Income Common Stockholders": 384900000.0,
        "Net Income": 384900000.0,
        "Minority Interests": 1200000.0,
        "Net Income Including Noncontrolling Interests": 383700000.0,
        "Net Income Discontinuous Operations": 48800000.0,
        "Net Income Continuous Operations": 334900000.0,
        "Tax Provision": 52700000.0,
        "Pretax Income": 387600000.0,
        "Other Income Expense": 4400000.0,
        "Other Non Operating Income Expenses": 6600000.0,
        "Special Income Charges": -2200000.0,
        "Other Special Charges": 2200000.0,
        "Restructuring And Mergern Acquisition": 0.0,
        "Gain On Sale Of Security": NaN,
        "Net Non Operating Interest Income Expense": 15100000.0,
        "Total Other Finance Cost": -15100000.0,
        "Interest Income Non Operating": 15100000.0,
        "Operating Income": 368100000.0,
        "Operating Expense": 624700000.0,
        "Other Operating Expenses": NaN,
        "Research And Development": 242800000.0,
        "Selling General And Administration": 381900000.0,
        "Gross Profit": 992800000.0,
        "Cost Of Revenue": 250600000.0,
        "Total Revenue": 1243400000.0,
        "Operating Revenue": 1243400000.0
    },
    "2023-12-31": {
        "Tax Effect Of Unusual Items": -2133270.097226,
        "Tax Rate For Calcs": 0.12331,
        "Normalized EBITDA": 368300000.0,
        "Total Unusual Items": -17300000.0,
        "Total Unusual Items Excluding Goodwill": -17300000.0,
        "Net Income From Continuing Operation Net Minority Interest": 369900000.0,
        "Reconciled Depreciation": 36700000.0,
        "Reconciled Cost Of Revenue": 356900000.0,
        "EBITDA": 351000000.0,
        "EBIT": 314300000.0,
        "Net Interest Income": 16800000.0,
        "Interest Income": NaN,
        "Normalized Income": 385066729.902774,
        "Net Income From Continuing And Discontinued Operation": 369900000.0,
        "Total Expenses": 1106900000.0,
        "Total Operating Income As Reported": 400100000.0,
        "Diluted Average Shares": 606900000.0,
        "Basic Average Shares": 605200000.0,
        "Diluted EPS": 0.61,
        "Basic EPS": 0.61,
        "Diluted NI Availto Com Stockholders": 369900000.0,
        "Net Income Common Stockholders": 369900000.0,
        "Net Income": 369900000.0,
        "Minority Interests": 200000.0,
        "Net Income Including Noncontrolling Interests": 369700000.0,
        "Net Income Discontinuous Operations": NaN,
        "Net Income Continuous Operations": 369700000.0,
        "Tax Provision": 52000000.0,
        "Pretax Income": 421700000.0,
        "Other Income Expense": -22300000.0,
        "Other Non Operating Income Expenses": -5000000.0,
        "Special Income Charges": -27100000.0,
        "Other Special Charges": 9900000.0,
        "Restructuring And Mergern Acquisition": 17200000.0,
        "Gain On Sale Of Security": NaN,
        "Net Non Operating Interest Income Expense": 16800000.0,
        "Total Other Finance Cost": NaN,
        "Interest Income Non Operating": NaN,
        "Operating Income": 427200000.0,
        "Operating Expense": 750000000.0,
        "Other Operating Expenses": NaN,
        "Research And Development": 270000000.0,
        "Selling General And Administration": 480000000.0,
        "Gross Profit": 1177200000.0,
        "Cost Of Revenue": 356900000.0,
        "Total Revenue": 1534100000.0,
        "Operating Revenue": 1534100000.0
    },
    "2024-03-31": {
        "Tax Effect Of Unusual Items": -7178600.0,
        "Tax Rate For Calcs": 0.143,
        "Normalized EBITDA": 526400000.0,
        "Total Unusual Items": -50200000.0,
        "Total Unusual Items Excluding Goodwill": -50200000.0,
        "Net Income From Continuing Operation Net Minority Interest": 351900000.0,
        "Reconciled Depreciation": 38500000.0,
        "Reconciled Cost Of Revenue": 385600000.0,
        "EBITDA": 476200000.0,
        "EBIT": 437700000.0,
        "Net Interest Income": 16500000.0,
        "Interest Income": NaN,
        "Normalized Income": 394921400.0,
        "Net Income From Continuing And Discontinued Operation": 351900000.0,
        "Total Expenses": 1160500000.0,
        "Total Operating Income As Reported": 387500000.0,
        "Diluted Average Shares": 604100000.0,
        "Basic Average Shares": 601600000.0,
        "Diluted EPS": 0.58,
        "Basic EPS": 0.58,
        "Diluted NI Availto Com Stockholders": 351900000.0,
        "Net Income Common Stockholders": 351900000.0,
        "Net Income": 351900000.0,
        "Minority Interests": 900000.0,
        "Net Income Including Noncontrolling Interests": 351000000.0,
        "Net Income Discontinuous Operations": NaN,
        "Net Income Continuous Operations": 351000000.0,
        "Tax Provision": 58400000.0,
        "Pretax Income": 409400000.0,
        "Other Income Expense": -44800000.0,
        "Other Non Operating Income Expenses": 5400000.0,
        "Special Income Charges": -50200000.0,
        "Other Special Charges": 8900000.0,
        "Restructuring And Mergern Acquisition": 41300000.0,
        "Gain On Sale Of Security": NaN,
        "Net Non Operating Interest Income Expense": 16500000.0,
        "Total Other Finance Cost": -16500000.0,
        "Interest Income Non Operating": NaN,
        "Operating Income": 437700000.0,
        "Operating Expense": 774900000.0,
        "Other Operating Expenses": NaN,
        "Research And Development": 285200000.0,
        "Selling General And Administration": 489700000.0,
        "Gross Profit": 1212600000.0,
        "Cost Of Revenue": 385600000.0,
        "Total Revenue": 1598200000.0,
        "Operating Revenue": 1598200000.0
    },
    "2024-06-30": {
        "Tax Effect Of Unusual Items": -421200.0,
        "Tax Rate For Calcs": 0.052,
        "Normalized EBITDA": 424900000.0,
        "Total Unusual Items": -8100000.0,
        "Total Unusual Items Excluding Goodwill": -8100000.0,
        "Net Income From Continuing Operation Net Minority Interest": 367700000.0,
        "Reconciled Depreciation": 39600000.0,
        "Reconciled Cost Of Revenue": 285300000.0,
        "EBITDA": 416800000.0,
        "EBIT": 377200000.0,
        "Net Interest Income": 15500000.0,
        "Interest Income": 15500000.0,
        "Normalized Income": 375378800.0,
        "Net Income From Continuing And Discontinued Operation": 366300000.0,
        "Total Expenses": 1008700000.0,
        "Total Operating Income As Reported": 369100000.0,
        "Diluted Average Shares": 604300000.0,
        "Basic Average Shares": 602100000.0,
        "Diluted EPS": 0.61,
        "Basic EPS": 0.61,
        "Diluted NI Availto Com Stockholders": 366300000.0,
        "Net Income Common Stockholders": 366300000.0,
        "Net Income": 366300000.0,
        "Minority Interests": 1300000.0,
        "Net Income Including Noncontrolling Interests": 365000000.0,
        "Net Income Discontinuous Operations": -1400000.0,
        "Net Income Continuous Operations": 366400000.0,
        "Tax Provision": 20200000.0,
        "Pretax Income": 386600000.0,
        "Other Income Expense": -6100000.0,
        "Other Non Operating Income Expenses": 2000000.0,
        "Special Income Charges": -8100000.0,
        "Other Special Charges": 8100000.0,
        "Restructuring And Mergern Acquisition": 0.0,
        "Gain On Sale Of Security": NaN,
        "Net Non Operating Interest Income Expense": 15500000.0,
        "Total Other Finance Cost": NaN,
        "Interest Income Non Operating": 15500000.0,
        "Operating Income": 377200000.0,
        "Operating Expense": 723400000.0,
        "Other Operating Expenses": NaN,
        "Research And Development": 272600000.0,
        "Selling General And Administration": 450800000.0,
        "Gross Profit": 1100600000.0,
        "Cost Of Revenue": 285300000.0,
        "Total Revenue": 1385900000.0,
        "Operating Revenue": 1385900000.0
    },
    "2024-09-30": {
        "Tax Effect Of Unusual Items": -4413700.0,
        "Tax Rate For Calcs": 0.101,
        "Normalized EBITDA": 472500000.0,
        "Total Unusual Items": -43700000.0,
        "Total Unusual Items Excluding Goodwill": -43700000.0,
        "Net Income From Continuing Operation Net Minority Interest": 363500000.0,
        "Reconciled Depreciation": 34500000.0,
        "Reconciled Cost Of Revenue": 262900000.0,
        "EBITDA": 428800000.0,
        "EBIT": 394300000.0,
        "Net Interest Income": 24300000.0,
        "Interest Income": 24300000.0,
        "Normalized Income": 402786300.0,
        "Net Income From Continuing And Discontinued Operation": 3070800000.0,
        "Total Expenses": 960100000.0,
        "Total Operating Income As Reported": 350600000.0,
        "Diluted Average Shares": 598100000.0,
        "Basic Average Shares": 597200000.0,
        "Diluted EPS": 5.13,
        "Basic EPS": 5.14,
        "Diluted NI Availto Com Stockholders": 3070800000.0,
        "Net Income Common Stockholders": 3070800000.0,
        "Net Income": 3070800000.0,
        "Minority Interests": 1400000.0,
        "Net Income Including Noncontrolling Interests": 3069400000.0,
        "Net Income Discontinuous Operations": 2707300000.0,
        "Net Income Continuous Operations": 362100000.0,
        "Tax Provision": 40700000.0,
        "Pretax Income": 402800000.0,
        "Other Income Expense": -15800000.0,
        "Other Non Operating Income Expenses": 27900000.0,
        "Special Income Charges": -43700000.0,
        "Other Special Charges": 10800000.0,
        "Restructuring And Mergern Acquisition": 32900000.0,
        "Gain On Sale Of Security": NaN,
        "Net Non Operating Interest Income Expense": 24300000.0,
        "Total Other Finance Cost": NaN,
        "Interest Income Non Operating": 24300000.0,
        "Operating Income": 394300000.0,
        "Operating Expense": 697200000.0,
        "Other Operating Expenses": 22400000.0,
        "Research And Development": 253400000.0,
        "Selling General And Administration": 421400000.0,
        "Gross Profit": 1091500000.0,
        "Cost Of Revenue": 262900000.0,
        "Total Revenue": 1354400000.0,
        "Operating Revenue": 1354400000.0
    }
}