{
    "2023-03-31": {
        "Tax Effect Of Unusual Items": -142960.274037,
        "Tax Rate For Calcs": 0.119833,
        "Normalized EBITDA": -38178000.0,
        "Total Unusual Items": -1193000.0,
        "Total Unusual Items Excluding Goodwill": -1193000.0,
        "Net Income From Continuing Operation Net Minority Interest": -37643000.0,
        "Reconciled Depreciation": 3135000.0,
        "Reconciled Cost Of Revenue": 8456000.0,
        "EBITDA": -39371000.0,
        "EBIT": -42506000.0,
        "Net Interest Income": 3301000.0,
        "Interest Expense": 262000.0,
        "Interest Income": 3563000.0,
        "Normalized Income": -36592960.274037,
        "Net Income From Continuing And Discontinued Operation": -37643000.0,
        "Total Expenses": 50178000.0,
        "Total Operating Income As Reported": -45610000.0,
        "Diluted Average Shares": 123257529.0,
        "Basic Average Shares": 123257529.0,
        "Diluted EPS": -0.31,
        "Basic EPS": -0.31,
        "Diluted NI Availto Com Stockholders": -37643000.0,
        "Net Income Common Stockholders": -37643000.0,
        "Net Income": -37643000.0,
        "Net Income Including Noncontrolling Interests": -37643000.0,
        "Net Income Continuous Operations": -37643000.0,
        "Tax Provision": -5125000.0,
        "Pretax Income": -42768000.0,
        "Other Income Expense": -1652000.0,
        "Earnings From Equity Interest": -459000.0,
        "Gain On Sale Of Security": -1193000.0,
        "Net Non Operating Interest Income Expense": 3301000.0,
        "Interest Expense Non Operating": 262000.0,
        "Interest Income Non Operating": 3563000.0,
        "Operating Income": -44417000.0,
        "Operating Expense": 41722000.0,
        "Other Operating Expenses": -2604000.0,
        "Research And Development": 33412000.0,
        "Selling General And Administration": 10914000.0,
        "General And Administrative Expense": 10914000.0,
        "Other Gand A": 10914000.0,
        "Gross Profit": -2695000.0,
        "Cost Of Revenue": 8456000.0,
        "Total Revenue": 5761000.0,
        "Operating Revenue": 5761000.0
    },
    "2022-12-31": {
        "Tax Effect Of Unusual Items": -914653.568592,
        "Tax Rate For Calcs": 0.185567,
        "Normalized EBITDA": -58251140.437402,
        "Total Unusual Items": -4928973.955309,
        "Total Unusual Items Excluding Goodwill": -4928973.955309,
        "Net Income From Continuing Operation Net Minority Interest": -54746550.135598,
        "Reconciled Depreciation": 3877309.306216,
        "Reconciled Cost Of Revenue": 13762234.801676,
        "EBITDA": -63180114.392711,
        "EBIT": -67057423.698928,
        "Net Interest Income": 3741735.494148,
        "Interest Expense": 163000.623526,
        "Interest Income": 3904736.117675,
        "Normalized Income": -50732229.748881,
        "Net Income From Continuing And Discontinued Operation": -54746550.135598,
        "Total Expenses": 76108699.800309,
        "Total Operating Income As Reported": -70884147.541882,
        "Diluted Average Shares": 124210526.0,
        "Basic Average Shares": 124210526.0,
        "Diluted EPS": -0.38,
        "Basic EPS": -0.38,
        "Diluted NI Availto Com Stockholders": -54746550.135598,
        "Net Income Common Stockholders": -54746550.135598,
        "Net Income": -54746550.135598,
        "Net Income Including Noncontrolling Interests": -54746550.135598,
        "Net Income Continuous Operations": -54746550.135598,
        "Tax Provision": -12473874.186856,
        "Pretax Income": -67220424.322454,
        "Other Income Expense": -5006986.23003,
        "Earnings From Equity Interest": -78012.274721,
        "Gain On Sale Of Security": -4928973.955309,
        "Net Non Operating Interest Income Expense": 3741735.494148,
        "Interest Expense Non Operating": 163000.623526,
        "Interest Income Non Operating": 3904736.117675,
        "Operating Income": -65955173.586572,
        "Operating Expense": 62346464.998633,
        "Other Operating Expenses": -2270015.577383,
        "Research And Development": 51837347.003088,
        "Selling General And Administration": 12779133.572929,
        "General And Administrative Expense": 12779133.572929,
        "Other Gand A": 12779133.572929,
        "Gross Profit": -3608708.587939,
        "Cost Of Revenue": 13762234.801676,
        "Total Revenue": 10153526.213737,
        "Operating Revenue": 10153526.213737
    },
    "2022-09-30": {
        "Tax Effect Of Unusual Items": 819647.981675,
        "Tax Rate For Calcs": 0.098908,
        "Normalized EBITDA": -49722178.853601,
        "Total Unusual Items": 8286990.508096,
        "Total Unusual Items Excluding Goodwill": 8286990.508096,
        "Net Income From Continuing Operation Net Minority Interest": -39615857.063093,
        "Reconciled Depreciation": 2429691.609827,
        "Reconciled Cost Of Revenue": 10260189.838079,
        "EBITDA": -41435188.345505,
        "EBIT": -43864879.955332,
        "Net Interest Income": 2299274.14852,
        "Interest Expense": 99385.817979,
        "Interest Income": 2398659.966499,
        "Normalized Income": -47083199.589515,
        "Net Income From Continuing And Discontinued Operation": -39615857.063093,
        "Total Expenses": 61456169.737577,
        "Total Operating Income As Reported": -46136236.739252,
        "Diluted Average Shares": 122674016.0,
        "Basic Average Shares": 122674016.0,
        "Diluted EPS": -0.29,
        "Basic EPS": -0.29,
        "Diluted NI Availto Com Stockholders": -39615857.063093,
        "Net Income Common Stockholders": -39615857.063093,
        "Net Income": -39615857.063093,
        "Net Income Including Noncontrolling Interests": -39615857.063093,
        "Net Income Continuous Operations": -39615857.063093,
        "Tax Provision": -4348408.710218,
        "Pretax Income": -43964265.773311,
        "Other Income Expense": 8159687.325516,
        "Earnings From Equity Interest": -127303.18258,
        "Gain On Sale Of Security": 8286990.508096,
        "Net Non Operating Interest Income Expense": 2299274.14852,
        "Interest Expense Non Operating": 99385.817979,
        "Interest Income Non Operating": 2398659.966499,
        "Operating Income": -54423227.247348,
        "Operating Expense": 51195979.899497,
        "Other Operating Expenses": -1384701.284199,
        "Research And Development": 41067560.022334,
        "Selling General And Administration": 11513121.161362,
        "General And Administrative Expense": 11513121.161362,
        "Other Gand A": 11513121.161362,
        "Gross Profit": -3227247.34785,
        "Cost Of Revenue": 10260189.838079,
        "Total Revenue": 7032942.490229,
        "Operating Revenue": 7032942.490229
    },
    "2022-06-30": {
        "Tax Effect Of Unusual Items": 2121954.575144,
        "Tax Rate For Calcs": 0.151999,
        "Normalized EBITDA": -52410366.837204,
        "Total Unusual Items": 13960314.379973,
        "Total Unusual Items Excluding Goodwill": 13960314.379973,
        "Net Income From Continuing Operation Net Minority Interest": -34780710.265865,
        "Reconciled Depreciation": 2476349.638636,
        "Reconciled Cost Of Revenue": 10854114.108286,
        "EBITDA": -38450052.457231,
        "EBIT": -40926402.095866,
        "Net Interest Income": 445129.051038,
        "Interest Expense": 88540.655929,
        "Interest Income": 533669.706967,
        "Normalized Income": -46619070.070694,
        "Net Income From Continuing And Discontinued Operation": -34780710.265865,
        "Total Expenses": 63748059.382884,
        "Total Operating Income As Reported": -41131379.77877,
        "Diluted Average Shares": 121899774.0,
        "Basic Average Shares": 121899774.0,
        "Diluted EPS": -0.24,
        "Basic EPS": -0.24,
        "Diluted NI Availto Com Stockholders": -34780710.265865,
        "Net Income Common Stockholders": -34780710.265865,
        "Net Income": -34780710.265865,
        "Net Income Including Noncontrolling Interests": -34780710.265865,
        "Net Income Continuous Operations": -34780710.265865,
        "Tax Provision": -6234232.485931,
        "Pretax Income": -41014942.751795,
        "Other Income Expense": 13631622.355909,
        "Earnings From Equity Interest": -328692.024064,
        "Gain On Sale Of Security": 13960314.379973,
        "Net Non Operating Interest Income Expense": 445129.051038,
        "Interest Expense Non Operating": 88540.655929,
        "Interest Income Non Operating": 533669.706967,
        "Operating Income": -55091694.158742,
        "Operating Expense": 52893945.274597,
        "Other Operating Expenses": -1839947.603338,
        "Research And Development": 40106491.364254,
        "Selling General And Administration": 14627401.513681,
        "General And Administrative Expense": 14627401.513681,
        "Other Gand A": 14627401.513681,
        "Gross Profit": -2197748.884145,
        "Cost Of Revenue": 10854114.108286,
        "Total Revenue": 8656365.224141,
        "Operating Revenue": 8656365.224141
    },
    "2022-03-31": {
        "Diluted EPS": -0.42,
        "Total Revenue": 9,
        "Gross Profit": 2,
        "Operating Income": -25,
        "EBIT": -23,
        "Net Income": -21
    },
    "2021-09-30": {
        "Diluted EPS": -0.08,
        "Total Revenue": 24,
        "Gross Profit": 18,
        "Operating Income": -7,
        "EBIT": -6,
        "Net Income": -7
    },
    "2021-06-30": {
        "Diluted EPS": 0.0,
        "Total Revenue": NaN,
        "Gross Profit": NaN,
        "Operating Income": NaN,
        "Net Income": NaN
    },
    "2020-12-31": {
        "Diluted EPS": 0.0,
        "Total Revenue": NaN,
        "Gross Profit": NaN,
        "Operating Income": NaN,
        "EBIT": NaN,
        "Net Income": NaN
    },
    "2023-06-30": {
        "Tax Effect Of Unusual Items": -71434.683894,
        "Tax Rate For Calcs": 0.158041,
        "Normalized EBITDA": -38343000.0,
        "Total Unusual Items": -452000.0,
        "Total Unusual Items Excluding Goodwill": -452000.0,
        "Net Income From Continuing Operation Net Minority Interest": -35971000.0,
        "Reconciled Depreciation": 3655000.0,
        "Reconciled Cost Of Revenue": 6269000.0,
        "EBITDA": -38795000.0,
        "EBIT": -42450000.0,
        "Net Interest Income": 3941000.0,
        "Interest Expense": 273000.0,
        "Interest Income": 4214000.0,
        "Normalized Income": -35590434.683894,
        "Net Income From Continuing And Discontinued Operation": -35971000.0,
        "Total Expenses": 49063000.0,
        "Total Operating Income As Reported": -46509000.0,
        "Diluted Average Shares": 123748524.0,
        "Basic Average Shares": 123748524.0,
        "Diluted EPS": -0.29,
        "Basic EPS": -0.29,
        "Diluted NI Availto Com Stockholders": -35971000.0,
        "Net Income Common Stockholders": -35971000.0,
        "Net Income": -35971000.0,
        "Net Income Including Noncontrolling Interests": -35971000.0,
        "Net Income Continuous Operations": -35971000.0,
        "Tax Provision": -6752000.0,
        "Pretax Income": -42723000.0,
        "Other Income Expense": -607000.0,
        "Earnings From Equity Interest": -155000.0,
        "Gain On Sale Of Security": -452000.0,
        "Net Non Operating Interest Income Expense": 3941000.0,
        "Interest Expense Non Operating": 273000.0,
        "Interest Income Non Operating": 4214000.0,
        "Operating Income": -46057000.0,
        "Operating Expense": 42794000.0,
        "Other Operating Expenses": -1834000.0,
        "Research And Development": 32993000.0,
        "Selling General And Administration": 11635000.0,
        "General And Administrative Expense": 11635000.0,
        "Other Gand A": 11635000.0,
        "Gross Profit": -3263000.0,
        "Cost Of Revenue": 6269000.0,
        "Total Revenue": 3006000.0,
        "Operating Revenue": 3006000.0
    },
    "2023-09-30": {
        "Tax Effect Of Unusual Items": 230676.0,
        "Tax Rate For Calcs": 0.0705,
        "Normalized EBITDA": -32217000.0,
        "Total Unusual Items": 3272000.0,
        "Total Unusual Items Excluding Goodwill": 3272000.0,
        "Net Income From Continuing Operation Net Minority Interest": -31214000.0,
        "Reconciled Depreciation": 4375000.0,
        "Reconciled Cost Of Revenue": 6742000.0,
        "EBITDA": -28945000.0,
        "EBIT": -33320000.0,
        "Net Interest Income": 4173000.0,
        "Interest Expense": 263000.0,
        "Interest Income": 4436000.0,
        "Normalized Income": -34255324.0,
        "Net Income From Continuing And Discontinued Operation": -31214000.0,
        "Total Expenses": 49375000.0,
        "Total Operating Income As Reported": -37221000.0,
        "Diluted Average Shares": 124511492.0,
        "Basic Average Shares": 124511492.0,
        "Diluted EPS": -0.25,
        "Basic EPS": -0.25,
        "Diluted NI Availto Com Stockholders": -31214000.0,
        "Net Income Common Stockholders": -31214000.0,
        "Net Income": -31214000.0,
        "Net Income Including Noncontrolling Interests": -31214000.0,
        "Net Income Continuous Operations": -31214000.0,
        "Tax Provision": -2369000.0,
        "Pretax Income": -33583000.0,
        "Other Income Expense": 2737000.0,
        "Earnings From Equity Interest": -535000.0,
        "Gain On Sale Of Security": 3272000.0,
        "Net Non Operating Interest Income Expense": 4173000.0,
        "Interest Expense Non Operating": 263000.0,
        "Interest Income Non Operating": 4436000.0,
        "Operating Income": -40493000.0,
        "Operating Expense": 42633000.0,
        "Other Operating Expenses": -1116000.0,
        "Research And Development": 32608000.0,
        "Selling General And Administration": 11141000.0,
        "General And Administrative Expense": 11141000.0,
        "Other Gand A": 11141000.0,
        "Gross Profit": 2140000.0,
        "Cost Of Revenue": 6742000.0,
        "Total Revenue": 8882000.0,
        "Operating Revenue": 8882000.0
    },
    "2023-12-31": {
        "Tax Effect Of Unusual Items": -138432.859069,
        "Tax Rate For Calcs": 0.043683,
        "Normalized EBITDA": -35174000.0,
        "Total Unusual Items": -3169000.0,
        "Total Unusual Items Excluding Goodwill": -3169000.0,
        "Net Income From Continuing Operation Net Minority Interest": -41135000.0,
        "Reconciled Depreciation": 4403000.0,
        "Reconciled Cost Of Revenue": 5935000.0,
        "EBITDA": -38343000.0,
        "EBIT": -42746000.0,
        "Net Interest Income": 4147000.0,
        "Interest Expense": 268000.0,
        "Interest Income": 4415000.0,
        "Normalized Income": -38104432.859069,
        "Net Income From Continuing And Discontinued Operation": -41135000.0,
        "Total Expenses": 45926000.0,
        "Total Operating Income As Reported": -46665000.0,
        "Diluted Average Shares": 125243445.0,
        "Basic Average Shares": 125243445.0,
        "Diluted EPS": -0.329696,
        "Basic EPS": -0.329696,
        "Diluted NI Availto Com Stockholders": -41135000.0,
        "Net Income Common Stockholders": -41135000.0,
        "Net Income": -41135000.0,
        "Net Income Including Noncontrolling Interests": -41135000.0,
        "Net Income Continuous Operations": -41135000.0,
        "Tax Provision": -1879000.0,
        "Pretax Income": -43014000.0,
        "Other Income Expense": -3665000.0,
        "Earnings From Equity Interest": -496000.0,
        "Gain On Sale Of Security": -3169000.0,
        "Net Non Operating Interest Income Expense": 4147000.0,
        "Interest Expense Non Operating": 268000.0,
        "Interest Income Non Operating": 4415000.0,
        "Operating Income": -43496000.0,
        "Operating Expense": 39991000.0,
        "Other Operating Expenses": -1082000.0,
        "Research And Development": 29431000.0,
        "Selling General And Administration": 11642000.0,
        "General And Administrative Expense": 11642000.0,
        "Other Gand A": 11642000.0,
        "Gross Profit": -3505000.0,
        "Cost Of Revenue": 5935000.0,
        "Total Revenue": 2430000.0,
        "Operating Revenue": 2430000.0
    },
    "2024-03-31": {
        "Tax Effect Of Unusual Items": 106061.524985,
        "Tax Rate For Calcs": 0.123759,
        "Normalized EBITDA": -19995000.0,
        "Total Unusual Items": 857000.0,
        "Total Unusual Items Excluding Goodwill": 857000.0,
        "Net Income From Continuing Operation Net Minority Interest": -21007000.0,
        "Reconciled Depreciation": 4576000.0,
        "Reconciled Cost Of Revenue": 7407000.0,
        "EBITDA": -19138000.0,
        "EBIT": -23714000.0,
        "Net Interest Income": 3578000.0,
        "Interest Expense": 260000.0,
        "Interest Income": 3838000.0,
        "Normalized Income": -21757938.475015,
        "Net Income From Continuing And Discontinued Operation": -21007000.0,
        "Total Expenses": 33158000.0,
        "Total Operating Income As Reported": -27011000.0,
        "Diluted Average Shares": 125975607.0,
        "Basic Average Shares": 125975607.0,
        "Diluted EPS": -0.17,
        "Basic EPS": -0.17,
        "Diluted NI Availto Com Stockholders": -21007000.0,
        "Net Income Common Stockholders": -21007000.0,
        "Net Income": -21007000.0,
        "Net Income Including Noncontrolling Interests": -21007000.0,
        "Net Income Continuous Operations": -21007000.0,
        "Tax Provision": -2967000.0,
        "Pretax Income": -23974000.0,
        "Other Income Expense": 316000.0,
        "Earnings From Equity Interest": -541000.0,
        "Gain On Sale Of Security": 857000.0,
        "Net Non Operating Interest Income Expense": 3578000.0,
        "Interest Expense Non Operating": 260000.0,
        "Interest Income Non Operating": 3838000.0,
        "Operating Income": -27868000.0,
        "Operating Expense": 25751000.0,
        "Other Operating Expenses": -1239000.0,
        "Research And Development": 23560000.0,
        "Selling General And Administration": 3430000.0,
        "General And Administrative Expense": 3430000.0,
        "Other Gand A": 3430000.0,
        "Gross Profit": -2117000.0,
        "Cost Of Revenue": 7407000.0,
        "Total Revenue": 5290000.0,
        "Operating Revenue": 5290000.0
    },
    "2024-06-30": {
        "Tax Effect Of Unusual Items": 14700.0,
        "Tax Rate For Calcs": 0.21,
        "Normalized EBITDA": -31165000.0,
        "Total Unusual Items": 70000.0,
        "Total Unusual Items Excluding Goodwill": 70000.0,
        "Net Income From Continuing Operation Net Minority Interest": -36239000.0,
        "Reconciled Depreciation": 4629000.0,
        "Reconciled Cost Of Revenue": 7759000.0,
        "EBITDA": -31095000.0,
        "EBIT": -35724000.0,
        "Net Interest Income": 3564000.0,
        "Interest Expense": 302000.0,
        "Interest Income": 3866000.0,
        "Normalized Income": -36294300.0,
        "Net Income From Continuing And Discontinued Operation": -36239000.0,
        "Total Expenses": 43696000.0,
        "Total Operating Income As Reported": -39207000.0,
        "Diluted Average Shares": 126594358.0,
        "Basic Average Shares": 126594358.0,
        "Diluted EPS": -0.29,
        "Basic EPS": -0.29,
        "Diluted NI Availto Com Stockholders": -36239000.0,
        "Net Income Common Stockholders": -36239000.0,
        "Net Income": -36239000.0,
        "Net Income Including Noncontrolling Interests": -36239000.0,
        "Net Income Continuous Operations": -36239000.0,
        "Tax Provision": 213000.0,
        "Pretax Income": -36026000.0,
        "Other Income Expense": -313000.0,
        "Earnings From Equity Interest": -383000.0,
        "Gain On Sale Of Security": 70000.0,
        "Net Non Operating Interest Income Expense": 3564000.0,
        "Interest Expense Non Operating": 302000.0,
        "Interest Income Non Operating": 3866000.0,
        "Operating Income": -39277000.0,
        "Operating Expense": 35937000.0,
        "Other Operating Expenses": -5977000.0,
        "Research And Development": 25112000.0,
        "Selling General And Administration": 16802000.0,
        "General And Administrative Expense": 16802000.0,
        "Other Gand A": 16802000.0,
        "Gross Profit": -3340000.0,
        "Cost Of Revenue": 7759000.0,
        "Total Revenue": 4419000.0,
        "Operating Revenue": 4419000.0
    },
    "2024-09-30": {
        "Tax Effect Of Unusual Items": -1998.9,
        "Tax Rate For Calcs": 0.0009,
        "Normalized EBITDA": -44781000.0,
        "Total Unusual Items": -2221000.0,
        "Total Unusual Items Excluding Goodwill": -2221000.0,
        "Net Income From Continuing Operation Net Minority Interest": -52133000.0,
        "Reconciled Depreciation": 4899000.0,
        "Reconciled Cost Of Revenue": 7530000.0,
        "EBITDA": -47002000.0,
        "EBIT": -51901000.0,
        "Net Interest Income": 3086000.0,
        "Interest Expense": 277000.0,
        "Interest Income": 3363000.0,
        "Normalized Income": -49913998.9,
        "Net Income From Continuing And Discontinued Operation": -52133000.0,
        "Total Expenses": 57485000.0,
        "Total Operating Income As Reported": -54776000.0,
        "Diluted Average Shares": 129178562.0,
        "Basic Average Shares": 129178562.0,
        "Diluted EPS": -0.4,
        "Basic EPS": -0.4,
        "Diluted NI Availto Com Stockholders": -52133000.0,
        "Net Income Common Stockholders": -52133000.0,
        "Net Income": -52133000.0,
        "Net Income Including Noncontrolling Interests": -52133000.0,
        "Net Income Continuous Operations": -52133000.0,
        "Tax Provision": -45000.0,
        "Pretax Income": -52178000.0,
        "Other Income Expense": -2709000.0,
        "Earnings From Equity Interest": -488000.0,
        "Gain On Sale Of Security": -2221000.0,
        "Net Non Operating Interest Income Expense": 3086000.0,
        "Interest Expense Non Operating": 277000.0,
        "Interest Income Non Operating": 3363000.0,
        "Operating Income": -52555000.0,
        "Operating Expense": 49955000.0,
        "Other Operating Expenses": -2577000.0,
        "Research And Development": 27234000.0,
        "Selling General And Administration": 25298000.0,
        "General And Administrative Expense": 25298000.0,
        "Other Gand A": 25298000.0,
        "Gross Profit": -2600000.0,
        "Cost Of Revenue": 7530000.0,
        "Total Revenue": 4930000.0,
        "Operating Revenue": 4930000.0
    }
}