{
    "2023-03-31": {
        "Tax Effect Of Unusual Items": 0.0,
        "Tax Rate For Calcs": 0.248,
        "Normalized EBITDA": 291230000.0,
        "Net Income From Continuing Operation Net Minority Interest": 226011000.0,
        "Reconciled Depreciation": 15261000.0,
        "Reconciled Cost Of Revenue": 2241843000.0,
        "EBITDA": 291230000.0,
        "EBIT": 275969000.0,
        "Net Interest Income": 18775000.0,
        "Interest Expense": 2645000.0,
        "Interest Income": 18775000.0,
        "Normalized Income": 226011000.0,
        "Net Income From Continuing And Discontinued Operation": 226011000.0,
        "Total Expenses": 2316620000.0,
        "Rent Expense Supplemental": 57632000.0,
        "Total Operating Income As Reported": 275969000.0,
        "Diluted Average Shares": 155472000.0,
        "Basic Average Shares": 154164000.0,
        "Diluted EPS": 1.45,
        "Basic EPS": 1.47,
        "Diluted NI Availto Com Stockholders": 226011000.0,
        "Net Income Common Stockholders": 226011000.0,
        "Net Income": 226011000.0,
        "Minority Interests": 13000.0,
        "Net Income Including Noncontrolling Interests": 225998000.0,
        "Net Income Continuous Operations": 225998000.0,
        "Tax Provision": 74580000.0,
        "Pretax Income": 300578000.0,
        "Other Income Expense": 5834000.0,
        "Other Non Operating Income Expenses": 5834000.0,
        "Net Non Operating Interest Income Expense": 18775000.0,
        "Interest Expense Non Operating": 2645000.0,
        "Interest Income Non Operating": 18775000.0,
        "Operating Income": 275969000.0,
        "Operating Expense": 74777000.0,
        "Other Operating Expenses": 68393000.0,
        "Selling General And Administration": 6384000.0,
        "Selling And Marketing Expense": 6384000.0,
        "Gross Profit": 350746000.0,
        "Cost Of Revenue": 2241843000.0,
        "Total Revenue": 2592589000.0,
        "Operating Revenue": 2592589000.0
    },
    "2022-12-31": {
        "Tax Effect Of Unusual Items": 0.0,
        "Tax Rate For Calcs": 0.331137,
        "Normalized EBITDA": 379425000.0,
        "Net Income From Continuing Operation Net Minority Interest": 219276000.0,
        "Reconciled Depreciation": 14922000.0,
        "Reconciled Cost Of Revenue": 3004662000.0,
        "EBITDA": 379425000.0,
        "EBIT": 364503000.0,
        "Net Interest Income": -10170000.0,
        "Interest Expense": NaN,
        "Interest Income": 13107000.0,
        "Normalized Income": 219276000.0,
        "Net Income From Continuing And Discontinued Operation": 219276000.0,
        "Total Expenses": 3111822000.0,
        "Rent Expense Supplemental": 54291000.0,
        "Total Operating Income As Reported": 329706000.0,
        "Diluted Average Shares": 158535000.0,
        "Basic Average Shares": 157269000.0,
        "Diluted EPS": 1.38,
        "Basic EPS": 1.39,
        "Diluted NI Availto Com Stockholders": 219276000.0,
        "Net Income Common Stockholders": 219276000.0,
        "Net Income": 219276000.0,
        "Minority Interests": 4539000.0,
        "Net Income Including Noncontrolling Interests": 214737000.0,
        "Net Income Continuous Operations": 214737000.0,
        "Tax Provision": 106311000.0,
        "Pretax Income": 321048000.0,
        "Other Income Expense": 1512000.0,
        "Other Non Operating Income Expenses": 1512000.0,
        "Net Non Operating Interest Income Expense": -10170000.0,
        "Interest Expense Non Operating": NaN,
        "Interest Income Non Operating": 13107000.0,
        "Operating Income": 329706000.0,
        "Operating Expense": 107160000.0,
        "Other Operating Expenses": 99041000.0,
        "Selling General And Administration": 8119000.0,
        "Selling And Marketing Expense": 8119000.0,
        "Gross Profit": 436866000.0,
        "Cost Of Revenue": 3004662000.0,
        "Total Revenue": 3441528000.0,
        "Operating Revenue": 3441528000.0
    },
    "2022-09-30": {
        "Tax Effect Of Unusual Items": NaN,
        "Tax Rate For Calcs": NaN,
        "Normalized EBITDA": NaN,
        "Net Income From Continuing Operation Net Minority Interest": NaN,
        "Reconciled Depreciation": NaN,
        "Reconciled Cost Of Revenue": NaN,
        "EBITDA": NaN,
        "EBIT": NaN,
        "Net Interest Income": NaN,
        "Interest Expense": 470000.0,
        "Interest Income": NaN,
        "Normalized Income": NaN,
        "Net Income From Continuing And Discontinued Operation": NaN,
        "Total Expenses": NaN,
        "Rent Expense Supplemental": NaN,
        "Total Operating Income As Reported": NaN,
        "Diluted Average Shares": NaN,
        "Basic Average Shares": NaN,
        "Diluted EPS": NaN,
        "Basic EPS": NaN,
        "Diluted NI Availto Com Stockholders": NaN,
        "Net Income Common Stockholders": NaN,
        "Net Income": NaN,
        "Minority Interests": NaN,
        "Net Income Including Noncontrolling Interests": NaN,
        "Net Income Continuous Operations": NaN,
        "Tax Provision": NaN,
        "Pretax Income": NaN,
        "Other Income Expense": NaN,
        "Other Non Operating Income Expenses": NaN,
        "Net Non Operating Interest Income Expense": NaN,
        "Interest Expense Non Operating": 470000.0,
        "Interest Income Non Operating": NaN,
        "Operating Income": NaN,
        "Operating Expense": NaN,
        "Other Operating Expenses": NaN,
        "Selling General And Administration": NaN,
        "Selling And Marketing Expense": NaN,
        "Gross Profit": NaN,
        "Cost Of Revenue": NaN,
        "Total Revenue": NaN,
        "Operating Revenue": NaN
    },
    "2022-06-30": {
        "Tax Effect Of Unusual Items": 0.0,
        "Tax Rate For Calcs": 0.248781,
        "Normalized EBITDA": 520236000.0,
        "Net Income From Continuing Operation Net Minority Interest": 377805000.0,
        "Reconciled Depreciation": 14254000.0,
        "Reconciled Cost Of Revenue": 4015022000.0,
        "EBITDA": 520236000.0,
        "EBIT": 505982000.0,
        "Net Interest Income": 2720000.0,
        "Interest Expense": NaN,
        "Interest Income": 2720000.0,
        "Normalized Income": 377805000.0,
        "Net Income From Continuing And Discontinued Operation": 377805000.0,
        "Total Expenses": 4097330000.0,
        "Rent Expense Supplemental": 51598000.0,
        "Total Operating Income As Reported": 505982000.0,
        "Diluted Average Shares": 166474000.0,
        "Basic Average Shares": 165092000.0,
        "Diluted EPS": 2.27,
        "Basic EPS": 2.29,
        "Diluted NI Availto Com Stockholders": 377805000.0,
        "Net Income Common Stockholders": 377805000.0,
        "Net Income": 377805000.0,
        "Minority Interests": -4421000.0,
        "Net Income Including Noncontrolling Interests": 382226000.0,
        "Net Income Continuous Operations": 382226000.0,
        "Tax Provision": 126582000.0,
        "Pretax Income": 508808000.0,
        "Other Income Expense": 106000.0,
        "Other Non Operating Income Expenses": 106000.0,
        "Net Non Operating Interest Income Expense": 2720000.0,
        "Interest Expense Non Operating": NaN,
        "Interest Income Non Operating": 2720000.0,
        "Operating Income": 505982000.0,
        "Operating Expense": 82308000.0,
        "Other Operating Expenses": 76421000.0,
        "Selling General And Administration": 5887000.0,
        "Selling And Marketing Expense": 5887000.0,
        "Gross Profit": 588290000.0,
        "Cost Of Revenue": 4015022000.0,
        "Total Revenue": 4603312000.0,
        "Operating Revenue": 4603312000.0
    },
    "2022-03-31": {
        "Diluted EPS": 2.05,
        "Total Revenue": NaN,
        "Gross Profit": NaN,
        "Operating Income": 462,
        "EBIT": 475,
        "Net Income": 346
    },
    "2021-12-31": {
        "Diluted EPS": 2.67,
        "Total Revenue": NaN,
        "Gross Profit": NaN,
        "Operating Income": 624,
        "EBIT": 636,
        "Net Income": 453
    },
    "2021-09-30": {
        "Diluted EPS": 2.09,
        "Total Revenue": NaN,
        "Gross Profit": NaN,
        "Operating Income": 490,
        "EBIT": 502,
        "Net Income": 359
    },
    "2021-06-30": {
        "Diluted EPS": 1.84,
        "Total Revenue": NaN,
        "Gross Profit": NaN,
        "Operating Income": 411,
        "EBIT": 423,
        "Net Income": 316
    },
    "2021-03-31": {
        "Diluted EPS": 1.67,
        "Total Revenue": NaN,
        "Gross Profit": 952,
        "Operating Income": 386,
        "EBIT": 399,
        "Net Income": 287
    },
    "2020-12-31": {
        "Diluted EPS": 1.15,
        "Total Revenue": NaN,
        "Gross Profit": 829,
        "Operating Income": 282,
        "EBIT": 296,
        "Net Income": 199
    },
    "2020-09-30": {
        "Diluted EPS": 1.12,
        "Total Revenue": NaN,
        "Gross Profit": 734,
        "Operating Income": 252,
        "EBIT": 268,
        "Net Income": 191
    },
    "2020-06-30": {
        "Diluted EPS": 1.09,
        "Total Revenue": NaN,
        "Gross Profit": 750,
        "Operating Income": 248,
        "EBIT": 262,
        "Net Income": 184
    },
    "2020-03-31": {
        "Diluted EPS": 0.71,
        "Total Revenue": NaN,
        "Gross Profit": 615,
        "Operating Income": 159,
        "EBIT": 172,
        "Net Income": 122
    },
    "2019-12-31": {
        "Diluted EPS": 0.79,
        "Total Revenue": NaN,
        "Gross Profit": 646,
        "Operating Income": 180,
        "EBIT": 193,
        "Net Income": 137
    },
    "2019-09-30": {
        "Diluted EPS": 0.92,
        "Total Revenue": NaN,
        "Gross Profit": 674,
        "Operating Income": 207,
        "EBIT": 219,
        "Net Income": 160
    },
    "2019-06-30": {
        "Diluted EPS": 0.88,
        "Total Revenue": NaN,
        "Gross Profit": 662,
        "Operating Income": 192,
        "EBIT": 205,
        "Net Income": 153
    },
    "2019-03-31": {
        "Diluted EPS": 0.8,
        "Total Revenue": NaN,
        "Gross Profit": 654,
        "Operating Income": 188,
        "EBIT": 201,
        "Net Income": 140
    },
    "2018-12-31": {
        "Diluted EPS": 1.01,
        "Total Revenue": NaN,
        "Gross Profit": 681,
        "Operating Income": 217,
        "EBIT": 230,
        "Net Income": 179
    },
    "2018-09-30": {
        "Diluted EPS": 0.92,
        "Total Revenue": NaN,
        "Gross Profit": 661,
        "Operating Income": 203,
        "EBIT": 216,
        "Net Income": 163
    },
    "2018-06-30": {
        "Diluted EPS": 0.79,
        "Total Revenue": NaN,
        "Gross Profit": 643,
        "Operating Income": 184,
        "EBIT": 197,
        "Net Income": 141
    },
    "2018-03-31": {
        "Diluted EPS": 0.76,
        "Total Revenue": NaN,
        "Gross Profit": 636,
        "Operating Income": 193,
        "EBIT": 207,
        "Net Income": 136
    },
    "2017-12-31": {
        "Diluted EPS": 0.92,
        "Total Revenue": NaN,
        "Gross Profit": 629,
        "Operating Income": 199,
        "EBIT": 212,
        "Net Income": 167
    },
    "2017-09-30": {
        "Diluted EPS": 0.66,
        "Total Revenue": NaN,
        "Gross Profit": 599,
        "Operating Income": 187,
        "EBIT": 199,
        "Net Income": 120
    },
    "2017-06-30": {
        "Diluted EPS": 0.6,
        "Total Revenue": NaN,
        "Gross Profit": 564,
        "Operating Income": 168,
        "EBIT": 180,
        "Net Income": 109
    },
    "2017-03-31": {
        "Diluted EPS": 0.51,
        "Total Revenue": NaN,
        "Gross Profit": 528,
        "Operating Income": 146,
        "EBIT": 158,
        "Net Income": 93
    },
    "2016-12-31": {
        "Diluted EPS": 0.61,
        "Total Revenue": NaN,
        "Gross Profit": 549,
        "Operating Income": 172,
        "EBIT": 184,
        "Net Income": 111
    },
    "2016-09-30": {
        "Diluted EPS": 0.59,
        "Total Revenue": NaN,
        "Gross Profit": 545,
        "Operating Income": 167,
        "EBIT": 179,
        "Net Income": 108
    },
    "2016-06-30": {
        "Diluted EPS": 0.63,
        "Total Revenue": NaN,
        "Gross Profit": 553,
        "Operating Income": 179,
        "EBIT": 191,
        "Net Income": 116
    },
    "2016-03-31": {
        "Diluted EPS": 0.53,
        "Total Revenue": NaN,
        "Gross Profit": 517,
        "Operating Income": 152,
        "EBIT": 163,
        "Net Income": 97
    },
    "2015-12-31": {
        "Diluted EPS": 0.62,
        "Total Revenue": NaN,
        "Gross Profit": 536,
        "Operating Income": 178,
        "EBIT": 190,
        "Net Income": 114
    },
    "2015-09-30": {
        "Diluted EPS": 0.62,
        "Total Revenue": NaN,
        "Gross Profit": 570,
        "Operating Income": 192,
        "EBIT": 203,
        "Net Income": 118
    },
    "2015-06-30": {
        "Diluted EPS": 0.61,
        "Total Revenue": NaN,
        "Gross Profit": 552,
        "Operating Income": 183,
        "EBIT": 194,
        "Net Income": 118
    },
    "2015-03-31": {
        "Diluted EPS": 0.55,
        "Total Revenue": NaN,
        "Gross Profit": 529,
        "Operating Income": 169,
        "EBIT": 180,
        "Net Income": 107
    },
    "2014-12-31": {
        "Diluted EPS": 0.51,
        "Total Revenue": NaN,
        "Gross Profit": 519,
        "Operating Income": 158,
        "EBIT": 170,
        "Net Income": 99
    },
    "2014-09-30": {
        "Diluted EPS": 0.53,
        "Total Revenue": NaN,
        "Gross Profit": 513,
        "Operating Income": 159,
        "EBIT": 172,
        "Net Income": 102
    },
    "2014-06-30": {
        "Diluted EPS": 0.46,
        "Total Revenue": NaN,
        "Gross Profit": 485,
        "Operating Income": 142,
        "EBIT": 155,
        "Net Income": 91
    },
    "2014-03-31": {
        "Diluted EPS": 0.42,
        "Total Revenue": NaN,
        "Gross Profit": 465,
        "Operating Income": 135,
        "EBIT": 148,
        "Net Income": 84
    },
    "2013-12-31": {
        "Diluted EPS": 0.39,
        "Total Revenue": NaN,
        "Gross Profit": 478,
        "Operating Income": 134,
        "EBIT": 146,
        "Net Income": 83
    },
    "2013-09-30": {
        "Diluted EPS": 0.45,
        "Total Revenue": NaN,
        "Gross Profit": 485,
        "Operating Income": 146,
        "EBIT": 159,
        "Net Income": 92
    },
    "2013-06-30": {
        "Diluted EPS": 0.45,
        "Total Revenue": NaN,
        "Gross Profit": 472,
        "Operating Income": 144,
        "EBIT": 155,
        "Net Income": 92
    },
    "2013-03-31": {
        "Diluted EPS": 0.39,
        "Total Revenue": NaN,
        "Gross Profit": 448,
        "Operating Income": 129,
        "EBIT": 140,
        "Net Income": 80
    },
    "2012-12-31": {
        "Diluted EPS": 0.4,
        "Total Revenue": NaN,
        "Gross Profit": 470,
        "Operating Income": 128,
        "EBIT": 139,
        "Net Income": 84
    },
    "2012-09-30": {
        "Diluted EPS": 0.42,
        "Total Revenue": NaN,
        "Gross Profit": 465,
        "Operating Income": 145,
        "EBIT": 155,
        "Net Income": 88
    },
    "2012-06-30": {
        "Diluted EPS": 0.39,
        "Total Revenue": NaN,
        "Gross Profit": 454,
        "Operating Income": 132,
        "EBIT": 142,
        "Net Income": 84
    },
    "2012-03-31": {
        "Diluted EPS": 0.36,
        "Total Revenue": NaN,
        "Gross Profit": 447,
        "Operating Income": 125,
        "EBIT": 135,
        "Net Income": 77
    },
    "2011-12-31": {
        "Diluted EPS": 0.43,
        "Total Revenue": NaN,
        "Gross Profit": 487,
        "Operating Income": 155,
        "EBIT": 164,
        "Net Income": 93
    },
    "2011-09-30": {
        "Diluted EPS": 0.5,
        "Total Revenue": NaN,
        "Gross Profit": 494,
        "Operating Income": 164,
        "EBIT": 173,
        "Net Income": 107
    },
    "2011-06-30": {
        "Diluted EPS": 0.44,
        "Total Revenue": NaN,
        "Gross Profit": 473,
        "Operating Income": 152,
        "EBIT": 162,
        "Net Income": 95
    },
    "2011-03-31": {
        "Diluted EPS": 0.42,
        "Total Revenue": NaN,
        "Gross Profit": 454,
        "Operating Income": 147,
        "EBIT": 156,
        "Net Income": 91
    },
    "2010-12-31": {
        "Diluted EPS": 0.45,
        "Total Revenue": NaN,
        "Gross Profit": 453,
        "Operating Income": 149,
        "EBIT": 158,
        "Net Income": 97
    },
    "2010-09-30": {
        "Diluted EPS": 0.44,
        "Total Revenue": NaN,
        "Gross Profit": 459,
        "Operating Income": 160,
        "EBIT": 169,
        "Net Income": 96
    },
    "2010-06-30": {
        "Diluted EPS": 0.42,
        "Total Revenue": NaN,
        "Gross Profit": 419,
        "Operating Income": 138,
        "EBIT": 148,
        "Net Income": 90
    },
    "2010-03-31": {
        "Diluted EPS": 0.28,
        "Total Revenue": NaN,
        "Gross Profit": 362,
        "Operating Income": 101,
        "EBIT": 110,
        "Net Income": 61
    },
    "2009-12-31": {
        "Diluted EPS": 0.32,
        "Total Revenue": NaN,
        "Gross Profit": 370,
        "Operating Income": 110,
        "EBIT": 122,
        "Net Income": 69
    },
    "2009-09-30": {
        "Diluted EPS": 0.27,
        "Total Revenue": NaN,
        "Gross Profit": 347,
        "Operating Income": 96,
        "EBIT": 106,
        "Net Income": 58
    },
    "2009-06-30": {
        "Diluted EPS": 0.25,
        "Total Revenue": 895,
        "Gross Profit": 330,
        "Operating Income": 87,
        "EBIT": 97,
        "Net Income": 54
    },
    "2009-03-31": {
        "Diluted EPS": 0.27,
        "Total Revenue": 913,
        "Gross Profit": 337,
        "Operating Income": 91,
        "EBIT": 101,
        "Net Income": 59
    },
    "2023-06-30": {
        "Tax Effect Of Unusual Items": 0.0,
        "Tax Rate For Calcs": 0.264,
        "Normalized EBITDA": 282084000.0,
        "Net Income From Continuing Operation Net Minority Interest": 196800000.0,
        "Reconciled Depreciation": 15506000.0,
        "Reconciled Cost Of Revenue": 1921452000.0,
        "EBITDA": 282084000.0,
        "EBIT": 266578000.0,
        "Net Interest Income": 17397000.0,
        "Interest Expense": 395000.0,
        "Interest Income": 17792000.0,
        "Normalized Income": 196800000.0,
        "Net Income From Continuing And Discontinued Operation": 196800000.0,
        "Total Expenses": 1991255000.0,
        "Rent Expense Supplemental": 58205000.0,
        "Total Operating Income As Reported": 248497000.0,
        "Diluted Average Shares": 151563000.0,
        "Basic Average Shares": 150435000.0,
        "Diluted EPS": 1.3,
        "Basic EPS": 1.31,
        "Diluted NI Availto Com Stockholders": 196800000.0,
        "Net Income Common Stockholders": 196800000.0,
        "Net Income": 196800000.0,
        "Minority Interests": 1007000.0,
        "Net Income Including Noncontrolling Interests": 195793000.0,
        "Net Income Continuous Operations": 195793000.0,
        "Tax Provision": 70390000.0,
        "Pretax Income": 266183000.0,
        "Other Income Expense": 289000.0,
        "Other Non Operating Income Expenses": 289000.0,
        "Net Non Operating Interest Income Expense": 17397000.0,
        "Interest Expense Non Operating": 395000.0,
        "Interest Income Non Operating": 17792000.0,
        "Operating Income": 248497000.0,
        "Operating Expense": 69803000.0,
        "Other Operating Expenses": 63489000.0,
        "Selling General And Administration": 6314000.0,
        "Selling And Marketing Expense": 6314000.0,
        "Gross Profit": 318300000.0,
        "Cost Of Revenue": 1921452000.0,
        "Total Revenue": 2239752000.0,
        "Operating Revenue": 2239752000.0
    },
    "2023-09-30": {
        "Tax Effect Of Unusual Items": 0.0,
        "Tax Rate For Calcs": 0.263,
        "Normalized EBITDA": 249099000.0,
        "Net Income From Continuing Operation Net Minority Interest": 171353000.0,
        "Reconciled Depreciation": 15607000.0,
        "Reconciled Cost Of Revenue": 1888610000.0,
        "EBITDA": 249099000.0,
        "EBIT": 233492000.0,
        "Net Interest Income": 15555000.0,
        "Interest Expense": 1601000.0,
        "Interest Income": 17156000.0,
        "Normalized Income": 171353000.0,
        "Net Income From Continuing And Discontinued Operation": 171353000.0,
        "Total Expenses": 1973932000.0,
        "Rent Expense Supplemental": 58387000.0,
        "Total Operating Income As Reported": 216069000.0,
        "Diluted Average Shares": 148001000.0,
        "Basic Average Shares": 147099000.0,
        "Diluted EPS": 1.16,
        "Basic EPS": 1.16,
        "Diluted NI Availto Com Stockholders": 171353000.0,
        "Net Income Common Stockholders": 171353000.0,
        "Net Income": 171353000.0,
        "Minority Interests": 510000.0,
        "Net Income Including Noncontrolling Interests": 170843000.0,
        "Net Income Continuous Operations": 170843000.0,
        "Tax Provision": 61048000.0,
        "Pretax Income": 231891000.0,
        "Other Income Expense": 267000.0,
        "Other Non Operating Income Expenses": 267000.0,
        "Net Non Operating Interest Income Expense": 15555000.0,
        "Interest Expense Non Operating": 1601000.0,
        "Interest Income Non Operating": 17156000.0,
        "Operating Income": 216069000.0,
        "Operating Expense": 85322000.0,
        "Other Operating Expenses": 79173000.0,
        "Selling General And Administration": 6149000.0,
        "Selling And Marketing Expense": 6149000.0,
        "Gross Profit": 301391000.0,
        "Cost Of Revenue": 1888610000.0,
        "Total Revenue": 2190001000.0,
        "Operating Revenue": 2190001000.0
    },
    "2023-12-31": {
        "Tax Effect Of Unusual Items": 0.0,
        "Tax Rate For Calcs": 0.264498,
        "Normalized EBITDA": 237921000.0,
        "Net Income From Continuing Operation Net Minority Interest": 158719000.0,
        "Reconciled Depreciation": 21386000.0,
        "Reconciled Cost Of Revenue": 2002729000.0,
        "EBITDA": 237921000.0,
        "EBIT": 216535000.0,
        "Net Interest Income": 16569000.0,
        "Interest Expense": 159000.0,
        "Interest Income": 16728000.0,
        "Normalized Income": 158719000.0,
        "Net Income From Continuing And Discontinued Operation": 158719000.0,
        "Total Expenses": 2078370000.0,
        "Rent Expense Supplemental": 58134000.0,
        "Total Operating Income As Reported": 199398000.0,
        "Diluted Average Shares": 145891000.0,
        "Basic Average Shares": 144979000.0,
        "Diluted EPS": 1.09,
        "Basic EPS": 1.09,
        "Diluted NI Availto Com Stockholders": 158719000.0,
        "Net Income Common Stockholders": 158719000.0,
        "Net Income": 158719000.0,
        "Minority Interests": -426000.0,
        "Net Income Including Noncontrolling Interests": 159145000.0,
        "Net Income Continuous Operations": 159145000.0,
        "Tax Provision": 57231000.0,
        "Pretax Income": 216376000.0,
        "Other Income Expense": 409000.0,
        "Other Non Operating Income Expenses": 409000.0,
        "Net Non Operating Interest Income Expense": 16569000.0,
        "Interest Expense Non Operating": 159000.0,
        "Interest Income Non Operating": 16728000.0,
        "Operating Income": 199398000.0,
        "Operating Expense": 75641000.0,
        "Other Operating Expenses": 66575000.0,
        "Selling General And Administration": 9066000.0,
        "Selling And Marketing Expense": 9066000.0,
        "Gross Profit": 275039000.0,
        "Cost Of Revenue": 2002729000.0,
        "Total Revenue": 2277768000.0,
        "Operating Revenue": 2277768000.0
    },
    "2024-03-31": {
        "Tax Effect Of Unusual Items": 0.0,
        "Tax Rate For Calcs": 0.269,
        "Normalized EBITDA": 229937000.0,
        "Net Income From Continuing Operation Net Minority Interest": 169152000.0,
        "Reconciled Depreciation": 15161000.0,
        "Reconciled Cost Of Revenue": 1922855000.0,
        "EBITDA": 229937000.0,
        "EBIT": 214776000.0,
        "Net Interest Income": 14878000.0,
        "Interest Expense": NaN,
        "Interest Income": 14878000.0,
        "Normalized Income": 169152000.0,
        "Net Income From Continuing And Discontinued Operation": 169152000.0,
        "Total Expenses": 1991902000.0,
        "Rent Expense Supplemental": 61252000.0,
        "Total Operating Income As Reported": 214776000.0,
        "Diluted Average Shares": 144125000.0,
        "Basic Average Shares": 143194000.0,
        "Diluted EPS": 1.17,
        "Basic EPS": 1.18,
        "Diluted NI Availto Com Stockholders": 169152000.0,
        "Net Income Common Stockholders": 169152000.0,
        "Net Income": 169152000.0,
        "Minority Interests": -1248000.0,
        "Net Income Including Noncontrolling Interests": 170400000.0,
        "Net Income Continuous Operations": 170400000.0,
        "Tax Provision": 62782000.0,
        "Pretax Income": 233182000.0,
        "Other Income Expense": 3528000.0,
        "Other Non Operating Income Expenses": 3528000.0,
        "Net Non Operating Interest Income Expense": 14878000.0,
        "Interest Expense Non Operating": NaN,
        "Interest Income Non Operating": 14878000.0,
        "Operating Income": 214776000.0,
        "Operating Expense": 69047000.0,
        "Other Operating Expenses": 62268000.0,
        "Selling General And Administration": 6779000.0,
        "Selling And Marketing Expense": 6779000.0,
        "Gross Profit": 283823000.0,
        "Cost Of Revenue": 1922855000.0,
        "Total Revenue": 2206678000.0,
        "Operating Revenue": 2206678000.0
    }
}