{
    "2023-03-31": {
        "Tax Effect Of Unusual Items": 0.0,
        "Tax Rate For Calcs": 0.0,
        "Normalized EBITDA": -5222244.0,
        "Total Unusual Items": 0.0,
        "Total Unusual Items Excluding Goodwill": 0.0,
        "Net Income From Continuing Operation Net Minority Interest": -5739366.0,
        "Reconciled Depreciation": 63119.0,
        "Reconciled Cost Of Revenue": 0.0,
        "EBITDA": -5222244.0,
        "EBIT": -5285363.0,
        "Net Interest Income": -351523.0,
        "Interest Expense": 454003.0,
        "Interest Income": 102480.0,
        "Normalized Income": -5739366.0,
        "Net Income From Continuing And Discontinued Operation": -5739366.0,
        "Total Expenses": 5458836.0,
        "Total Operating Income As Reported": -5458836.0,
        "Diluted Average Shares": 37410587.0,
        "Basic Average Shares": 37410587.0,
        "Diluted EPS": -0.15,
        "Basic EPS": -0.15,
        "Diluted NI Availto Com Stockholders": -5739366.0,
        "Net Income Common Stockholders": -5739366.0,
        "Net Income": -5739366.0,
        "Net Income Including Noncontrolling Interests": -5739366.0,
        "Net Income Continuous Operations": -5739366.0,
        "Pretax Income": -5739366.0,
        "Other Income Expense": 70993.0,
        "Other Non Operating Income Expenses": 70993.0,
        "Special Income Charges": 0.0,
        "Write Off": 0.0,
        "Net Non Operating Interest Income Expense": -351523.0,
        "Interest Expense Non Operating": 454003.0,
        "Interest Income Non Operating": 102480.0,
        "Operating Income": -5458836.0,
        "Operating Expense": 5458836.0,
        "Other Operating Expenses": NaN,
        "Research And Development": 2521950.0,
        "Selling General And Administration": 2936886.0,
        "Selling And Marketing Expense": 195620.0,
        "General And Administrative Expense": 2741266.0,
        "Other Gand A": 921145.0,
        "Insurance And Claims": 256736.0,
        "Salaries And Wages": 1563385.0,
        "Gross Profit": 0.0,
        "Cost Of Revenue": 0.0,
        "Total Revenue": 0.0,
        "Operating Revenue": 0.0
    },
    "2022-12-31": {
        "Tax Effect Of Unusual Items": NaN,
        "Tax Rate For Calcs": NaN,
        "Normalized EBITDA": NaN,
        "Total Unusual Items": 0.0,
        "Total Unusual Items Excluding Goodwill": 0.0,
        "Net Income From Continuing Operation Net Minority Interest": NaN,
        "Reconciled Depreciation": NaN,
        "Reconciled Cost Of Revenue": 0.0,
        "EBITDA": NaN,
        "EBIT": NaN,
        "Net Interest Income": NaN,
        "Interest Expense": NaN,
        "Interest Income": NaN,
        "Normalized Income": NaN,
        "Net Income From Continuing And Discontinued Operation": NaN,
        "Total Expenses": NaN,
        "Total Operating Income As Reported": NaN,
        "Diluted Average Shares": 36701880.0,
        "Basic Average Shares": 36701880.0,
        "Diluted EPS": -0.17,
        "Basic EPS": -0.17,
        "Diluted NI Availto Com Stockholders": NaN,
        "Net Income Common Stockholders": NaN,
        "Net Income": NaN,
        "Net Income Including Noncontrolling Interests": NaN,
        "Net Income Continuous Operations": NaN,
        "Pretax Income": NaN,
        "Other Income Expense": NaN,
        "Other Non Operating Income Expenses": NaN,
        "Special Income Charges": 0.0,
        "Write Off": NaN,
        "Net Non Operating Interest Income Expense": NaN,
        "Interest Expense Non Operating": NaN,
        "Interest Income Non Operating": NaN,
        "Operating Income": NaN,
        "Operating Expense": NaN,
        "Other Operating Expenses": NaN,
        "Research And Development": NaN,
        "Selling General And Administration": NaN,
        "Selling And Marketing Expense": NaN,
        "General And Administrative Expense": NaN,
        "Other Gand A": NaN,
        "Insurance And Claims": NaN,
        "Salaries And Wages": NaN,
        "Gross Profit": 0.0,
        "Cost Of Revenue": 0.0,
        "Total Revenue": NaN,
        "Operating Revenue": NaN
    },
    "2022-09-30": {
        "Tax Effect Of Unusual Items": NaN,
        "Tax Rate For Calcs": NaN,
        "Normalized EBITDA": NaN,
        "Total Unusual Items": 0.0,
        "Total Unusual Items Excluding Goodwill": 0.0,
        "Net Income From Continuing Operation Net Minority Interest": NaN,
        "Reconciled Depreciation": NaN,
        "Reconciled Cost Of Revenue": NaN,
        "EBITDA": NaN,
        "EBIT": NaN,
        "Net Interest Income": NaN,
        "Interest Expense": NaN,
        "Interest Income": NaN,
        "Normalized Income": NaN,
        "Net Income From Continuing And Discontinued Operation": NaN,
        "Total Expenses": NaN,
        "Total Operating Income As Reported": NaN,
        "Diluted Average Shares": NaN,
        "Basic Average Shares": NaN,
        "Diluted EPS": NaN,
        "Basic EPS": NaN,
        "Diluted NI Availto Com Stockholders": NaN,
        "Net Income Common Stockholders": NaN,
        "Net Income": NaN,
        "Net Income Including Noncontrolling Interests": NaN,
        "Net Income Continuous Operations": NaN,
        "Pretax Income": NaN,
        "Other Income Expense": NaN,
        "Other Non Operating Income Expenses": NaN,
        "Special Income Charges": 0.0,
        "Write Off": NaN,
        "Net Non Operating Interest Income Expense": NaN,
        "Interest Expense Non Operating": NaN,
        "Interest Income Non Operating": NaN,
        "Operating Income": NaN,
        "Operating Expense": NaN,
        "Other Operating Expenses": NaN,
        "Research And Development": NaN,
        "Selling General And Administration": NaN,
        "Selling And Marketing Expense": NaN,
        "General And Administrative Expense": NaN,
        "Other Gand A": NaN,
        "Insurance And Claims": NaN,
        "Salaries And Wages": NaN,
        "Gross Profit": NaN,
        "Cost Of Revenue": NaN,
        "Total Revenue": NaN,
        "Operating Revenue": NaN
    },
    "2022-06-30": {
        "Tax Effect Of Unusual Items": 0.0,
        "Tax Rate For Calcs": 0.0,
        "Normalized EBITDA": -7085664.0,
        "Total Unusual Items": NaN,
        "Total Unusual Items Excluding Goodwill": NaN,
        "Net Income From Continuing Operation Net Minority Interest": -7239100.0,
        "Reconciled Depreciation": 70469.0,
        "Reconciled Cost Of Revenue": 0.0,
        "EBITDA": -7085664.0,
        "EBIT": -7085664.0,
        "Net Interest Income": -151020.0,
        "Interest Expense": 153436.0,
        "Interest Income": 2416.0,
        "Normalized Income": -7239100.0,
        "Net Income From Continuing And Discontinued Operation": -7239100.0,
        "Total Expenses": 7121456.0,
        "Total Operating Income As Reported": -7121456.0,
        "Diluted Average Shares": 33644867.0,
        "Basic Average Shares": 33644867.0,
        "Diluted EPS": -0.22,
        "Basic EPS": -0.22,
        "Diluted NI Availto Com Stockholders": -7239100.0,
        "Net Income Common Stockholders": -7239100.0,
        "Net Income": -7239100.0,
        "Net Income Including Noncontrolling Interests": -7239100.0,
        "Net Income Continuous Operations": -7239100.0,
        "Pretax Income": -7239100.0,
        "Other Income Expense": 33376.0,
        "Other Non Operating Income Expenses": 33376.0,
        "Special Income Charges": NaN,
        "Net Non Operating Interest Income Expense": -151020.0,
        "Interest Expense Non Operating": 153436.0,
        "Interest Income Non Operating": 2416.0,
        "Operating Income": -7121456.0,
        "Operating Expense": 7121456.0,
        "Research And Development": 3586866.0,
        "Selling General And Administration": 3534590.0,
        "Selling And Marketing Expense": 318198.0,
        "General And Administrative Expense": 3534590.0,
        "Other Gand A": 3534590.0,
        "Insurance And Claims": 268571.0,
        "Salaries And Wages": 1520274.0,
        "Gross Profit": 0.0,
        "Cost Of Revenue": 0.0,
        "Total Revenue": 0.0,
        "Operating Revenue": 0.0
    },
    "2022-03-31": {
        "Diluted EPS": -0.24,
        "Total Revenue": NaN,
        "Gross Profit": NaN,
        "Operating Income": -7,
        "EBIT": -7,
        "Net Income": -7
    },
    "2021-12-31": {
        "Diluted EPS": 0.12,
        "Total Revenue": 10,
        "Gross Profit": 10,
        "Operating Income": 3,
        "EBIT": 3,
        "Net Income": 3
    },
    "2021-09-30": {
        "Diluted EPS": -0.21,
        "Total Revenue": NaN,
        "Gross Profit": NaN,
        "Operating Income": -6,
        "EBIT": -6,
        "Net Income": -6
    },
    "2021-06-30": {
        "Diluted EPS": -0.19,
        "Total Revenue": 2,
        "Gross Profit": 1,
        "Operating Income": -5,
        "EBIT": -5,
        "Net Income": -5
    },
    "2021-03-31": {
        "Diluted EPS": -0.21,
        "Total Revenue": 2,
        "Gross Profit": 1,
        "Operating Income": -5,
        "EBIT": -5,
        "Net Income": -5
    },
    "2020-12-31": {
        "Diluted EPS": -0.15,
        "Total Revenue": NaN,
        "Gross Profit": NaN,
        "Operating Income": -6,
        "EBIT": -6,
        "Net Income": -4
    },
    "2020-09-30": {
        "Diluted EPS": -0.23,
        "Total Revenue": NaN,
        "Gross Profit": NaN,
        "Operating Income": -5,
        "EBIT": -5,
        "Net Income": -5
    },
    "2020-06-30": {
        "Diluted EPS": -0.25,
        "Total Revenue": NaN,
        "Gross Profit": NaN,
        "Operating Income": -5,
        "EBIT": -5,
        "Net Income": -5
    },
    "2020-03-31": {
        "Diluted EPS": -0.31,
        "Total Revenue": NaN,
        "Gross Profit": NaN,
        "Operating Income": -5,
        "EBIT": -5,
        "Net Income": -5
    },
    "2019-12-31": {
        "Diluted EPS": -0.24,
        "Total Revenue": NaN,
        "Gross Profit": NaN,
        "Operating Income": -5,
        "EBIT": -5,
        "Net Income": -5
    },
    "2019-09-30": {
        "Diluted EPS": -0.29,
        "Total Revenue": NaN,
        "Gross Profit": NaN,
        "Operating Income": -5,
        "EBIT": -5,
        "Net Income": -5
    },
    "2019-06-30": {
        "Diluted EPS": -0.44,
        "Total Revenue": NaN,
        "Gross Profit": NaN,
        "Operating Income": -5,
        "EBIT": -5,
        "Net Income": -5
    },
    "2019-03-31": {
        "Diluted EPS": -0.5,
        "Total Revenue": NaN,
        "Gross Profit": NaN,
        "Operating Income": -6,
        "EBIT": -6,
        "Net Income": -6
    },
    "2018-12-31": {
        "Diluted EPS": -0.61,
        "Total Revenue": NaN,
        "Gross Profit": NaN,
        "Operating Income": -6,
        "EBIT": -6,
        "Net Income": -6
    },
    "2018-09-30": {
        "Diluted EPS": -0.43,
        "Total Revenue": NaN,
        "Gross Profit": NaN,
        "Operating Income": -4,
        "EBIT": -4,
        "Net Income": -4
    },
    "2018-06-30": {
        "Diluted EPS": -0.33,
        "Total Revenue": NaN,
        "Gross Profit": NaN,
        "Operating Income": -3,
        "EBIT": -3,
        "Net Income": -3
    },
    "2018-03-31": {
        "Diluted EPS": -0.45,
        "Total Revenue": NaN,
        "Gross Profit": NaN,
        "Operating Income": -3,
        "EBIT": -3,
        "Net Income": -3
    },
    "2017-12-31": {
        "Diluted EPS": -1.17,
        "Total Revenue": NaN,
        "Gross Profit": NaN,
        "Operating Income": -2,
        "EBIT": -2,
        "Net Income": -2
    },
    "2017-09-30": {
        "Diluted EPS": -0.1,
        "Total Revenue": NaN,
        "Gross Profit": NaN,
        "Operating Income": -1,
        "EBIT": -1,
        "Net Income": -1
    },
    "2017-06-30": {
        "Diluted EPS": -0.43,
        "Total Revenue": NaN,
        "Gross Profit": NaN,
        "Operating Income": -1,
        "EBIT": -1,
        "Net Income": -1
    },
    "2017-03-31": {
        "Diluted EPS": -0.49,
        "Total Revenue": NaN,
        "Gross Profit": NaN,
        "Operating Income": -1,
        "EBIT": -1,
        "Net Income": -1
    },
    "2016-12-31": {
        "Diluted EPS": 0.0,
        "Total Revenue": NaN,
        "Gross Profit": NaN,
        "Operating Income": NaN,
        "EBIT": NaN,
        "Net Income": NaN
    },
    "2016-09-30": {
        "Diluted EPS": 0.0,
        "Total Revenue": NaN,
        "Gross Profit": NaN,
        "Operating Income": NaN,
        "EBIT": NaN,
        "Net Income": NaN
    },
    "2015-12-31": {
        "Diluted EPS": 0.0,
        "Total Revenue": NaN,
        "Gross Profit": NaN,
        "Operating Income": NaN,
        "EBIT": NaN,
        "Net Income": NaN
    },
    "2023-06-30": {
        "Tax Effect Of Unusual Items": 0.0,
        "Tax Rate For Calcs": 0.0,
        "Normalized EBITDA": -5533709.0,
        "Total Unusual Items": NaN,
        "Total Unusual Items Excluding Goodwill": NaN,
        "Net Income From Continuing Operation Net Minority Interest": -6215860.0,
        "Reconciled Depreciation": 124148.0,
        "Reconciled Cost Of Revenue": NaN,
        "EBITDA": -5533709.0,
        "EBIT": -5657857.0,
        "Net Interest Income": -374440.0,
        "Interest Expense": 558003.0,
        "Interest Income": 183563.0,
        "Normalized Income": -6215860.0,
        "Net Income From Continuing And Discontinued Operation": -6215860.0,
        "Total Expenses": 5960871.0,
        "Total Operating Income As Reported": -5960870.0,
        "Diluted Average Shares": 38093826.0,
        "Basic Average Shares": 38093826.0,
        "Diluted EPS": -0.16,
        "Basic EPS": -0.16,
        "Diluted NI Availto Com Stockholders": -6215860.0,
        "Net Income Common Stockholders": -6215860.0,
        "Net Income": -6215860.0,
        "Net Income Including Noncontrolling Interests": -6215860.0,
        "Net Income Continuous Operations": -6215860.0,
        "Pretax Income": -6215860.0,
        "Other Income Expense": 119450.0,
        "Other Non Operating Income Expenses": 119450.0,
        "Special Income Charges": NaN,
        "Write Off": NaN,
        "Net Non Operating Interest Income Expense": -374440.0,
        "Interest Expense Non Operating": 558003.0,
        "Interest Income Non Operating": 183563.0,
        "Operating Income": -5960871.0,
        "Operating Expense": 5960871.0,
        "Other Operating Expenses": NaN,
        "Research And Development": 2811061.0,
        "Selling General And Administration": 3149810.0,
        "Selling And Marketing Expense": 201516.0,
        "General And Administrative Expense": 2948294.0,
        "Other Gand A": 1181959.0,
        "Insurance And Claims": 227257.0,
        "Salaries And Wages": 1539078.0,
        "Gross Profit": NaN,
        "Cost Of Revenue": NaN,
        "Total Revenue": 0.0,
        "Operating Revenue": 0.0
    },
    "2023-09-30": {
        "Tax Effect Of Unusual Items": 0.0,
        "Tax Rate For Calcs": 0.0,
        "Normalized EBITDA": -6341094.0,
        "Total Unusual Items": NaN,
        "Total Unusual Items Excluding Goodwill": NaN,
        "Net Income From Continuing Operation Net Minority Interest": -7338733.0,
        "Reconciled Depreciation": 318417.0,
        "Reconciled Cost Of Revenue": 1198.0,
        "EBITDA": -6341094.0,
        "EBIT": -6659511.0,
        "Net Interest Income": -470321.0,
        "Interest Expense": 679222.0,
        "Interest Income": 208901.0,
        "Normalized Income": -7338733.0,
        "Net Income From Continuing And Discontinued Operation": -7338733.0,
        "Total Expenses": 6521384.0,
        "Total Operating Income As Reported": -6520186.0,
        "Diluted Average Shares": 40139697.0,
        "Basic Average Shares": 40139697.0,
        "Diluted EPS": -0.18,
        "Basic EPS": -0.18,
        "Diluted NI Availto Com Stockholders": -7338733.0,
        "Net Income Common Stockholders": -7338733.0,
        "Net Income": -7338733.0,
        "Net Income Including Noncontrolling Interests": -7338733.0,
        "Net Income Continuous Operations": -7338733.0,
        "Pretax Income": -7338733.0,
        "Other Income Expense": -348226.0,
        "Other Non Operating Income Expenses": -348226.0,
        "Special Income Charges": NaN,
        "Write Off": NaN,
        "Net Non Operating Interest Income Expense": -470321.0,
        "Interest Expense Non Operating": 679222.0,
        "Interest Income Non Operating": 208901.0,
        "Operating Income": -6520186.0,
        "Operating Expense": 6520186.0,
        "Other Operating Expenses": NaN,
        "Research And Development": 3578113.0,
        "Selling General And Administration": 2942073.0,
        "Selling And Marketing Expense": 203733.0,
        "General And Administrative Expense": 2738340.0,
        "Other Gand A": 1075948.0,
        "Insurance And Claims": 224645.0,
        "Salaries And Wages": 1437747.0,
        "Gross Profit": 0.0,
        "Cost Of Revenue": 1198.0,
        "Total Revenue": 1198.0,
        "Operating Revenue": 1198.0
    },
    "2023-12-31": {
        "Tax Effect Of Unusual Items": 0.0,
        "Tax Rate For Calcs": 0.0,
        "Normalized EBITDA": -7008991.0,
        "Total Unusual Items": NaN,
        "Total Unusual Items Excluding Goodwill": NaN,
        "Net Income From Continuing Operation Net Minority Interest": -7967137.0,
        "Reconciled Depreciation": 277524.0,
        "Reconciled Cost Of Revenue": 2589.0,
        "EBITDA": -7008991.0,
        "EBIT": -7286515.0,
        "Net Interest Income": -481955.0,
        "Interest Expense": 680623.0,
        "Interest Income": 198668.0,
        "Normalized Income": -7967137.0,
        "Net Income From Continuing And Discontinued Operation": -7967137.0,
        "Total Expenses": 7469144.0,
        "Total Operating Income As Reported": -7466554.0,
        "Diluted Average Shares": NaN,
        "Basic Average Shares": NaN,
        "Diluted EPS": NaN,
        "Basic EPS": NaN,
        "Diluted NI Availto Com Stockholders": -7967137.0,
        "Net Income Common Stockholders": -7967137.0,
        "Net Income": -7967137.0,
        "Net Income Including Noncontrolling Interests": -7967138.0,
        "Net Income Continuous Operations": -7967138.0,
        "Pretax Income": -7967138.0,
        "Other Income Expense": -18628.0,
        "Other Non Operating Income Expenses": -18628.0,
        "Special Income Charges": NaN,
        "Write Off": NaN,
        "Net Non Operating Interest Income Expense": -481955.0,
        "Interest Expense Non Operating": 680623.0,
        "Interest Income Non Operating": 198668.0,
        "Operating Income": -7466555.0,
        "Operating Expense": 7466555.0,
        "Other Operating Expenses": NaN,
        "Research And Development": 4064708.0,
        "Selling General And Administration": 3401847.0,
        "Selling And Marketing Expense": 496533.0,
        "General And Administrative Expense": 2905314.0,
        "Other Gand A": 1182179.0,
        "Insurance And Claims": 224645.0,
        "Salaries And Wages": 1498490.0,
        "Gross Profit": 0.0,
        "Cost Of Revenue": 2589.0,
        "Total Revenue": 2589.0,
        "Operating Revenue": 2589.0
    },
    "2024-03-31": {
        "Tax Effect Of Unusual Items": 0.0,
        "Tax Rate For Calcs": 0.0,
        "Normalized EBITDA": -9797681.0,
        "Total Unusual Items": -198034.0,
        "Total Unusual Items Excluding Goodwill": -198034.0,
        "Net Income From Continuing Operation Net Minority Interest": -10922101.0,
        "Reconciled Depreciation": 247728.0,
        "Reconciled Cost Of Revenue": 4993.0,
        "EBITDA": -9995715.0,
        "EBIT": -10243443.0,
        "Net Interest Income": -557719.0,
        "Interest Expense": 678658.0,
        "Interest Income": 120939.0,
        "Normalized Income": -10724067.0,
        "Net Income From Continuing And Discontinued Operation": -10922101.0,
        "Total Expenses": 10073783.0,
        "Total Operating Income As Reported": -10266824.0,
        "Diluted Average Shares": 46606790.0,
        "Basic Average Shares": 46606790.0,
        "Diluted EPS": -0.23,
        "Basic EPS": -0.23,
        "Diluted NI Availto Com Stockholders": -10922101.0,
        "Net Income Common Stockholders": -10922101.0,
        "Net Income": -10922101.0,
        "Net Income Including Noncontrolling Interests": -10922101.0,
        "Net Income Continuous Operations": -10922101.0,
        "Pretax Income": -10922101.0,
        "Other Income Expense": -295592.0,
        "Other Non Operating Income Expenses": -97558.0,
        "Special Income Charges": -198034.0,
        "Write Off": 198034.0,
        "Net Non Operating Interest Income Expense": -557719.0,
        "Interest Expense Non Operating": 678658.0,
        "Interest Income Non Operating": 120939.0,
        "Operating Income": -10068790.0,
        "Operating Expense": 10068790.0,
        "Other Operating Expenses": 2000000.0,
        "Research And Development": 4431601.0,
        "Selling General And Administration": 3637189.0,
        "Selling And Marketing Expense": 186228.0,
        "General And Administrative Expense": 3450961.0,
        "Other Gand A": 1294138.0,
        "Insurance And Claims": 219134.0,
        "Salaries And Wages": 1937689.0,
        "Gross Profit": 0.0,
        "Cost Of Revenue": 4993.0,
        "Total Revenue": 4993.0,
        "Operating Revenue": 4993.0
    }
}