{
    "2023-03-31": {
        "Tax Effect Of Unusual Items": 0.0,
        "Tax Rate For Calcs": 0.0,
        "Normalized EBITDA": -20247000.0,
        "Total Unusual Items": 0.0,
        "Total Unusual Items Excluding Goodwill": 0.0,
        "Net Income From Continuing Operation Net Minority Interest": -21164000.0,
        "Reconciled Depreciation": 105000.0,
        "Reconciled Cost Of Revenue": 535000.0,
        "EBITDA": -20247000.0,
        "EBIT": -20352000.0,
        "Net Interest Income": 390000.0,
        "Interest Expense": 812000.0,
        "Interest Income": 1202000.0,
        "Normalized Income": -21164000.0,
        "Net Income From Continuing And Discontinued Operation": -21164000.0,
        "Total Expenses": 29237000.0,
        "Total Operating Income As Reported": -21554000.0,
        "Diluted Average Shares": 37486000.0,
        "Basic Average Shares": 37486000.0,
        "Diluted EPS": -0.56,
        "Basic EPS": -0.56,
        "Diluted NI Availto Com Stockholders": -21164000.0,
        "Net Income Common Stockholders": -21164000.0,
        "Net Income": -21164000.0,
        "Net Income Including Noncontrolling Interests": -21164000.0,
        "Net Income Continuous Operations": -21164000.0,
        "Pretax Income": -21164000.0,
        "Other Income Expense": NaN,
        "Special Income Charges": 0.0,
        "Other Special Charges": NaN,
        "Net Non Operating Interest Income Expense": 390000.0,
        "Interest Expense Non Operating": 812000.0,
        "Interest Income Non Operating": 1202000.0,
        "Operating Income": -21554000.0,
        "Operating Expense": 28597000.0,
        "Depreciation Amortization Depletion Income Statement": 0.0,
        "Depreciation And Amortization In Income Statement": 0.0,
        "Amortization": 0.0,
        "Amortization Of Intangibles Income Statement": 0.0,
        "Research And Development": 13618000.0,
        "Selling General And Administration": 14979000.0,
        "Selling And Marketing Expense": 5737000.0,
        "General And Administrative Expense": 9242000.0,
        "Other Gand A": 9242000.0,
        "Gross Profit": 7043000.0,
        "Cost Of Revenue": 640000.0,
        "Total Revenue": 7683000.0,
        "Operating Revenue": 7683000.0
    },
    "2022-12-31": {
        "Tax Effect Of Unusual Items": 0.0,
        "Tax Rate For Calcs": 0.0,
        "Normalized EBITDA": -21637000.0,
        "Total Unusual Items": -20699000.0,
        "Total Unusual Items Excluding Goodwill": -20699000.0,
        "Net Income From Continuing Operation Net Minority Interest": -43452000.0,
        "Reconciled Depreciation": 335000.0,
        "Reconciled Cost Of Revenue": 3280000.0,
        "EBITDA": -42336000.0,
        "EBIT": -42671000.0,
        "Net Interest Income": 283000.0,
        "Interest Expense": 781000.0,
        "Interest Income": 1064000.0,
        "Normalized Income": -22753000.0,
        "Net Income From Continuing And Discontinued Operation": -43452000.0,
        "Total Expenses": 33569000.0,
        "Total Operating Income As Reported": -43735000.0,
        "Diluted Average Shares": 37352000.0,
        "Basic Average Shares": 37352000.0,
        "Diluted EPS": -1.16,
        "Basic EPS": -1.16,
        "Diluted NI Availto Com Stockholders": -43452000.0,
        "Net Income Common Stockholders": -43452000.0,
        "Net Income": -43452000.0,
        "Net Income Including Noncontrolling Interests": -43452000.0,
        "Net Income Continuous Operations": -43452000.0,
        "Pretax Income": -43452000.0,
        "Other Income Expense": -20699000.0,
        "Special Income Charges": -20699000.0,
        "Other Special Charges": 0.0,
        "Net Non Operating Interest Income Expense": 283000.0,
        "Interest Expense Non Operating": 781000.0,
        "Interest Income Non Operating": 1064000.0,
        "Operating Income": -23036000.0,
        "Operating Expense": 30159000.0,
        "Depreciation Amortization Depletion Income Statement": 205000.0,
        "Depreciation And Amortization In Income Statement": 205000.0,
        "Amortization": 205000.0,
        "Amortization Of Intangibles Income Statement": 205000.0,
        "Research And Development": 15543000.0,
        "Selling General And Administration": 14411000.0,
        "Selling And Marketing Expense": 5915000.0,
        "General And Administrative Expense": 8496000.0,
        "Other Gand A": 8496000.0,
        "Gross Profit": 7123000.0,
        "Cost Of Revenue": 3410000.0,
        "Total Revenue": 10533000.0,
        "Operating Revenue": 10533000.0
    },
    "2022-09-30": {
        "Tax Effect Of Unusual Items": 0.0,
        "Tax Rate For Calcs": 0.0,
        "Normalized EBITDA": -17143000.0,
        "Total Unusual Items": 0.0,
        "Total Unusual Items Excluding Goodwill": 0.0,
        "Net Income From Continuing Operation Net Minority Interest": -18420000.0,
        "Reconciled Depreciation": 615000.0,
        "Reconciled Cost Of Revenue": 1405000.0,
        "EBITDA": -17143000.0,
        "EBIT": -17758000.0,
        "Net Interest Income": -22000.0,
        "Interest Expense": 662000.0,
        "Interest Income": 640000.0,
        "Normalized Income": -18420000.0,
        "Net Income From Continuing And Discontinued Operation": -18420000.0,
        "Total Expenses": 28410000.0,
        "Total Operating Income As Reported": -18398000.0,
        "Diluted Average Shares": 37338000.0,
        "Basic Average Shares": 37338000.0,
        "Diluted EPS": -0.49,
        "Basic EPS": -0.49,
        "Diluted NI Availto Com Stockholders": -18420000.0,
        "Net Income Common Stockholders": -18420000.0,
        "Net Income": -18420000.0,
        "Net Income Including Noncontrolling Interests": -18420000.0,
        "Net Income Continuous Operations": -18420000.0,
        "Pretax Income": -18420000.0,
        "Other Income Expense": NaN,
        "Special Income Charges": 0.0,
        "Other Special Charges": NaN,
        "Impairment Of Capital Assets": NaN,
        "Net Non Operating Interest Income Expense": -22000.0,
        "Interest Expense Non Operating": 662000.0,
        "Interest Income Non Operating": 640000.0,
        "Operating Income": -18398000.0,
        "Operating Expense": 27005000.0,
        "Depreciation Amortization Depletion Income Statement": 615000.0,
        "Depreciation And Amortization In Income Statement": 615000.0,
        "Amortization": 615000.0,
        "Amortization Of Intangibles Income Statement": 615000.0,
        "Research And Development": 11162000.0,
        "Selling General And Administration": 15228000.0,
        "Selling And Marketing Expense": 6016000.0,
        "General And Administrative Expense": 9212000.0,
        "Other Gand A": 9212000.0,
        "Gross Profit": 8607000.0,
        "Cost Of Revenue": 1405000.0,
        "Total Revenue": 10012000.0,
        "Operating Revenue": 10012000.0
    },
    "2022-06-30": {
        "Tax Effect Of Unusual Items": 0.0,
        "Tax Rate For Calcs": 0.0,
        "Normalized EBITDA": -18239000.0,
        "Total Unusual Items": 0.0,
        "Total Unusual Items Excluding Goodwill": 0.0,
        "Net Income From Continuing Operation Net Minority Interest": -19406000.0,
        "Reconciled Depreciation": 615000.0,
        "Reconciled Cost Of Revenue": 1734000.0,
        "EBITDA": -18239000.0,
        "EBIT": -18854000.0,
        "Net Interest Income": -190000.0,
        "Interest Expense": 552000.0,
        "Interest Income": 362000.0,
        "Normalized Income": -19406000.0,
        "Net Income From Continuing And Discontinued Operation": -19406000.0,
        "Total Expenses": 30781000.0,
        "Total Operating Income As Reported": -19216000.0,
        "Diluted Average Shares": 37322000.0,
        "Basic Average Shares": 37322000.0,
        "Diluted EPS": -0.52,
        "Basic EPS": -0.52,
        "Diluted NI Availto Com Stockholders": -19406000.0,
        "Net Income Common Stockholders": -19406000.0,
        "Net Income": -19406000.0,
        "Net Income Including Noncontrolling Interests": -19406000.0,
        "Net Income Continuous Operations": -19406000.0,
        "Pretax Income": -19406000.0,
        "Other Income Expense": NaN,
        "Special Income Charges": 0.0,
        "Other Special Charges": NaN,
        "Impairment Of Capital Assets": NaN,
        "Net Non Operating Interest Income Expense": -190000.0,
        "Interest Expense Non Operating": 552000.0,
        "Interest Income Non Operating": 362000.0,
        "Operating Income": -19216000.0,
        "Operating Expense": 29047000.0,
        "Depreciation Amortization Depletion Income Statement": 615000.0,
        "Depreciation And Amortization In Income Statement": 615000.0,
        "Amortization": 615000.0,
        "Amortization Of Intangibles Income Statement": 615000.0,
        "Research And Development": 12992000.0,
        "Selling General And Administration": 15440000.0,
        "Selling And Marketing Expense": 6883000.0,
        "General And Administrative Expense": 8557000.0,
        "Other Gand A": 8557000.0,
        "Gross Profit": 9831000.0,
        "Cost Of Revenue": 1734000.0,
        "Total Revenue": 11565000.0,
        "Operating Revenue": 11565000.0
    },
    "2022-03-31": {
        "Diluted EPS": -0.56,
        "Total Revenue": 9,
        "Gross Profit": 8,
        "Operating Income": -18,
        "EBIT": -17,
        "Net Income": -21
    },
    "2021-12-31": {
        "Diluted EPS": -0.6,
        "Total Revenue": 12,
        "Gross Profit": 9,
        "Operating Income": -18,
        "EBIT": -17,
        "Net Income": -19
    },
    "2021-09-30": {
        "Diluted EPS": -0.58,
        "Total Revenue": 9,
        "Gross Profit": 7,
        "Operating Income": -15,
        "EBIT": -14,
        "Net Income": -17
    },
    "2021-06-30": {
        "Diluted EPS": -0.35,
        "Total Revenue": 9,
        "Gross Profit": 7,
        "Operating Income": -11,
        "EBIT": -10,
        "Net Income": -10
    },
    "2021-03-31": {
        "Diluted EPS": -0.5,
        "Total Revenue": 7,
        "Gross Profit": 6,
        "Operating Income": -11,
        "EBIT": -10,
        "Net Income": -12
    },
    "2020-12-31": {
        "Diluted EPS": -1.06,
        "Total Revenue": 7,
        "Gross Profit": 5,
        "Operating Income": -13,
        "EBIT": -12,
        "Net Income": -15
    },
    "2020-09-30": {
        "Diluted EPS": -0.3,
        "Total Revenue": 16,
        "Gross Profit": 14,
        "Operating Income": -2,
        "EBIT": -1,
        "Net Income": -4
    },
    "2020-06-30": {
        "Diluted EPS": -1.04,
        "Total Revenue": 4,
        "Gross Profit": 4,
        "Operating Income": -11,
        "EBIT": -10,
        "Net Income": -13
    },
    "2020-03-31": {
        "Diluted EPS": -1.14,
        "Total Revenue": 7,
        "Gross Profit": 7,
        "Operating Income": -11,
        "EBIT": -11,
        "Net Income": -13
    },
    "2019-12-31": {
        "Diluted EPS": -0.84,
        "Total Revenue": 9,
        "Gross Profit": 7,
        "Operating Income": -9,
        "EBIT": -8,
        "Net Income": -10
    },
    "2019-09-30": {
        "Diluted EPS": -1.5,
        "Total Revenue": 3,
        "Gross Profit": 2,
        "Operating Income": -14,
        "EBIT": -13,
        "Net Income": -16
    },
    "2019-06-30": {
        "Diluted EPS": -1.1,
        "Total Revenue": 7,
        "Gross Profit": 7,
        "Operating Income": -10,
        "EBIT": -9,
        "Net Income": -11
    },
    "2019-03-31": {
        "Diluted EPS": -2.0,
        "Total Revenue": 2,
        "Gross Profit": 2,
        "Operating Income": -15,
        "EBIT": -14,
        "Net Income": -19
    },
    "2018-12-31": {
        "Diluted EPS": 0.0,
        "Total Revenue": NaN,
        "Gross Profit": NaN,
        "Operating Income": NaN,
        "EBIT": NaN,
        "Net Income": NaN
    },
    "2018-09-30": {
        "Diluted EPS": -4.4,
        "Total Revenue": 0,
        "Gross Profit": 0,
        "Operating Income": -14,
        "EBIT": -13,
        "Net Income": -33
    },
    "2018-06-30": {
        "Diluted EPS": -6.2,
        "Total Revenue": 1,
        "Gross Profit": 1,
        "Operating Income": -10,
        "EBIT": -9,
        "Net Income": -34
    },
    "2018-03-31": {
        "Diluted EPS": -1.5,
        "Total Revenue": 1,
        "Gross Profit": 1,
        "Operating Income": -5,
        "EBIT": -5,
        "Net Income": -7
    },
    "2017-12-31": {
        "Diluted EPS": -1.3,
        "Total Revenue": 1,
        "Gross Profit": 1,
        "Operating Income": 1,
        "EBIT": 1,
        "Net Income": -6
    },
    "2017-09-30": {
        "Diluted EPS": -1.5,
        "Total Revenue": 0,
        "Gross Profit": 0,
        "Operating Income": -6,
        "EBIT": -6,
        "Net Income": -6
    },
    "2017-06-30": {
        "Diluted EPS": 0.0,
        "Total Revenue": NaN,
        "Gross Profit": NaN,
        "Operating Income": NaN,
        "EBIT": NaN,
        "Net Income": NaN
    },
    "2017-03-31": {
        "Diluted EPS": -1.5,
        "Total Revenue": 1,
        "Gross Profit": 1,
        "Operating Income": -5,
        "EBIT": -10,
        "Net Income": -5
    },
    "2016-12-31": {
        "Diluted EPS": 0.0,
        "Total Revenue": 6,
        "Gross Profit": 6,
        "Operating Income": 6,
        "EBIT": 1,
        "Net Income": 0
    },
    "2016-09-30": {
        "Diluted EPS": -2.1,
        "Total Revenue": 0,
        "Gross Profit": 0,
        "Operating Income": -7,
        "EBIT": -7,
        "Net Income": -7
    },
    "2016-06-30": {
        "Diluted EPS": 0.0,
        "Total Revenue": NaN,
        "Gross Profit": NaN,
        "Operating Income": NaN,
        "EBIT": NaN,
        "Net Income": NaN
    },
    "2016-03-31": {
        "Diluted EPS": -1.5,
        "Total Revenue": 0,
        "Gross Profit": 0,
        "Operating Income": -5,
        "EBIT": -4,
        "Net Income": -5
    },
    "2015-12-31": {
        "Diluted EPS": -1.8,
        "Total Revenue": 1,
        "Gross Profit": 1,
        "Operating Income": 1,
        "EBIT": 1,
        "Net Income": -5
    },
    "2015-09-30": {
        "Diluted EPS": -1.7,
        "Total Revenue": 0,
        "Gross Profit": 0,
        "Operating Income": -5,
        "EBIT": -5,
        "Net Income": -5
    },
    "2015-06-30": {
        "Diluted EPS": 0.0,
        "Total Revenue": NaN,
        "Gross Profit": NaN,
        "Operating Income": NaN,
        "EBIT": NaN,
        "Net Income": NaN
    },
    "2015-03-31": {
        "Diluted EPS": -1.7,
        "Total Revenue": 0,
        "Gross Profit": 0,
        "Operating Income": -5,
        "EBIT": -4,
        "Net Income": -5
    },
    "2014-12-31": {
        "Diluted EPS": -1.4,
        "Total Revenue": 1,
        "Gross Profit": 1,
        "Operating Income": 1,
        "EBIT": 1,
        "Net Income": -4
    },
    "2014-09-30": {
        "Diluted EPS": 6.7,
        "Total Revenue": 25,
        "Gross Profit": 25,
        "Operating Income": 21,
        "EBIT": 21,
        "Net Income": 21
    },
    "2014-06-30": {
        "Diluted EPS": 0.0,
        "Total Revenue": NaN,
        "Gross Profit": NaN,
        "Operating Income": NaN,
        "EBIT": NaN,
        "Net Income": NaN
    },
    "2014-03-31": {
        "Diluted EPS": -0.8,
        "Total Revenue": 2,
        "Gross Profit": 2,
        "Operating Income": -2,
        "EBIT": -2,
        "Net Income": -2
    },
    "2013-12-31": {
        "Diluted EPS": -1.3,
        "Total Revenue": 1,
        "Gross Profit": 1,
        "Operating Income": 1,
        "EBIT": 1,
        "Net Income": -4
    },
    "2013-09-30": {
        "Diluted EPS": -1.4,
        "Total Revenue": 1,
        "Gross Profit": 1,
        "Operating Income": -4,
        "EBIT": -4,
        "Net Income": -4
    },
    "2013-06-30": {
        "Diluted EPS": 0.0,
        "Total Revenue": NaN,
        "Gross Profit": NaN,
        "Operating Income": NaN,
        "EBIT": NaN,
        "Net Income": NaN
    },
    "2013-03-31": {
        "Diluted EPS": -1.2,
        "Total Revenue": 1,
        "Gross Profit": 1,
        "Operating Income": -3,
        "EBIT": -2,
        "Net Income": -3
    },
    "2012-12-31": {
        "Diluted EPS": -1.1,
        "Total Revenue": 1,
        "Gross Profit": 1,
        "Operating Income": 1,
        "EBIT": 1,
        "Net Income": -3
    },
    "2012-09-30": {
        "Diluted EPS": -1.1,
        "Total Revenue": 1,
        "Gross Profit": 1,
        "Operating Income": -3,
        "EBIT": -3,
        "Net Income": -3
    },
    "2012-06-30": {
        "Diluted EPS": 0.0,
        "Total Revenue": NaN,
        "Gross Profit": NaN,
        "Operating Income": NaN,
        "EBIT": NaN,
        "Net Income": NaN
    },
    "2012-03-31": {
        "Diluted EPS": -1.3,
        "Total Revenue": 1,
        "Gross Profit": 1,
        "Operating Income": -3,
        "EBIT": 14,
        "Net Income": -3
    },
    "2011-12-31": {
        "Diluted EPS": -8.4,
        "Total Revenue": 1,
        "Gross Profit": 1,
        "Operating Income": 1,
        "EBIT": 16,
        "Net Income": -17
    },
    "2011-09-30": {
        "Diluted EPS": -1.2,
        "Total Revenue": 2,
        "Gross Profit": 2,
        "Operating Income": -3,
        "EBIT": -3,
        "Net Income": -2
    },
    "2011-06-30": {
        "Diluted EPS": 0.0,
        "Total Revenue": NaN,
        "Gross Profit": NaN,
        "Operating Income": NaN,
        "EBIT": NaN,
        "Net Income": NaN
    },
    "2011-03-31": {
        "Diluted EPS": -1.3,
        "Total Revenue": 0,
        "Gross Profit": 0,
        "Operating Income": -3,
        "EBIT": -1,
        "Net Income": -3
    },
    "2010-12-31": {
        "Diluted EPS": -1.5,
        "Total Revenue": 0,
        "Gross Profit": 0,
        "Operating Income": 0,
        "EBIT": 1,
        "Net Income": -3
    },
    "2010-09-30": {
        "Diluted EPS": -1.7,
        "Total Revenue": 0,
        "Gross Profit": 0,
        "Operating Income": -3,
        "EBIT": -3,
        "Net Income": -3
    },
    "2010-06-30": {
        "Diluted EPS": 0.0,
        "Total Revenue": NaN,
        "Gross Profit": NaN,
        "Operating Income": NaN,
        "EBIT": NaN,
        "Net Income": NaN
    },
    "2010-03-31": {
        "Diluted EPS": -1.5,
        "Total Revenue": 1,
        "Gross Profit": 1,
        "Operating Income": -3,
        "EBIT": 0,
        "Net Income": -3
    },
    "2009-12-31": {
        "Diluted EPS": 0.0,
        "Total Revenue": 3,
        "Gross Profit": 3,
        "Operating Income": 3,
        "EBIT": 5,
        "Net Income": 0
    },
    "2009-09-30": {
        "Diluted EPS": -0.9,
        "Total Revenue": 3,
        "Gross Profit": 3,
        "Operating Income": 0,
        "EBIT": 0,
        "Net Income": -2
    },
    "2009-06-30": {
        "Diluted EPS": 0.0,
        "Total Revenue": NaN,
        "Gross Profit": NaN,
        "Operating Income": NaN,
        "EBIT": NaN,
        "Net Income": NaN
    },
    "2009-03-31": {
        "Diluted EPS": -0.3,
        "Total Revenue": 3,
        "Gross Profit": 3,
        "Operating Income": -1,
        "EBIT": 2,
        "Net Income": -1
    },
    "2023-06-30": {
        "Tax Effect Of Unusual Items": 0.0,
        "Tax Rate For Calcs": 0.0,
        "Normalized EBITDA": -21006000.0,
        "Total Unusual Items": -1347000.0,
        "Total Unusual Items Excluding Goodwill": -1347000.0,
        "Net Income From Continuing Operation Net Minority Interest": -22920000.0,
        "Reconciled Depreciation": 132000.0,
        "Reconciled Cost Of Revenue": 1660000.0,
        "EBITDA": -22353000.0,
        "EBIT": -22485000.0,
        "Net Interest Income": 1188000.0,
        "Interest Expense": 435000.0,
        "Interest Income": 1623000.0,
        "Normalized Income": -21573000.0,
        "Net Income From Continuing And Discontinued Operation": -22920000.0,
        "Total Expenses": 31866000.0,
        "Total Operating Income As Reported": -22761000.0,
        "Diluted Average Shares": 37576000.0,
        "Basic Average Shares": 37576000.0,
        "Diluted EPS": -0.61,
        "Basic EPS": -0.61,
        "Diluted NI Availto Com Stockholders": -22920000.0,
        "Net Income Common Stockholders": -22920000.0,
        "Net Income": -22920000.0,
        "Net Income Including Noncontrolling Interests": -22920000.0,
        "Net Income Continuous Operations": -22920000.0,
        "Pretax Income": -22920000.0,
        "Other Income Expense": -1347000.0,
        "Special Income Charges": -1347000.0,
        "Other Special Charges": 1347000.0,
        "Net Non Operating Interest Income Expense": 1188000.0,
        "Interest Expense Non Operating": 435000.0,
        "Interest Income Non Operating": 1623000.0,
        "Operating Income": -22761000.0,
        "Operating Expense": 30074000.0,
        "Depreciation Amortization Depletion Income Statement": 0.0,
        "Depreciation And Amortization In Income Statement": 0.0,
        "Amortization": 0.0,
        "Amortization Of Intangibles Income Statement": 0.0,
        "Research And Development": 15730000.0,
        "Selling General And Administration": 14344000.0,
        "Selling And Marketing Expense": 5288000.0,
        "General And Administrative Expense": 9056000.0,
        "Other Gand A": 9056000.0,
        "Gross Profit": 7313000.0,
        "Cost Of Revenue": 1792000.0,
        "Total Revenue": 9105000.0,
        "Operating Revenue": 9105000.0
    },
    "2023-09-30": {
        "Tax Effect Of Unusual Items": 0.0,
        "Tax Rate For Calcs": 0.0,
        "Normalized EBITDA": -12497000.0,
        "Total Unusual Items": 0.0,
        "Total Unusual Items Excluding Goodwill": 0.0,
        "Net Income From Continuing Operation Net Minority Interest": -12612000.0,
        "Reconciled Depreciation": 115000.0,
        "Reconciled Cost Of Revenue": 1087000.0,
        "EBITDA": -12497000.0,
        "EBIT": -12612000.0,
        "Net Interest Income": 1786000.0,
        "Interest Expense": 0.0,
        "Interest Income": 1786000.0,
        "Normalized Income": -12612000.0,
        "Net Income From Continuing And Discontinued Operation": -12612000.0,
        "Total Expenses": 29600000.0,
        "Total Operating Income As Reported": -14398000.0,
        "Diluted Average Shares": 38341000.0,
        "Basic Average Shares": 38341000.0,
        "Diluted EPS": -0.33,
        "Basic EPS": -0.33,
        "Diluted NI Availto Com Stockholders": -12612000.0,
        "Net Income Common Stockholders": -12612000.0,
        "Net Income": -12612000.0,
        "Net Income Including Noncontrolling Interests": -12612000.0,
        "Net Income Continuous Operations": -12612000.0,
        "Pretax Income": -12612000.0,
        "Other Income Expense": NaN,
        "Special Income Charges": 0.0,
        "Other Special Charges": NaN,
        "Net Non Operating Interest Income Expense": 1786000.0,
        "Interest Expense Non Operating": 0.0,
        "Interest Income Non Operating": 1786000.0,
        "Operating Income": -14398000.0,
        "Operating Expense": 28398000.0,
        "Depreciation Amortization Depletion Income Statement": 0.0,
        "Depreciation And Amortization In Income Statement": 0.0,
        "Amortization": 0.0,
        "Amortization Of Intangibles Income Statement": 0.0,
        "Research And Development": 17363000.0,
        "Selling General And Administration": 11035000.0,
        "Selling And Marketing Expense": 479000.0,
        "General And Administrative Expense": 10556000.0,
        "Other Gand A": 10556000.0,
        "Gross Profit": 14000000.0,
        "Cost Of Revenue": 1202000.0,
        "Total Revenue": 15202000.0,
        "Operating Revenue": 15202000.0
    },
    "2023-12-31": {
        "Tax Effect Of Unusual Items": 0.0,
        "Tax Rate For Calcs": 0.0,
        "Normalized EBITDA": -13904000.0,
        "Total Unusual Items": 0.0,
        "Total Unusual Items Excluding Goodwill": 0.0,
        "Net Income From Continuing Operation Net Minority Interest": -14099000.0,
        "Reconciled Depreciation": 112000.0,
        "Reconciled Cost Of Revenue": 886000.0,
        "EBITDA": -13904000.0,
        "EBIT": -14016000.0,
        "Net Interest Income": 2338000.0,
        "Interest Expense": 0.0,
        "Interest Income": 2338000.0,
        "Normalized Income": -14099000.0,
        "Net Income From Continuing And Discontinued Operation": -14099000.0,
        "Total Expenses": 30382000.0,
        "Total Operating Income As Reported": -16354000.0,
        "Diluted Average Shares": NaN,
        "Basic Average Shares": NaN,
        "Diluted EPS": NaN,
        "Basic EPS": NaN,
        "Diluted NI Availto Com Stockholders": -14099000.0,
        "Net Income Common Stockholders": -14099000.0,
        "Net Income": -14099000.0,
        "Net Income Including Noncontrolling Interests": -14099000.0,
        "Net Income Continuous Operations": -14099000.0,
        "Pretax Income": -14016000.0,
        "Other Income Expense": 0.0,
        "Special Income Charges": 0.0,
        "Other Special Charges": 0.0,
        "Net Non Operating Interest Income Expense": 2338000.0,
        "Interest Expense Non Operating": 0.0,
        "Interest Income Non Operating": 2338000.0,
        "Operating Income": -16354000.0,
        "Operating Expense": 29384000.0,
        "Depreciation Amortization Depletion Income Statement": 0.0,
        "Depreciation And Amortization In Income Statement": 0.0,
        "Amortization": 0.0,
        "Amortization Of Intangibles Income Statement": 0.0,
        "Research And Development": 17951000.0,
        "Selling General And Administration": 11433000.0,
        "Selling And Marketing Expense": 185000.0,
        "General And Administrative Expense": 11248000.0,
        "Other Gand A": 11248000.0,
        "Gross Profit": 13030000.0,
        "Cost Of Revenue": 998000.0,
        "Total Revenue": 14028000.0,
        "Operating Revenue": 14028000.0
    }
}