{
    "2023-03-31": {
        "Tax Effect Of Unusual Items": NaN,
        "Tax Rate For Calcs": NaN,
        "Normalized EBITDA": NaN,
        "Total Unusual Items": NaN,
        "Total Unusual Items Excluding Goodwill": NaN,
        "Net Income From Continuing Operation Net Minority Interest": NaN,
        "Reconciled Depreciation": NaN,
        "Reconciled Cost Of Revenue": NaN,
        "EBITDA": NaN,
        "EBIT": NaN,
        "Net Interest Income": NaN,
        "Interest Expense": NaN,
        "Interest Income": NaN,
        "Normalized Income": NaN,
        "Net Income From Continuing And Discontinued Operation": NaN,
        "Total Expenses": NaN,
        "Total Operating Income As Reported": NaN,
        "Diluted Average Shares": NaN,
        "Basic Average Shares": NaN,
        "Diluted EPS": NaN,
        "Basic EPS": NaN,
        "Diluted NI Availto Com Stockholders": NaN,
        "Net Income Common Stockholders": NaN,
        "Net Income": NaN,
        "Net Income Including Noncontrolling Interests": NaN,
        "Net Income Continuous Operations": NaN,
        "Tax Provision": 0.0,
        "Pretax Income": NaN,
        "Other Income Expense": NaN,
        "Other Non Operating Income Expenses": NaN,
        "Special Income Charges": NaN,
        "Other Special Charges": NaN,
        "Impairment Of Capital Assets": NaN,
        "Gain On Sale Of Security": NaN,
        "Net Non Operating Interest Income Expense": NaN,
        "Interest Expense Non Operating": NaN,
        "Interest Income Non Operating": NaN,
        "Operating Income": NaN,
        "Operating Expense": NaN,
        "Other Operating Expenses": 2196646.0,
        "Depreciation Amortization Depletion Income Statement": NaN,
        "Depreciation And Amortization In Income Statement": NaN,
        "Selling General And Administration": NaN,
        "General And Administrative Expense": NaN,
        "Other Gand A": NaN,
        "Gross Profit": NaN,
        "Cost Of Revenue": NaN,
        "Total Revenue": NaN,
        "Operating Revenue": NaN
    },
    "2022-12-31": {
        "Tax Effect Of Unusual Items": NaN,
        "Tax Rate For Calcs": NaN,
        "Normalized EBITDA": NaN,
        "Total Unusual Items": NaN,
        "Total Unusual Items Excluding Goodwill": NaN,
        "Net Income From Continuing Operation Net Minority Interest": NaN,
        "Reconciled Depreciation": NaN,
        "Reconciled Cost Of Revenue": NaN,
        "EBITDA": NaN,
        "EBIT": NaN,
        "Net Interest Income": NaN,
        "Interest Expense": NaN,
        "Interest Income": NaN,
        "Normalized Income": NaN,
        "Net Income From Continuing And Discontinued Operation": NaN,
        "Total Expenses": NaN,
        "Total Operating Income As Reported": NaN,
        "Diluted Average Shares": NaN,
        "Basic Average Shares": NaN,
        "Diluted EPS": NaN,
        "Basic EPS": NaN,
        "Diluted NI Availto Com Stockholders": NaN,
        "Net Income Common Stockholders": NaN,
        "Net Income": NaN,
        "Net Income Including Noncontrolling Interests": NaN,
        "Net Income Continuous Operations": NaN,
        "Tax Provision": 0.0,
        "Pretax Income": NaN,
        "Other Income Expense": NaN,
        "Other Non Operating Income Expenses": NaN,
        "Gain On Sale Of Security": NaN,
        "Net Non Operating Interest Income Expense": NaN,
        "Interest Expense Non Operating": NaN,
        "Interest Income Non Operating": NaN,
        "Operating Income": NaN,
        "Operating Expense": NaN,
        "Other Operating Expenses": 2818106.0,
        "Depreciation Amortization Depletion Income Statement": NaN,
        "Depreciation And Amortization In Income Statement": NaN,
        "Selling General And Administration": NaN,
        "General And Administrative Expense": NaN,
        "Other Gand A": NaN,
        "Gross Profit": NaN,
        "Cost Of Revenue": NaN,
        "Total Revenue": NaN,
        "Operating Revenue": NaN
    },
    "2022-09-30": {
        "Tax Effect Of Unusual Items": NaN,
        "Tax Rate For Calcs": NaN,
        "Normalized EBITDA": NaN,
        "Total Unusual Items": NaN,
        "Total Unusual Items Excluding Goodwill": NaN,
        "Net Income From Continuing Operation Net Minority Interest": NaN,
        "Reconciled Depreciation": NaN,
        "Reconciled Cost Of Revenue": NaN,
        "EBITDA": NaN,
        "EBIT": NaN,
        "Net Interest Income": NaN,
        "Interest Expense": NaN,
        "Interest Income": NaN,
        "Normalized Income": NaN,
        "Net Income From Continuing And Discontinued Operation": NaN,
        "Total Expenses": NaN,
        "Total Operating Income As Reported": NaN,
        "Diluted Average Shares": NaN,
        "Basic Average Shares": NaN,
        "Diluted EPS": NaN,
        "Basic EPS": NaN,
        "Diluted NI Availto Com Stockholders": NaN,
        "Net Income Common Stockholders": NaN,
        "Net Income": NaN,
        "Net Income Including Noncontrolling Interests": NaN,
        "Net Income Continuous Operations": NaN,
        "Tax Provision": 0.0,
        "Pretax Income": NaN,
        "Other Income Expense": NaN,
        "Other Non Operating Income Expenses": NaN,
        "Gain On Sale Of Security": NaN,
        "Net Non Operating Interest Income Expense": NaN,
        "Interest Expense Non Operating": NaN,
        "Interest Income Non Operating": NaN,
        "Operating Income": NaN,
        "Operating Expense": NaN,
        "Other Operating Expenses": 3476261.0,
        "Depreciation Amortization Depletion Income Statement": NaN,
        "Depreciation And Amortization In Income Statement": NaN,
        "Selling General And Administration": NaN,
        "General And Administrative Expense": NaN,
        "Other Gand A": NaN,
        "Gross Profit": NaN,
        "Cost Of Revenue": NaN,
        "Total Revenue": NaN,
        "Operating Revenue": NaN
    },
    "2022-06-30": {
        "Tax Effect Of Unusual Items": 0.0,
        "Tax Rate For Calcs": 0.0,
        "Normalized EBITDA": -3387937.0,
        "Total Unusual Items": NaN,
        "Total Unusual Items Excluding Goodwill": NaN,
        "Net Income From Continuing Operation Net Minority Interest": -3872670.0,
        "Reconciled Depreciation": 458812.0,
        "Reconciled Cost Of Revenue": 3755860.0,
        "EBITDA": -3387937.0,
        "EBIT": -3846749.0,
        "Net Interest Income": -6167.0,
        "Interest Expense": 25921.0,
        "Interest Income": 19754.0,
        "Normalized Income": -3872670.0,
        "Net Income From Continuing And Discontinued Operation": -3872670.0,
        "Total Expenses": 7620934.0,
        "Total Operating Income As Reported": -3866503.0,
        "Diluted Average Shares": 3294252.0,
        "Basic Average Shares": 3294252.0,
        "Diluted EPS": -1.18,
        "Basic EPS": -1.18,
        "Diluted NI Availto Com Stockholders": -3872670.0,
        "Net Income Common Stockholders": -3872670.0,
        "Net Income": -3872670.0,
        "Net Income Including Noncontrolling Interests": -3872670.0,
        "Net Income Continuous Operations": -3872670.0,
        "Tax Provision": 0.0,
        "Pretax Income": -3872670.0,
        "Other Income Expense": NaN,
        "Special Income Charges": NaN,
        "Impairment Of Capital Assets": NaN,
        "Gain On Sale Of Security": NaN,
        "Net Non Operating Interest Income Expense": -6167.0,
        "Interest Expense Non Operating": 25921.0,
        "Interest Income Non Operating": 19754.0,
        "Operating Income": -3866503.0,
        "Operating Expense": 3865073.0,
        "Other Operating Expenses": 3406262.0,
        "Depreciation Amortization Depletion Income Statement": 458811.0,
        "Depreciation And Amortization In Income Statement": 458811.0,
        "Selling General And Administration": NaN,
        "General And Administrative Expense": NaN,
        "Other Gand A": NaN,
        "Gross Profit": -1430.0,
        "Cost Of Revenue": 3755861.0,
        "Total Revenue": 3754431.0,
        "Operating Revenue": 3754431.0
    },
    "2022-03-31": {
        "Diluted EPS": -0.98,
        "Total Revenue": 2,
        "Gross Profit": 0,
        "Operating Income": -3,
        "EBIT": -3,
        "Net Income": -3
    },
    "2021-12-31": {
        "Diluted EPS": -1.12,
        "Total Revenue": 2,
        "Gross Profit": 0,
        "Operating Income": -4,
        "EBIT": -3,
        "Net Income": -4
    },
    "2021-09-30": {
        "Diluted EPS": -1.04,
        "Total Revenue": 2,
        "Gross Profit": 0,
        "Operating Income": -2,
        "EBIT": -2,
        "Net Income": -2
    },
    "2021-06-30": {
        "Diluted EPS": -0.88,
        "Total Revenue": 2,
        "Gross Profit": 0,
        "Operating Income": -2,
        "EBIT": -2,
        "Net Income": -2
    },
    "2021-03-31": {
        "Diluted EPS": -0.64,
        "Total Revenue": 2,
        "Gross Profit": 0,
        "Operating Income": -1,
        "EBIT": -1,
        "Net Income": -1
    },
    "2020-12-31": {
        "Diluted EPS": 0.0,
        "Total Revenue": NaN,
        "Gross Profit": NaN,
        "Operating Income": NaN,
        "EBIT": NaN,
        "Net Income": NaN
    },
    "2020-09-30": {
        "Diluted EPS": -0.64,
        "Total Revenue": 1,
        "Gross Profit": 0,
        "Operating Income": -1,
        "EBIT": -1,
        "Net Income": -1
    },
    "2023-06-30": {
        "Tax Effect Of Unusual Items": NaN,
        "Tax Rate For Calcs": NaN,
        "Normalized EBITDA": NaN,
        "Total Unusual Items": -12819.0,
        "Total Unusual Items Excluding Goodwill": -12819.0,
        "Net Income From Continuing Operation Net Minority Interest": NaN,
        "Reconciled Depreciation": NaN,
        "Reconciled Cost Of Revenue": NaN,
        "EBITDA": NaN,
        "EBIT": NaN,
        "Net Interest Income": NaN,
        "Interest Expense": NaN,
        "Interest Income": NaN,
        "Normalized Income": NaN,
        "Net Income From Continuing And Discontinued Operation": NaN,
        "Total Expenses": NaN,
        "Total Operating Income As Reported": NaN,
        "Diluted Average Shares": 1387796.0,
        "Basic Average Shares": 1387796.0,
        "Diluted EPS": -1.78,
        "Basic EPS": -1.78,
        "Diluted NI Availto Com Stockholders": NaN,
        "Net Income Common Stockholders": NaN,
        "Net Income": NaN,
        "Net Income Including Noncontrolling Interests": NaN,
        "Net Income Continuous Operations": NaN,
        "Pretax Income": NaN,
        "Other Income Expense": -308189.0,
        "Other Non Operating Income Expenses": -308189.0,
        "Special Income Charges": NaN,
        "Other Special Charges": NaN,
        "Impairment Of Capital Assets": NaN,
        "Gain On Sale Of Security": -12819.0,
        "Net Non Operating Interest Income Expense": NaN,
        "Interest Expense Non Operating": NaN,
        "Interest Income Non Operating": NaN,
        "Operating Income": NaN,
        "Operating Expense": NaN,
        "Depreciation Amortization Depletion Income Statement": NaN,
        "Depreciation And Amortization In Income Statement": NaN,
        "Selling General And Administration": NaN,
        "General And Administrative Expense": NaN,
        "Other Gand A": NaN,
        "Gross Profit": NaN,
        "Cost Of Revenue": NaN,
        "Total Revenue": NaN,
        "Operating Revenue": NaN
    },
    "2023-09-30": {
        "Tax Effect Of Unusual Items": 0.0,
        "Tax Rate For Calcs": 0.0,
        "Normalized EBITDA": -1269095.0,
        "Total Unusual Items": 0.0,
        "Total Unusual Items Excluding Goodwill": 0.0,
        "Net Income From Continuing Operation Net Minority Interest": -2226738.0,
        "Reconciled Depreciation": 334866.0,
        "Reconciled Cost Of Revenue": 5757533.0,
        "EBITDA": -1269095.0,
        "EBIT": -1603961.0,
        "Net Interest Income": -613681.0,
        "Interest Expense": 622777.0,
        "Interest Income": 9096.0,
        "Normalized Income": -2226738.0,
        "Net Income From Continuing And Discontinued Operation": -2226738.0,
        "Total Expenses": 7776739.0,
        "Total Operating Income As Reported": -1613057.0,
        "Diluted Average Shares": 3816332.0,
        "Basic Average Shares": 3816332.0,
        "Diluted EPS": -0.584,
        "Basic EPS": -0.584,
        "Diluted NI Availto Com Stockholders": -2226738.0,
        "Net Income Common Stockholders": -2226738.0,
        "Net Income": -2226738.0,
        "Net Income Including Noncontrolling Interests": -2226738.0,
        "Net Income Continuous Operations": -2226738.0,
        "Pretax Income": -2226738.0,
        "Other Income Expense": NaN,
        "Other Non Operating Income Expenses": NaN,
        "Special Income Charges": 0.0,
        "Other Special Charges": NaN,
        "Impairment Of Capital Assets": 0.0,
        "Gain On Sale Of Security": NaN,
        "Net Non Operating Interest Income Expense": -613681.0,
        "Interest Expense Non Operating": 622777.0,
        "Interest Income Non Operating": 9096.0,
        "Operating Income": -1613057.0,
        "Operating Expense": 1962782.0,
        "Depreciation Amortization Depletion Income Statement": 278442.0,
        "Depreciation And Amortization In Income Statement": 278442.0,
        "Selling General And Administration": 1684340.0,
        "General And Administrative Expense": 1684340.0,
        "Other Gand A": 1684340.0,
        "Gross Profit": 349725.0,
        "Cost Of Revenue": 5813957.0,
        "Total Revenue": 6163682.0,
        "Operating Revenue": 6163682.0
    },
    "2023-12-31": {
        "Tax Effect Of Unusual Items": 0.0,
        "Tax Rate For Calcs": 0.0,
        "Normalized EBITDA": -2308231.0,
        "Total Unusual Items": 0.0,
        "Total Unusual Items Excluding Goodwill": 0.0,
        "Net Income From Continuing Operation Net Minority Interest": -3427569.0,
        "Reconciled Depreciation": 366416.0,
        "Reconciled Cost Of Revenue": 5229177.0,
        "EBITDA": -2308231.0,
        "EBIT": -2674647.0,
        "Net Interest Income": -750312.0,
        "Interest Expense": 752922.0,
        "Interest Income": 2610.0,
        "Normalized Income": -3427569.0,
        "Net Income From Continuing And Discontinued Operation": -3427569.0,
        "Total Expenses": 8432803.0,
        "Total Operating Income As Reported": -2742057.0,
        "Diluted Average Shares": NaN,
        "Basic Average Shares": NaN,
        "Diluted EPS": NaN,
        "Basic EPS": NaN,
        "Diluted NI Availto Com Stockholders": -3427569.0,
        "Net Income Common Stockholders": -3427569.0,
        "Net Income": -3427569.0,
        "Net Income Including Noncontrolling Interests": -3427569.0,
        "Net Income Continuous Operations": -3427569.0,
        "Pretax Income": -3427569.0,
        "Other Income Expense": 64800.0,
        "Other Non Operating Income Expenses": NaN,
        "Special Income Charges": NaN,
        "Other Special Charges": NaN,
        "Impairment Of Capital Assets": NaN,
        "Gain On Sale Of Security": 0.0,
        "Net Non Operating Interest Income Expense": -750312.0,
        "Interest Expense Non Operating": 752922.0,
        "Interest Income Non Operating": 2610.0,
        "Operating Income": -2742057.0,
        "Operating Expense": 3116259.0,
        "Depreciation Amortization Depletion Income Statement": 279049.0,
        "Depreciation And Amortization In Income Statement": 279049.0,
        "Selling General And Administration": 2837210.0,
        "General And Administrative Expense": 2837210.0,
        "Other Gand A": 2837210.0,
        "Gross Profit": 374202.0,
        "Cost Of Revenue": 5316544.0,
        "Total Revenue": 5690746.0,
        "Operating Revenue": 5690746.0
    },
    "2024-03-31": {
        "Tax Effect Of Unusual Items": 0.0,
        "Tax Rate For Calcs": 0.0,
        "Normalized EBITDA": -887207.0,
        "Total Unusual Items": NaN,
        "Total Unusual Items Excluding Goodwill": NaN,
        "Net Income From Continuing Operation Net Minority Interest": -1899122.0,
        "Reconciled Depreciation": 352762.0,
        "Reconciled Cost Of Revenue": 6059095.0,
        "EBITDA": -887207.0,
        "EBIT": -1239969.0,
        "Net Interest Income": -659153.0,
        "Interest Expense": 659153.0,
        "Interest Income": 0.0,
        "Normalized Income": -1899122.0,
        "Net Income From Continuing And Discontinued Operation": -1899122.0,
        "Total Expenses": 7900888.0,
        "Total Operating Income As Reported": -1303769.0,
        "Diluted Average Shares": 1702521.0,
        "Basic Average Shares": 1702521.0,
        "Diluted EPS": -1.125,
        "Basic EPS": -1.125,
        "Diluted NI Availto Com Stockholders": -1899122.0,
        "Net Income Common Stockholders": -1899122.0,
        "Net Income": -1899122.0,
        "Net Income Including Noncontrolling Interests": -1899122.0,
        "Net Income Continuous Operations": -1899122.0,
        "Pretax Income": -1899122.0,
        "Other Income Expense": 63800.0,
        "Other Non Operating Income Expenses": 63800.0,
        "Special Income Charges": NaN,
        "Other Special Charges": NaN,
        "Impairment Of Capital Assets": NaN,
        "Gain On Sale Of Security": NaN,
        "Net Non Operating Interest Income Expense": -659153.0,
        "Interest Expense Non Operating": 659153.0,
        "Interest Income Non Operating": 0.0,
        "Operating Income": -1303769.0,
        "Operating Expense": 1765553.0,
        "Depreciation Amortization Depletion Income Statement": 276522.0,
        "Depreciation And Amortization In Income Statement": 276522.0,
        "Selling General And Administration": 1489031.0,
        "General And Administrative Expense": 1489031.0,
        "Other Gand A": 1489031.0,
        "Gross Profit": 461784.0,
        "Cost Of Revenue": 6135335.0,
        "Total Revenue": 6597119.0,
        "Operating Revenue": 6597119.0
    },
    "2024-06-30": {
        "Tax Effect Of Unusual Items": 0.0,
        "Tax Rate For Calcs": 0.0,
        "Normalized EBITDA": -1117192.0,
        "Total Unusual Items": NaN,
        "Total Unusual Items Excluding Goodwill": NaN,
        "Net Income From Continuing Operation Net Minority Interest": -3361233.0,
        "Reconciled Depreciation": 341632.0,
        "Reconciled Cost Of Revenue": 6770186.0,
        "EBITDA": -1117192.0,
        "EBIT": -1458824.0,
        "Net Interest Income": -1902409.0,
        "Interest Expense": 1902409.0,
        "Interest Income": 0.0,
        "Normalized Income": -3361233.0,
        "Net Income From Continuing And Discontinued Operation": -3361233.0,
        "Total Expenses": 8917552.0,
        "Total Operating Income As Reported": -1519274.0,
        "Diluted Average Shares": 2007608.0,
        "Basic Average Shares": 2007608.0,
        "Diluted EPS": -1.67,
        "Basic EPS": -1.67,
        "Diluted NI Availto Com Stockholders": -3361233.0,
        "Net Income Common Stockholders": -3361233.0,
        "Net Income": -3361233.0,
        "Net Income Including Noncontrolling Interests": -3361233.0,
        "Net Income Continuous Operations": -3361233.0,
        "Pretax Income": -3361233.0,
        "Other Income Expense": 60450.0,
        "Other Non Operating Income Expenses": 60450.0,
        "Special Income Charges": NaN,
        "Other Special Charges": NaN,
        "Impairment Of Capital Assets": NaN,
        "Gain On Sale Of Security": NaN,
        "Net Non Operating Interest Income Expense": -1902409.0,
        "Interest Expense Non Operating": 1902409.0,
        "Interest Income Non Operating": 0.0,
        "Operating Income": -1519274.0,
        "Operating Expense": 2070102.0,
        "Depreciation Amortization Depletion Income Statement": 264368.0,
        "Depreciation And Amortization In Income Statement": 264368.0,
        "Selling General And Administration": 1805734.0,
        "General And Administrative Expense": 1805734.0,
        "Other Gand A": 1805734.0,
        "Gross Profit": 550828.0,
        "Cost Of Revenue": 6847450.0,
        "Total Revenue": 7398278.0,
        "Operating Revenue": 7398278.0
    },
    "2024-09-30": {
        "Tax Effect Of Unusual Items": 0.0,
        "Tax Rate For Calcs": 0.0,
        "Normalized EBITDA": -1204970.0,
        "Total Unusual Items": -920922.0,
        "Total Unusual Items Excluding Goodwill": -920922.0,
        "Net Income From Continuing Operation Net Minority Interest": -8075509.0,
        "Reconciled Depreciation": 347804.0,
        "Reconciled Cost Of Revenue": 6300894.0,
        "EBITDA": -2125892.0,
        "EBIT": -2473696.0,
        "Net Interest Income": -5601813.0,
        "Interest Expense": 5601813.0,
        "Interest Income": 0.0,
        "Normalized Income": -7154587.0,
        "Net Income From Continuing And Discontinued Operation": -8075509.0,
        "Total Expenses": 8598986.0,
        "Total Operating Income As Reported": -1613024.0,
        "Diluted Average Shares": 4184152.0,
        "Basic Average Shares": 4184152.0,
        "Diluted EPS": -1.95,
        "Basic EPS": -1.95,
        "Diluted NI Availto Com Stockholders": -8075509.0,
        "Net Income Common Stockholders": -8075509.0,
        "Net Income": -8075509.0,
        "Net Income Including Noncontrolling Interests": -8075509.0,
        "Net Income Continuous Operations": -8075509.0,
        "Pretax Income": -8075509.0,
        "Other Income Expense": -860672.0,
        "Other Non Operating Income Expenses": 60250.0,
        "Special Income Charges": -920922.0,
        "Other Special Charges": 907500.0,
        "Impairment Of Capital Assets": 13422.0,
        "Gain On Sale Of Security": NaN,
        "Net Non Operating Interest Income Expense": -5601813.0,
        "Interest Expense Non Operating": 5601813.0,
        "Interest Income Non Operating": 0.0,
        "Operating Income": -1613024.0,
        "Operating Expense": 2219849.0,
        "Depreciation Amortization Depletion Income Statement": 269561.0,
        "Depreciation And Amortization In Income Statement": 269561.0,
        "Selling General And Administration": 1950288.0,
        "General And Administrative Expense": 1950288.0,
        "Other Gand A": 1950288.0,
        "Gross Profit": 606825.0,
        "Cost Of Revenue": 6379137.0,
        "Total Revenue": 6985962.0,
        "Operating Revenue": 6985962.0
    }
}