{
    "2023-06-30": {
        "Tax Effect Of Unusual Items": 0.0,
        "Tax Rate For Calcs": 0.234,
        "Net Income From Continuing Operation Net Minority Interest": 138500000.0,
        "Reconciled Depreciation": 46100000.0,
        "EBIT": 212400000.0,
        "Net Interest Income": -34300000.0,
        "Interest Expense": 34300000.0,
        "Normalized Income": 138500000.0,
        "Net Income From Continuing And Discontinued Operation": 138500000.0,
        "Total Expenses": 1468800000.0,
        "Diluted Average Shares": 104500000.0,
        "Basic Average Shares": 104300000.0,
        "Diluted EPS": 1.33,
        "Basic EPS": 1.33,
        "Diluted NI Availto Com Stockholders": 138500000.0,
        "Net Income Common Stockholders": 138500000.0,
        "Net Income": 138500000.0,
        "Minority Interests": 2100000.0,
        "Net Income Including Noncontrolling Interests": 136400000.0,
        "Net Income Continuous Operations": 136400000.0,
        "Tax Provision": 41700000.0,
        "Pretax Income": 178100000.0,
        "Other Income Expense": 250300000.0,
        "Net Non Operating Interest Income Expense": -34300000.0,
        "Interest Expense Non Operating": 34300000.0,
        "Other Operating Expenses": 288000000.0,
        "Depreciation And Amortization In Income Statement": 46100000.0,
        "Selling General And Administration": 514500000.0,
        "General And Administrative Expense": 514500000.0,
        "Salaries And Wages": 514500000.0,
        "Total Revenue": 1646900000.0,
        "Operating Revenue": 1646900000.0,
        "Loss Adjustment Expense": 585900000.0,
        "Net Policyholder Benefits And Claims": 585900000.0
    },
    "2023-03-31": {
        "Tax Effect Of Unusual Items": 0.0,
        "Tax Rate For Calcs": 0.228,
        "Net Income From Continuing Operation Net Minority Interest": 45900000.0,
        "Reconciled Depreciation": 45500000.0,
        "EBIT": 88700000.0,
        "Net Interest Income": -29100000.0,
        "Interest Expense": 29100000.0,
        "Normalized Income": 45900000.0,
        "Net Income From Continuing And Discontinued Operation": 45900000.0,
        "Total Expenses": 1386500000.0,
        "Diluted Average Shares": 104800000.0,
        "Basic Average Shares": 104500000.0,
        "Diluted EPS": 0.44,
        "Basic EPS": 0.44,
        "Diluted NI Availto Com Stockholders": 45900000.0,
        "Net Income Common Stockholders": 45900000.0,
        "Net Income": 45900000.0,
        "Minority Interests": -100000.0,
        "Net Income Including Noncontrolling Interests": 46000000.0,
        "Net Income Continuous Operations": 46000000.0,
        "Tax Provision": 13600000.0,
        "Pretax Income": 59600000.0,
        "Other Income Expense": 226900000.0,
        "Net Non Operating Interest Income Expense": -29100000.0,
        "Interest Expense Non Operating": 29100000.0,
        "Other Operating Expenses": 273000000.0,
        "Depreciation And Amortization In Income Statement": 45500000.0,
        "Selling General And Administration": 487600000.0,
        "General And Administrative Expense": 487600000.0,
        "Salaries And Wages": 487600000.0,
        "Total Revenue": 1446100000.0,
        "Operating Revenue": 1446100000.0,
        "Loss Adjustment Expense": 551300000.0,
        "Net Policyholder Benefits And Claims": 551300000.0
    },
    "2022-12-31": {
        "Tax Effect Of Unusual Items": 0.0,
        "Tax Rate For Calcs": 0.068966,
        "Net Income From Continuing Operation Net Minority Interest": 54000000.0,
        "Reconciled Depreciation": 43000000.0,
        "EBIT": 88000000.0,
        "Net Interest Income": -30000000.0,
        "Interest Expense": 30000000.0,
        "Normalized Income": 54000000.0,
        "Net Income From Continuing And Discontinued Operation": 54000000.0,
        "Total Expenses": 1616000000.0,
        "Diluted Average Shares": 104900000.0,
        "Basic Average Shares": 104600000.0,
        "Diluted EPS": 0.52,
        "Basic EPS": 0.52,
        "Diluted NI Availto Com Stockholders": 54000000.0,
        "Net Income Common Stockholders": 54000000.0,
        "Net Income": 54000000.0,
        "Minority Interests": 0.0,
        "Net Income Including Noncontrolling Interests": 54000000.0,
        "Net Income Continuous Operations": 54000000.0,
        "Tax Provision": 4000000.0,
        "Pretax Income": 58000000.0,
        "Other Income Expense": 249000000.0,
        "Net Non Operating Interest Income Expense": -30000000.0,
        "Interest Expense Non Operating": 30000000.0,
        "Other Operating Expenses": 299000000.0,
        "Depreciation And Amortization In Income Statement": 43000000.0,
        "Selling General And Administration": 550000000.0,
        "General And Administrative Expense": 550000000.0,
        "Salaries And Wages": 550000000.0,
        "Total Revenue": 1674000000.0,
        "Operating Revenue": 1674000000.0
    },
    "2022-09-30": {
        "Tax Effect Of Unusual Items": 0.0,
        "Tax Rate For Calcs": 0.21,
        "Net Income From Continuing Operation Net Minority Interest": 2000000.0,
        "Reconciled Depreciation": 41000000.0,
        "EBIT": 21000000.0,
        "Net Interest Income": -24000000.0,
        "Interest Expense": 24000000.0,
        "Normalized Income": 2000000.0,
        "Net Income From Continuing And Discontinued Operation": 2000000.0,
        "Total Expenses": 1827000000.0,
        "Diluted Average Shares": 105500000.0,
        "Basic Average Shares": 105300000.0,
        "Diluted EPS": 0.02,
        "Basic EPS": 0.02,
        "Diluted NI Availto Com Stockholders": 2000000.0,
        "Net Income Common Stockholders": 2000000.0,
        "Net Income": 2000000.0,
        "Minority Interests": -1000000.0,
        "Net Income Including Noncontrolling Interests": 3000000.0,
        "Net Income Continuous Operations": 3000000.0,
        "Tax Provision": -6000000.0,
        "Pretax Income": -3000000.0,
        "Other Income Expense": 282000000.0,
        "Net Non Operating Interest Income Expense": -24000000.0,
        "Interest Expense Non Operating": 24000000.0,
        "Other Operating Expenses": 336000000.0,
        "Depreciation And Amortization In Income Statement": 41000000.0,
        "Selling General And Administration": 570000000.0,
        "General And Administrative Expense": 570000000.0,
        "Salaries And Wages": 570000000.0,
        "Total Revenue": 1824000000.0,
        "Operating Revenue": 1824000000.0
    },
    "2022-06-30": {
        "Tax Effect Of Unusual Items": 0.0,
        "Tax Rate For Calcs": 0.221,
        "Net Income From Continuing Operation Net Minority Interest": 109000000.0,
        "Reconciled Depreciation": 42000000.0,
        "EBIT": 160000000.0,
        "Net Interest Income": -19000000.0,
        "Interest Expense": 19000000.0,
        "Normalized Income": 109000000.0,
        "Net Income From Continuing And Discontinued Operation": 109000000.0,
        "Total Expenses": 1921000000.0,
        "Diluted Average Shares": 108100000.0,
        "Basic Average Shares": 107900000.0,
        "Diluted EPS": 1.01,
        "Basic EPS": 1.01,
        "Diluted NI Availto Com Stockholders": 109000000.0,
        "Net Income Common Stockholders": 109000000.0,
        "Net Income": 109000000.0,
        "Minority Interests": -1000000.0,
        "Net Income Including Noncontrolling Interests": 110000000.0,
        "Net Income Continuous Operations": 110000000.0,
        "Tax Provision": 31000000.0,
        "Pretax Income": 141000000.0,
        "Other Income Expense": 308000000.0,
        "Net Non Operating Interest Income Expense": -19000000.0,
        "Interest Expense Non Operating": 19000000.0,
        "Other Operating Expenses": 367000000.0,
        "Depreciation And Amortization In Income Statement": 42000000.0,
        "Selling General And Administration": 618000000.0,
        "General And Administrative Expense": 618000000.0,
        "Salaries And Wages": 618000000.0,
        "Total Revenue": 2062000000.0,
        "Operating Revenue": 2062000000.0
    },
    "2022-03-31": {
        "Diluted EPS": 0.88,
        "Total Revenue": NaN,
        "Gross Profit": NaN,
        "Operating Income": 173,
        "EBIT": 226,
        "Net Income": 98
    },
    "2021-12-31": {
        "Diluted EPS": 2.32,
        "Total Revenue": NaN,
        "Gross Profit": NaN,
        "Operating Income": 381,
        "EBIT": 435,
        "Net Income": 260
    },
    "2021-09-30": {
        "Diluted EPS": 4.0,
        "Total Revenue": NaN,
        "Gross Profit": NaN,
        "Operating Income": 650,
        "EBIT": 700,
        "Net Income": 445
    },
    "2021-06-30": {
        "Diluted EPS": 2.72,
        "Total Revenue": NaN,
        "Gross Profit": NaN,
        "Operating Income": 437,
        "EBIT": 489,
        "Net Income": 302
    },
    "2021-03-31": {
        "Diluted EPS": 2.1,
        "Total Revenue": NaN,
        "Gross Profit": NaN,
        "Operating Income": 346,
        "EBIT": 395,
        "Net Income": 234
    },
    "2020-12-31": {
        "Diluted EPS": 2.47,
        "Total Revenue": NaN,
        "Gross Profit": NaN,
        "Operating Income": 404,
        "EBIT": 452,
        "Net Income": 280
    },
    "2020-09-30": {
        "Diluted EPS": 1.62,
        "Total Revenue": NaN,
        "Gross Profit": NaN,
        "Operating Income": 353,
        "EBIT": 399,
        "Net Income": 182
    },
    "2020-06-30": {
        "Diluted EPS": 1.52,
        "Total Revenue": NaN,
        "Gross Profit": NaN,
        "Operating Income": 255,
        "EBIT": 306,
        "Net Income": 171
    },
    "2020-03-31": {
        "Diluted EPS": 0.55,
        "Total Revenue": NaN,
        "Gross Profit": NaN,
        "Operating Income": 102,
        "EBIT": 143,
        "Net Income": 63
    },
    "2019-12-31": {
        "Diluted EPS": 1.96,
        "Total Revenue": NaN,
        "Gross Profit": NaN,
        "Operating Income": 321,
        "EBIT": 360,
        "Net Income": 224
    },
    "2019-09-30": {
        "Diluted EPS": 1.65,
        "Total Revenue": NaN,
        "Gross Profit": NaN,
        "Operating Income": 277,
        "EBIT": 316,
        "Net Income": 187
    },
    "2019-06-30": {
        "Diluted EPS": 1.64,
        "Total Revenue": NaN,
        "Gross Profit": NaN,
        "Operating Income": 258,
        "EBIT": 297,
        "Net Income": 187
    },
    "2019-03-31": {
        "Diluted EPS": 0.97,
        "Total Revenue": NaN,
        "Gross Profit": NaN,
        "Operating Income": 168,
        "EBIT": 207,
        "Net Income": 110
    },
    "2018-12-31": {
        "Diluted EPS": 0.81,
        "Total Revenue": NaN,
        "Gross Profit": NaN,
        "Operating Income": 148,
        "EBIT": 188,
        "Net Income": 92
    },
    "2018-09-30": {
        "Diluted EPS": 1.34,
        "Total Revenue": NaN,
        "Gross Profit": NaN,
        "Operating Income": 225,
        "EBIT": 264,
        "Net Income": 151
    },
    "2018-06-30": {
        "Diluted EPS": 1.37,
        "Total Revenue": NaN,
        "Gross Profit": NaN,
        "Operating Income": 229,
        "EBIT": 267,
        "Net Income": 155
    },
    "2018-03-31": {
        "Diluted EPS": 0.67,
        "Total Revenue": NaN,
        "Gross Profit": NaN,
        "Operating Income": 118,
        "EBIT": 155,
        "Net Income": 76
    },
    "2017-12-31": {
        "Diluted EPS": 1.96,
        "Total Revenue": NaN,
        "Gross Profit": NaN,
        "Operating Income": 186,
        "EBIT": 224,
        "Net Income": 221
    },
    "2017-09-30": {
        "Diluted EPS": 0.19,
        "Total Revenue": NaN,
        "Gross Profit": NaN,
        "Operating Income": 47,
        "EBIT": 91,
        "Net Income": 21
    },
    "2017-06-30": {
        "Diluted EPS": 1.09,
        "Total Revenue": NaN,
        "Gross Profit": NaN,
        "Operating Income": 210,
        "EBIT": 248,
        "Net Income": 122
    },
    "2017-03-31": {
        "Diluted EPS": 0.52,
        "Total Revenue": NaN,
        "Gross Profit": NaN,
        "Operating Income": 108,
        "EBIT": 148,
        "Net Income": 58
    },
    "2016-12-31": {
        "Diluted EPS": 0.74,
        "Total Revenue": NaN,
        "Gross Profit": NaN,
        "Operating Income": 108,
        "EBIT": 144,
        "Net Income": 81
    },
    "2016-09-30": {
        "Diluted EPS": 0.96,
        "Total Revenue": NaN,
        "Gross Profit": NaN,
        "Operating Income": 193,
        "EBIT": 225,
        "Net Income": 107
    },
    "2016-06-30": {
        "Diluted EPS": 0.92,
        "Total Revenue": NaN,
        "Gross Profit": NaN,
        "Operating Income": 177,
        "EBIT": 208,
        "Net Income": 102
    },
    "2016-03-31": {
        "Diluted EPS": 0.47,
        "Total Revenue": NaN,
        "Gross Profit": NaN,
        "Operating Income": 98,
        "EBIT": 127,
        "Net Income": 53
    },
    "2015-12-31": {
        "Diluted EPS": 0.74,
        "Total Revenue": NaN,
        "Gross Profit": NaN,
        "Operating Income": 141,
        "EBIT": 170,
        "Net Income": 81
    },
    "2015-09-30": {
        "Diluted EPS": 0.69,
        "Total Revenue": NaN,
        "Gross Profit": NaN,
        "Operating Income": 140,
        "EBIT": 169,
        "Net Income": 76
    },
    "2015-06-30": {
        "Diluted EPS": 0.85,
        "Total Revenue": NaN,
        "Gross Profit": NaN,
        "Operating Income": 165,
        "EBIT": 194,
        "Net Income": 93
    },
    "2015-03-31": {
        "Diluted EPS": 0.34,
        "Total Revenue": NaN,
        "Gross Profit": NaN,
        "Operating Income": 80,
        "EBIT": 107,
        "Net Income": 38
    },
    "2014-12-31": {
        "Diluted EPS": 0.74,
        "Total Revenue": NaN,
        "Gross Profit": NaN,
        "Operating Income": 144,
        "EBIT": 173,
        "Net Income": 80
    },
    "2014-09-30": {
        "Diluted EPS": 0.74,
        "Total Revenue": NaN,
        "Gross Profit": NaN,
        "Operating Income": 136,
        "EBIT": 166,
        "Net Income": 81
    },
    "2014-06-30": {
        "Diluted EPS": 0.47,
        "Total Revenue": NaN,
        "Gross Profit": NaN,
        "Operating Income": 95,
        "EBIT": 120,
        "Net Income": 50
    },
    "2014-03-31": {
        "Diluted EPS": 0.2,
        "Total Revenue": NaN,
        "Gross Profit": NaN,
        "Operating Income": 51,
        "EBIT": 78,
        "Net Income": 22
    },
    "2013-12-31": {
        "Diluted EPS": 0.48,
        "Total Revenue": NaN,
        "Gross Profit": NaN,
        "Operating Income": 103,
        "EBIT": 131,
        "Net Income": 52
    },
    "2013-09-30": {
        "Diluted EPS": 0.59,
        "Total Revenue": NaN,
        "Gross Profit": NaN,
        "Operating Income": 127,
        "EBIT": 152,
        "Net Income": 64
    },
    "2013-06-30": {
        "Diluted EPS": 0.31,
        "Total Revenue": NaN,
        "Gross Profit": NaN,
        "Operating Income": 78,
        "EBIT": 102,
        "Net Income": 35
    },
    "2013-03-31": {
        "Diluted EPS": 0.33,
        "Total Revenue": NaN,
        "Gross Profit": NaN,
        "Operating Income": 75,
        "EBIT": 99,
        "Net Income": 36
    },
    "2012-12-31": {
        "Diluted EPS": 0.85,
        "Total Revenue": NaN,
        "Gross Profit": NaN,
        "Operating Income": 164,
        "EBIT": 201,
        "Net Income": 93
    },
    "2012-09-30": {
        "Diluted EPS": 0.95,
        "Total Revenue": NaN,
        "Gross Profit": NaN,
        "Operating Income": 171,
        "EBIT": 190,
        "Net Income": 103
    },
    "2012-06-30": {
        "Diluted EPS": 0.68,
        "Total Revenue": NaN,
        "Gross Profit": NaN,
        "Operating Income": 127,
        "EBIT": 145,
        "Net Income": 73
    },
    "2012-03-31": {
        "Diluted EPS": 0.29,
        "Total Revenue": 967,
        "Gross Profit": 967,
        "Operating Income": 65,
        "EBIT": 83,
        "Net Income": 31
    },
    "2011-12-31": {
        "Diluted EPS": 0.38,
        "Total Revenue": 997,
        "Gross Profit": 997,
        "Operating Income": 80,
        "EBIT": 111,
        "Net Income": 40
    },
    "2011-09-30": {
        "Diluted EPS": 0.2,
        "Total Revenue": 965,
        "Gross Profit": 965,
        "Operating Income": 57,
        "EBIT": 76,
        "Net Income": 21
    },
    "2011-06-30": {
        "Diluted EPS": 0.3,
        "Total Revenue": 927,
        "Gross Profit": 927,
        "Operating Income": 61,
        "EBIT": 80,
        "Net Income": 32
    },
    "2011-03-31": {
        "Diluted EPS": -0.15,
        "Total Revenue": 932,
        "Gross Profit": 932,
        "Operating Income": -11,
        "EBIT": 9,
        "Net Income": -15
    },
    "2010-12-31": {
        "Diluted EPS": 0.44,
        "Total Revenue": NaN,
        "Gross Profit": NaN,
        "Operating Income": 89,
        "EBIT": 110,
        "Net Income": 47
    },
    "2010-09-30": {
        "Diluted EPS": 0.31,
        "Total Revenue": NaN,
        "Gross Profit": NaN,
        "Operating Income": 70,
        "EBIT": 89,
        "Net Income": 33
    },
    "2010-06-30": {
        "Diluted EPS": 0.32,
        "Total Revenue": 970,
        "Gross Profit": 970,
        "Operating Income": 70,
        "EBIT": 90,
        "Net Income": 34
    },
    "2010-03-31": {
        "Diluted EPS": 0.13,
        "Total Revenue": 908,
        "Gross Profit": 908,
        "Operating Income": 36,
        "EBIT": 56,
        "Net Income": 14
    },
    "2009-12-31": {
        "Diluted EPS": 0.38,
        "Total Revenue": NaN,
        "Gross Profit": NaN,
        "Operating Income": 533,
        "EBIT": 555,
        "Net Income": 38
    },
    "2009-09-30": {
        "Diluted EPS": 0.37,
        "Total Revenue": NaN,
        "Gross Profit": NaN,
        "Operating Income": 84,
        "EBIT": 104,
        "Net Income": 39
    },
    "2009-06-30": {
        "Diluted EPS": 0.27,
        "Total Revenue": NaN,
        "Gross Profit": NaN,
        "Operating Income": 79,
        "EBIT": 99,
        "Net Income": 29
    },
    "2009-03-31": {
        "Diluted EPS": 0.0,
        "Total Revenue": 888,
        "Gross Profit": 888,
        "Operating Income": 24,
        "EBIT": 45,
        "Net Income": 5
    },
    "2023-09-30": {
        "Tax Effect Of Unusual Items": 0.0,
        "Tax Rate For Calcs": 0.294,
        "Net Income From Continuing Operation Net Minority Interest": -1700000.0,
        "Reconciled Depreciation": 47300000.0,
        "EBIT": 34100000.0,
        "Net Interest Income": -35800000.0,
        "Interest Expense": 35800000.0,
        "Normalized Income": -1700000.0,
        "Net Income From Continuing And Discontinued Operation": -1700000.0,
        "Total Expenses": 1482900000.0,
        "Diluted Average Shares": 104200000.0,
        "Basic Average Shares": 104200000.0,
        "Diluted EPS": -0.02,
        "Basic EPS": -0.02,
        "Diluted NI Availto Com Stockholders": -1700000.0,
        "Net Income Common Stockholders": -1700000.0,
        "Net Income": -1700000.0,
        "Minority Interests": -500000.0,
        "Net Income Including Noncontrolling Interests": -1200000.0,
        "Net Income Continuous Operations": -1200000.0,
        "Tax Provision": -500000.0,
        "Pretax Income": -1700000.0,
        "Other Income Expense": 245700000.0,
        "Net Non Operating Interest Income Expense": -35800000.0,
        "Interest Expense Non Operating": 35800000.0,
        "Other Operating Expenses": 291500000.0,
        "Depreciation And Amortization In Income Statement": 47300000.0,
        "Selling General And Administration": 485800000.0,
        "General And Administrative Expense": 485800000.0,
        "Salaries And Wages": 485800000.0,
        "Total Revenue": 1481200000.0,
        "Operating Revenue": 1481200000.0,
        "Loss Adjustment Expense": 622500000.0,
        "Net Policyholder Benefits And Claims": 622500000.0
    },
    "2023-12-31": {
        "Tax Effect Of Unusual Items": 0.0,
        "Tax Rate For Calcs": 0.106771,
        "Net Income From Continuing Operation Net Minority Interest": 34100000.0,
        "Reconciled Depreciation": 49600000.0,
        "EBIT": 71700000.0,
        "Net Interest Income": -33300000.0,
        "Interest Expense": 33300000.0,
        "Normalized Income": 34100000.0,
        "Net Income From Continuing And Discontinued Operation": 34100000.0,
        "Total Expenses": 1385500000.0,
        "Diluted Average Shares": 104400000.0,
        "Basic Average Shares": 104000000.0,
        "Diluted EPS": 0.33,
        "Basic EPS": 0.33,
        "Diluted NI Availto Com Stockholders": 34100000.0,
        "Net Income Common Stockholders": 34100000.0,
        "Net Income": 34100000.0,
        "Minority Interests": -200000.0,
        "Net Income Including Noncontrolling Interests": 34300000.0,
        "Net Income Continuous Operations": 34300000.0,
        "Tax Provision": 4100000.0,
        "Pretax Income": 38400000.0,
        "Other Income Expense": 215600000.0,
        "Net Non Operating Interest Income Expense": -33300000.0,
        "Interest Expense Non Operating": 33300000.0,
        "Other Operating Expenses": 278000000.0,
        "Depreciation And Amortization In Income Statement": 49600000.0,
        "Selling General And Administration": 501200000.0,
        "General And Administrative Expense": 501200000.0,
        "Salaries And Wages": 501200000.0,
        "Total Revenue": 1423900000.0,
        "Operating Revenue": 1423900000.0,
        "Loss Adjustment Expense": 528800000.0,
        "Net Policyholder Benefits And Claims": 528800000.0
    },
    "2024-03-31": {
        "Tax Effect Of Unusual Items": 0.0,
        "Tax Rate For Calcs": 0.199,
        "Net Income From Continuing Operation Net Minority Interest": 46700000.0,
        "Reconciled Depreciation": 50100000.0,
        "EBIT": 92600000.0,
        "Net Interest Income": -34300000.0,
        "Interest Expense": 34300000.0,
        "Normalized Income": 46700000.0,
        "Net Income From Continuing And Discontinued Operation": 46700000.0,
        "Total Expenses": 1366300000.0,
        "Diluted Average Shares": 104400000.0,
        "Basic Average Shares": 104100000.0,
        "Diluted EPS": 0.45,
        "Basic EPS": 0.45,
        "Diluted NI Availto Com Stockholders": 46700000.0,
        "Net Income Common Stockholders": 46700000.0,
        "Net Income": 46700000.0,
        "Minority Interests": 0.0,
        "Net Income Including Noncontrolling Interests": 46700000.0,
        "Net Income Continuous Operations": 46700000.0,
        "Tax Provision": 11600000.0,
        "Pretax Income": 58300000.0,
        "Other Income Expense": 223000000.0,
        "Net Non Operating Interest Income Expense": -34300000.0,
        "Interest Expense Non Operating": 34300000.0,
        "Other Operating Expenses": 279700000.0,
        "Depreciation And Amortization In Income Statement": 50100000.0,
        "Selling General And Administration": 484900000.0,
        "General And Administrative Expense": 484900000.0,
        "Salaries And Wages": 484900000.0,
        "Total Revenue": 1424600000.0,
        "Operating Revenue": 1424600000.0,
        "Loss Adjustment Expense": 517300000.0,
        "Net Policyholder Benefits And Claims": 517300000.0
    },
    "2024-06-30": {
        "Tax Effect Of Unusual Items": 0.0,
        "Tax Rate For Calcs": 0.232,
        "Net Income From Continuing Operation Net Minority Interest": 116000000.0,
        "Reconciled Depreciation": 52100000.0,
        "EBIT": 187000000.0,
        "Net Interest Income": -35400000.0,
        "Interest Expense": 35400000.0,
        "Normalized Income": 116000000.0,
        "Net Income From Continuing And Discontinued Operation": 116000000.0,
        "Total Expenses": 1460700000.0,
        "Diluted Average Shares": 104300000.0,
        "Basic Average Shares": 104100000.0,
        "Diluted EPS": 1.11,
        "Basic EPS": 1.11,
        "Diluted NI Availto Com Stockholders": 116000000.0,
        "Net Income Common Stockholders": 116000000.0,
        "Net Income": 116000000.0,
        "Minority Interests": -400000.0,
        "Net Income Including Noncontrolling Interests": 116400000.0,
        "Net Income Continuous Operations": 116400000.0,
        "Tax Provision": 35200000.0,
        "Pretax Income": 151600000.0,
        "Other Income Expense": 246600000.0,
        "Net Non Operating Interest Income Expense": -35400000.0,
        "Interest Expense Non Operating": 35400000.0,
        "Other Operating Expenses": 292500000.0,
        "Depreciation And Amortization In Income Statement": 52100000.0,
        "Selling General And Administration": 509000000.0,
        "General And Administrative Expense": 509000000.0,
        "Salaries And Wages": 509000000.0,
        "Total Revenue": 1612300000.0,
        "Operating Revenue": 1612300000.0,
        "Loss Adjustment Expense": 571700000.0,
        "Net Policyholder Benefits And Claims": 571700000.0
    },
    "2024-09-30": {
        "Tax Effect Of Unusual Items": 0.0,
        "Tax Rate For Calcs": 0.284,
        "Net Income From Continuing Operation Net Minority Interest": -104000000.0,
        "Reconciled Depreciation": 53200000.0,
        "EBIT": -108200000.0,
        "Net Interest Income": -36200000.0,
        "Interest Expense": 36200000.0,
        "Normalized Income": -104000000.0,
        "Net Income From Continuing And Discontinued Operation": -104000000.0,
        "Total Expenses": 1550500000.0,
        "Diluted Average Shares": 103600000.0,
        "Basic Average Shares": 103600000.0,
        "Diluted EPS": -1.0,
        "Basic EPS": -1.0,
        "Diluted NI Availto Com Stockholders": -104000000.0,
        "Net Income Common Stockholders": -104000000.0,
        "Net Income": -104000000.0,
        "Minority Interests": -600000.0,
        "Net Income Including Noncontrolling Interests": -103400000.0,
        "Net Income Continuous Operations": -103400000.0,
        "Tax Provision": -41000000.0,
        "Pretax Income": -144400000.0,
        "Other Income Expense": 247500000.0,
        "Net Non Operating Interest Income Expense": -36200000.0,
        "Interest Expense Non Operating": 36200000.0,
        "Other Operating Expenses": 299000000.0,
        "Depreciation And Amortization In Income Statement": 53200000.0,
        "Selling General And Administration": 523600000.0,
        "General And Administrative Expense": 523600000.0,
        "Salaries And Wages": 523600000.0,
        "Total Revenue": 1406100000.0,
        "Operating Revenue": 1406100000.0,
        "Loss Adjustment Expense": 638500000.0,
        "Net Policyholder Benefits And Claims": 638500000.0
    }
}