{
    "2023-03-31": {
        "Tax Effect Of Unusual Items": -33390.0,
        "Tax Rate For Calcs": 0.21,
        "Normalized EBITDA": 7818000.0,
        "Total Unusual Items": -159000.0,
        "Total Unusual Items Excluding Goodwill": -159000.0,
        "Net Income From Continuing Operation Net Minority Interest": -32126000.0,
        "Reconciled Depreciation": 7116000.0,
        "Reconciled Cost Of Revenue": 69614000.0,
        "EBITDA": 7659000.0,
        "EBIT": 543000.0,
        "Net Interest Income": -30133000.0,
        "Interest Expense": 30133000.0,
        "Normalized Income": -32000390.0,
        "Net Income From Continuing And Discontinued Operation": -32126000.0,
        "Total Expenses": 105145000.0,
        "Total Operating Income As Reported": 387000.0,
        "Diluted Average Shares": 16487119.0,
        "Basic Average Shares": 16487119.0,
        "Diluted EPS": -1.95,
        "Basic EPS": -1.95,
        "Diluted NI Availto Com Stockholders": -32126000.0,
        "Net Income Common Stockholders": -32126000.0,
        "Preferred Stock Dividends": NaN,
        "Net Income": -32126000.0,
        "Net Income Including Noncontrolling Interests": -32126000.0,
        "Net Income Continuous Operations": -32126000.0,
        "Tax Provision": 2536000.0,
        "Pretax Income": -29590000.0,
        "Other Income Expense": -3000.0,
        "Other Non Operating Income Expenses": 156000.0,
        "Special Income Charges": -159000.0,
        "Gain On Sale Of Business": NaN,
        "Other Special Charges": NaN,
        "Restructuring And Mergern Acquisition": 159000.0,
        "Net Non Operating Interest Income Expense": -30133000.0,
        "Interest Expense Non Operating": 30133000.0,
        "Operating Income": 546000.0,
        "Operating Expense": 35531000.0,
        "Depreciation Amortization Depletion Income Statement": 7116000.0,
        "Depreciation And Amortization In Income Statement": 7116000.0,
        "Selling General And Administration": 28415000.0,
        "Selling And Marketing Expense": NaN,
        "General And Administrative Expense": 28415000.0,
        "Other Gand A": 28415000.0,
        "Gross Profit": 36077000.0,
        "Cost Of Revenue": 69614000.0,
        "Total Revenue": 105691000.0,
        "Operating Revenue": 104404000.0
    },
    "2022-12-31": {
        "Tax Effect Of Unusual Items": -2940000.0,
        "Tax Rate For Calcs": 0.21,
        "Normalized EBITDA": -10210000.0,
        "Total Unusual Items": -14000000.0,
        "Total Unusual Items Excluding Goodwill": -14000000.0,
        "Net Income From Continuing Operation Net Minority Interest": -70808000.0,
        "Reconciled Depreciation": 6939000.0,
        "Reconciled Cost Of Revenue": 31788000.0,
        "EBITDA": -24210000.0,
        "EBIT": -31149000.0,
        "Net Interest Income": -25638000.0,
        "Interest Expense": 25638000.0,
        "Normalized Income": -59748000.0,
        "Net Income From Continuing And Discontinued Operation": -70808000.0,
        "Total Expenses": 122464000.0,
        "Total Operating Income As Reported": -32605000.0,
        "Diluted Average Shares": 16530934.0,
        "Basic Average Shares": 16530934.0,
        "Diluted EPS": -4.29,
        "Basic EPS": -4.29,
        "Diluted NI Availto Com Stockholders": -70808000.0,
        "Net Income Common Stockholders": -70808000.0,
        "Preferred Stock Dividends": NaN,
        "Net Income": -70808000.0,
        "Net Income Including Noncontrolling Interests": -70808000.0,
        "Net Income Continuous Operations": -70808000.0,
        "Tax Provision": 14021000.0,
        "Pretax Income": -56787000.0,
        "Other Income Expense": -12544000.0,
        "Other Non Operating Income Expenses": 1456000.0,
        "Special Income Charges": -14000000.0,
        "Gain On Sale Of Business": 0.0,
        "Other Special Charges": NaN,
        "Restructuring And Mergern Acquisition": 0.0,
        "Net Non Operating Interest Income Expense": -25638000.0,
        "Interest Expense Non Operating": 25638000.0,
        "Operating Income": -18650000.0,
        "Operating Expense": 90676000.0,
        "Depreciation Amortization Depletion Income Statement": 6939000.0,
        "Depreciation And Amortization In Income Statement": 6939000.0,
        "Selling General And Administration": 83737000.0,
        "Selling And Marketing Expense": NaN,
        "General And Administrative Expense": 39125000.0,
        "Other Gand A": 39125000.0,
        "Gross Profit": 72026000.0,
        "Cost Of Revenue": 31788000.0,
        "Total Revenue": 103814000.0,
        "Operating Revenue": 103501000.0
    },
    "2022-09-30": {
        "Tax Effect Of Unusual Items": -25620.0,
        "Tax Rate For Calcs": 0.21,
        "Normalized EBITDA": 8567000.0,
        "Total Unusual Items": -122000.0,
        "Total Unusual Items Excluding Goodwill": -122000.0,
        "Net Income From Continuing Operation Net Minority Interest": -23437000.0,
        "Reconciled Depreciation": 6895000.0,
        "Reconciled Cost Of Revenue": 55257000.0,
        "EBITDA": 8445000.0,
        "EBIT": 1550000.0,
        "Net Interest Income": -24471000.0,
        "Interest Expense": 24471000.0,
        "Interest Income": NaN,
        "Normalized Income": -23340620.0,
        "Net Income From Continuing And Discontinued Operation": -23437000.0,
        "Total Expenses": 102088000.0,
        "Total Operating Income As Reported": 1012000.0,
        "Diluted Average Shares": 16528327.0,
        "Basic Average Shares": 16528327.0,
        "Diluted EPS": -1.52,
        "Basic EPS": -1.52,
        "Diluted NI Availto Com Stockholders": -23437000.0,
        "Net Income Common Stockholders": -23437000.0,
        "Preferred Stock Dividends": NaN,
        "Net Income": -23437000.0,
        "Minority Interests": 0.0,
        "Net Income Including Noncontrolling Interests": -23437000.0,
        "Net Income Continuous Operations": -23437000.0,
        "Tax Provision": 516000.0,
        "Pretax Income": -22921000.0,
        "Other Income Expense": 416000.0,
        "Other Non Operating Income Expenses": 538000.0,
        "Special Income Charges": -122000.0,
        "Gain On Sale Of Business": 0.0,
        "Other Special Charges": NaN,
        "Impairment Of Capital Assets": NaN,
        "Restructuring And Mergern Acquisition": 122000.0,
        "Net Non Operating Interest Income Expense": -24471000.0,
        "Interest Expense Non Operating": 24471000.0,
        "Interest Income Non Operating": NaN,
        "Operating Income": 1134000.0,
        "Operating Expense": 46831000.0,
        "Depreciation Amortization Depletion Income Statement": 6895000.0,
        "Depreciation And Amortization In Income Statement": 6895000.0,
        "Selling General And Administration": 39936000.0,
        "Selling And Marketing Expense": 11185000.0,
        "General And Administrative Expense": 28751000.0,
        "Other Gand A": 28751000.0,
        "Gross Profit": 47965000.0,
        "Cost Of Revenue": 55257000.0,
        "Total Revenue": 103222000.0,
        "Operating Revenue": 102257000.0
    },
    "2022-06-30": {
        "Tax Effect Of Unusual Items": -4050.0,
        "Tax Rate For Calcs": 0.03,
        "Normalized EBITDA": 22120000.0,
        "Total Unusual Items": -135000.0,
        "Total Unusual Items Excluding Goodwill": -135000.0,
        "Net Income From Continuing Operation Net Minority Interest": -8188000.0,
        "Reconciled Depreciation": 4084000.0,
        "Reconciled Cost Of Revenue": 64569000.0,
        "EBITDA": 21985000.0,
        "EBIT": 15274000.0,
        "Net Interest Income": -23713000.0,
        "Interest Expense": 23713000.0,
        "Interest Income": NaN,
        "Normalized Income": -8057050.0,
        "Net Income From Continuing And Discontinued Operation": -8188000.0,
        "Total Expenses": 89494000.0,
        "Total Operating Income As Reported": 13203000.0,
        "Diluted Average Shares": 16405108.0,
        "Basic Average Shares": 16405108.0,
        "Diluted EPS": -0.6,
        "Basic EPS": -0.6,
        "Diluted NI Availto Com Stockholders": -8188000.0,
        "Net Income Common Stockholders": -8188000.0,
        "Preferred Stock Dividends": NaN,
        "Net Income": -8188000.0,
        "Minority Interests": 0.0,
        "Net Income Including Noncontrolling Interests": -8188000.0,
        "Net Income Continuous Operations": -8188000.0,
        "Tax Provision": -251000.0,
        "Pretax Income": -8439000.0,
        "Other Income Expense": 1936000.0,
        "Other Non Operating Income Expenses": 2071000.0,
        "Special Income Charges": -135000.0,
        "Gain On Sale Of Business": 0.0,
        "Impairment Of Capital Assets": NaN,
        "Restructuring And Mergern Acquisition": 135000.0,
        "Net Non Operating Interest Income Expense": -23713000.0,
        "Interest Expense Non Operating": 23713000.0,
        "Interest Income Non Operating": NaN,
        "Operating Income": 13291000.0,
        "Operating Expense": 27552000.0,
        "Depreciation Amortization Depletion Income Statement": 6711000.0,
        "Depreciation And Amortization In Income Statement": 6711000.0,
        "Selling General And Administration": 20841000.0,
        "Selling And Marketing Expense": NaN,
        "General And Administrative Expense": 20841000.0,
        "Other Gand A": 20841000.0,
        "Gross Profit": 40843000.0,
        "Cost Of Revenue": 61942000.0,
        "Total Revenue": 102785000.0,
        "Operating Revenue": 101142000.0
    },
    "2022-03-31": {
        "Diluted EPS": -1.45,
        "Total Revenue": 97,
        "Gross Profit": 43,
        "Operating Income": 0,
        "EBIT": 7,
        "Net Income": -24
    },
    "2021-12-31": {
        "Diluted EPS": -1.21,
        "Total Revenue": 74,
        "Gross Profit": 37,
        "Operating Income": -3,
        "EBIT": 3,
        "Net Income": -20
    },
    "2021-09-30": {
        "Diluted EPS": -0.26,
        "Total Revenue": 30,
        "Gross Profit": 23,
        "Operating Income": 2,
        "EBIT": 5,
        "Net Income": -4
    },
    "2021-06-30": {
        "Diluted EPS": -0.48,
        "Total Revenue": 8,
        "Gross Profit": 8,
        "Operating Income": 1,
        "EBIT": 2,
        "Net Income": -6
    },
    "2021-03-31": {
        "Diluted EPS": -0.2,
        "Total Revenue": 7,
        "Gross Profit": 7,
        "Operating Income": 0,
        "EBIT": 0,
        "Net Income": -2
    },
    "2020-12-31": {
        "Diluted EPS": 0.0,
        "Total Revenue": NaN,
        "Gross Profit": NaN,
        "Operating Income": NaN,
        "EBIT": NaN,
        "Net Income": NaN
    },
    "2020-09-30": {
        "Diluted EPS": -0.04,
        "Total Revenue": 4,
        "Gross Profit": 4,
        "Operating Income": -1,
        "EBIT": -1,
        "Net Income": -1
    },
    "2019-12-31": {
        "Diluted EPS": 0.0,
        "Total Revenue": NaN,
        "Gross Profit": NaN,
        "Operating Income": NaN,
        "EBIT": NaN,
        "Net Income": NaN
    },
    "2023-06-30": {
        "Tax Effect Of Unusual Items": 0.0,
        "Tax Rate For Calcs": 0.21,
        "Normalized EBITDA": 25635000.0,
        "Total Unusual Items": 0.0,
        "Total Unusual Items Excluding Goodwill": 0.0,
        "Net Income From Continuing Operation Net Minority Interest": -7091000.0,
        "Reconciled Depreciation": 7061000.0,
        "Reconciled Cost Of Revenue": 59702000.0,
        "EBITDA": 25635000.0,
        "EBIT": 18574000.0,
        "Net Interest Income": -24319000.0,
        "Interest Expense": 24319000.0,
        "Normalized Income": -7091000.0,
        "Net Income From Continuing And Discontinued Operation": -7091000.0,
        "Total Expenses": 88320000.0,
        "Total Operating Income As Reported": 18465000.0,
        "Diluted Average Shares": 16522379.0,
        "Basic Average Shares": 16522379.0,
        "Diluted EPS": -0.53,
        "Basic EPS": -0.53,
        "Diluted NI Availto Com Stockholders": -8706000.0,
        "Net Income Common Stockholders": -8706000.0,
        "Preferred Stock Dividends": 1615000.0,
        "Net Income": -7091000.0,
        "Net Income Including Noncontrolling Interests": -7091000.0,
        "Net Income Continuous Operations": -7091000.0,
        "Tax Provision": 1346000.0,
        "Pretax Income": -5745000.0,
        "Other Income Expense": 109000.0,
        "Other Non Operating Income Expenses": 109000.0,
        "Special Income Charges": 0.0,
        "Gain On Sale Of Business": 0.0,
        "Other Special Charges": NaN,
        "Restructuring And Mergern Acquisition": 0.0,
        "Net Non Operating Interest Income Expense": -24319000.0,
        "Interest Expense Non Operating": 24319000.0,
        "Operating Income": 18444000.0,
        "Operating Expense": 28618000.0,
        "Depreciation Amortization Depletion Income Statement": 7061000.0,
        "Depreciation And Amortization In Income Statement": 7061000.0,
        "Selling General And Administration": 21557000.0,
        "Selling And Marketing Expense": 11610000.0,
        "General And Administrative Expense": 9947000.0,
        "Other Gand A": 9947000.0,
        "Gross Profit": 47062000.0,
        "Cost Of Revenue": 59702000.0,
        "Total Revenue": 106764000.0,
        "Operating Revenue": 105646000.0
    },
    "2023-09-30": {
        "Tax Effect Of Unusual Items": -156550.0,
        "Tax Rate For Calcs": 0.05,
        "Normalized EBITDA": 13941000.0,
        "Total Unusual Items": -3131000.0,
        "Total Unusual Items Excluding Goodwill": -3131000.0,
        "Net Income From Continuing Operation Net Minority Interest": -24656000.0,
        "Reconciled Depreciation": 7040000.0,
        "Reconciled Cost Of Revenue": 70839000.0,
        "EBITDA": 10810000.0,
        "EBIT": 3770000.0,
        "Net Interest Income": -29736000.0,
        "Interest Expense": 29736000.0,
        "Normalized Income": -21681550.0,
        "Net Income From Continuing And Discontinued Operation": -24656000.0,
        "Total Expenses": 102337000.0,
        "Total Operating Income As Reported": 6621000.0,
        "Diluted Average Shares": 16613840.0,
        "Basic Average Shares": 16613840.0,
        "Diluted EPS": -1.59,
        "Basic EPS": -1.59,
        "Diluted NI Availto Com Stockholders": -26450000.0,
        "Net Income Common Stockholders": -26450000.0,
        "Preferred Stock Dividends": 1794000.0,
        "Net Income": -24656000.0,
        "Net Income Including Noncontrolling Interests": -24656000.0,
        "Net Income Continuous Operations": -24656000.0,
        "Tax Provision": -1310000.0,
        "Pretax Income": -25966000.0,
        "Other Income Expense": -3259000.0,
        "Other Non Operating Income Expenses": -128000.0,
        "Special Income Charges": -3131000.0,
        "Gain On Sale Of Business": NaN,
        "Other Special Charges": 2723000.0,
        "Restructuring And Mergern Acquisition": 408000.0,
        "Net Non Operating Interest Income Expense": -29736000.0,
        "Interest Expense Non Operating": 29736000.0,
        "Operating Income": 7029000.0,
        "Operating Expense": 31498000.0,
        "Depreciation Amortization Depletion Income Statement": 7040000.0,
        "Depreciation And Amortization In Income Statement": 7040000.0,
        "Selling General And Administration": 24458000.0,
        "Selling And Marketing Expense": NaN,
        "General And Administrative Expense": 24458000.0,
        "Other Gand A": 24458000.0,
        "Gross Profit": 38527000.0,
        "Cost Of Revenue": 70839000.0,
        "Total Revenue": 109366000.0,
        "Operating Revenue": 108268000.0
    },
    "2023-12-31": {
        "Tax Effect Of Unusual Items": 169169.062286,
        "Tax Rate For Calcs": 0.25174,
        "Normalized EBITDA": 7521000.0,
        "Total Unusual Items": 672000.0,
        "Total Unusual Items Excluding Goodwill": 672000.0,
        "Net Income From Continuing Operation Net Minority Interest": -26237000.0,
        "Reconciled Depreciation": 9914000.0,
        "Reconciled Cost Of Revenue": 74322000.0,
        "EBITDA": 8193000.0,
        "EBIT": -1721000.0,
        "Net Interest Income": -33343000.0,
        "Interest Expense": 33343000.0,
        "Normalized Income": -26739830.937714,
        "Net Income From Continuing And Discontinued Operation": -26237000.0,
        "Total Expenses": 162152000.0,
        "Total Operating Income As Reported": -3143000.0,
        "Diluted Average Shares": NaN,
        "Basic Average Shares": NaN,
        "Diluted EPS": NaN,
        "Basic EPS": NaN,
        "Diluted NI Availto Com Stockholders": -28069000.0,
        "Net Income Common Stockholders": -28069000.0,
        "Preferred Stock Dividends": 1832000.0,
        "Net Income": -26237000.0,
        "Net Income Including Noncontrolling Interests": -26237000.0,
        "Net Income Continuous Operations": -26237000.0,
        "Tax Provision": -8827000.0,
        "Pretax Income": -35064000.0,
        "Other Income Expense": 1768000.0,
        "Other Non Operating Income Expenses": 1096000.0,
        "Special Income Charges": 672000.0,
        "Gain On Sale Of Business": NaN,
        "Other Special Charges": -326000.0,
        "Restructuring And Mergern Acquisition": -746000.0,
        "Net Non Operating Interest Income Expense": -33343000.0,
        "Interest Expense Non Operating": 33343000.0,
        "Operating Income": -3516000.0,
        "Operating Expense": 87830000.0,
        "Depreciation Amortization Depletion Income Statement": 9914000.0,
        "Depreciation And Amortization In Income Statement": 9914000.0,
        "Selling General And Administration": 77916000.0,
        "Selling And Marketing Expense": NaN,
        "General And Administrative Expense": 30297000.0,
        "Other Gand A": 30297000.0,
        "Gross Profit": 84314000.0,
        "Cost Of Revenue": 74322000.0,
        "Total Revenue": 158636000.0,
        "Operating Revenue": 157199000.0
    }
}