{
    "2023-03-31": {
        "Tax Effect Of Unusual Items": NaN,
        "Tax Rate For Calcs": NaN,
        "Normalized EBITDA": NaN,
        "Net Income From Continuing Operation Net Minority Interest": NaN,
        "Reconciled Depreciation": NaN,
        "EBITDA": NaN,
        "EBIT": NaN,
        "Net Interest Income": NaN,
        "Interest Income": NaN,
        "Normalized Income": NaN,
        "Net Income From Continuing And Discontinued Operation": NaN,
        "Total Expenses": NaN,
        "Total Operating Income As Reported": NaN,
        "Diluted Average Shares": 98054687.0,
        "Basic Average Shares": 98054687.0,
        "Diluted EPS": -0.19,
        "Basic EPS": -0.19,
        "Diluted NI Availto Com Stockholders": NaN,
        "Net Income Common Stockholders": NaN,
        "Net Income": NaN,
        "Net Income Including Noncontrolling Interests": NaN,
        "Net Income Continuous Operations": NaN,
        "Pretax Income": NaN,
        "Other Income Expense": NaN,
        "Other Non Operating Income Expenses": NaN,
        "Net Non Operating Interest Income Expense": NaN,
        "Interest Income Non Operating": NaN,
        "Operating Income": NaN,
        "Operating Expense": NaN,
        "Research And Development": NaN,
        "Selling General And Administration": NaN,
        "General And Administrative Expense": NaN,
        "Other Gand A": NaN,
        "Total Revenue": NaN,
        "Operating Revenue": NaN
    },
    "2022-12-31": {
        "Tax Effect Of Unusual Items": NaN,
        "Tax Rate For Calcs": NaN,
        "Normalized EBITDA": NaN,
        "Net Income From Continuing Operation Net Minority Interest": NaN,
        "Reconciled Depreciation": NaN,
        "EBITDA": NaN,
        "EBIT": NaN,
        "Net Interest Income": NaN,
        "Interest Income": NaN,
        "Normalized Income": NaN,
        "Net Income From Continuing And Discontinued Operation": NaN,
        "Total Expenses": NaN,
        "Total Operating Income As Reported": NaN,
        "Diluted Average Shares": 97220972.0,
        "Basic Average Shares": 97220972.0,
        "Diluted EPS": -0.58,
        "Basic EPS": -0.58,
        "Diluted NI Availto Com Stockholders": NaN,
        "Net Income Common Stockholders": NaN,
        "Net Income": NaN,
        "Net Income Including Noncontrolling Interests": NaN,
        "Net Income Continuous Operations": NaN,
        "Pretax Income": NaN,
        "Other Income Expense": NaN,
        "Other Non Operating Income Expenses": NaN,
        "Net Non Operating Interest Income Expense": NaN,
        "Interest Income Non Operating": NaN,
        "Operating Income": NaN,
        "Operating Expense": NaN,
        "Research And Development": NaN,
        "Selling General And Administration": NaN,
        "General And Administrative Expense": NaN,
        "Other Gand A": NaN,
        "Total Revenue": NaN,
        "Operating Revenue": NaN
    },
    "2022-09-30": {
        "Tax Effect Of Unusual Items": 0.0,
        "Tax Rate For Calcs": 0.0,
        "Normalized EBITDA": -83198000.0,
        "Net Income From Continuing Operation Net Minority Interest": -83563000.0,
        "Reconciled Depreciation": 3193000.0,
        "EBITDA": -83198000.0,
        "EBIT": -86391000.0,
        "Net Interest Income": 1787000.0,
        "Interest Income": 1787000.0,
        "Normalized Income": -83563000.0,
        "Net Income From Continuing And Discontinued Operation": -83563000.0,
        "Total Expenses": 101372000.0,
        "Total Operating Income As Reported": -86391000.0,
        "Diluted Average Shares": 97023506.0,
        "Basic Average Shares": 97023506.0,
        "Diluted EPS": -0.86,
        "Basic EPS": -0.86,
        "Diluted NI Availto Com Stockholders": -83563000.0,
        "Net Income Common Stockholders": -83563000.0,
        "Net Income": -83563000.0,
        "Net Income Including Noncontrolling Interests": -83563000.0,
        "Net Income Continuous Operations": -83563000.0,
        "Pretax Income": -83563000.0,
        "Other Income Expense": 1041000.0,
        "Other Non Operating Income Expenses": 1041000.0,
        "Net Non Operating Interest Income Expense": 1787000.0,
        "Interest Income Non Operating": 1787000.0,
        "Operating Income": -86391000.0,
        "Operating Expense": 101372000.0,
        "Research And Development": 79817000.0,
        "Selling General And Administration": 21555000.0,
        "General And Administrative Expense": 21555000.0,
        "Other Gand A": 21555000.0,
        "Total Revenue": 14981000.0,
        "Operating Revenue": 14981000.0
    },
    "2022-06-30": {
        "Tax Effect Of Unusual Items": 0.0,
        "Tax Rate For Calcs": 0.0,
        "Normalized EBITDA": -80147000.0,
        "Net Income From Continuing Operation Net Minority Interest": -76105000.0,
        "Reconciled Depreciation": 2962000.0,
        "EBITDA": -80147000.0,
        "EBIT": -83109000.0,
        "Net Interest Income": 757000.0,
        "Interest Income": 757000.0,
        "Normalized Income": -76105000.0,
        "Net Income From Continuing And Discontinued Operation": -76105000.0,
        "Total Expenses": 101658000.0,
        "Total Operating Income As Reported": -83109000.0,
        "Diluted Average Shares": 96704413.0,
        "Basic Average Shares": 96704413.0,
        "Diluted EPS": -0.79,
        "Basic EPS": -0.79,
        "Diluted NI Availto Com Stockholders": -76105000.0,
        "Net Income Common Stockholders": -76105000.0,
        "Net Income": -76105000.0,
        "Net Income Including Noncontrolling Interests": -76105000.0,
        "Net Income Continuous Operations": -76105000.0,
        "Pretax Income": -76105000.0,
        "Other Income Expense": 6247000.0,
        "Other Non Operating Income Expenses": 6247000.0,
        "Net Non Operating Interest Income Expense": 757000.0,
        "Interest Income Non Operating": 757000.0,
        "Operating Income": -83109000.0,
        "Operating Expense": 101658000.0,
        "Research And Development": 81307000.0,
        "Selling General And Administration": 20351000.0,
        "General And Administrative Expense": 20351000.0,
        "Other Gand A": 20351000.0,
        "Total Revenue": 18549000.0,
        "Operating Revenue": 18549000.0
    },
    "2022-03-31": {
        "Diluted EPS": -0.68,
        "Total Revenue": 18,
        "Gross Profit": 18,
        "Operating Income": -74,
        "EBIT": -70,
        "Net Income": -66
    },
    "2021-12-31": {
        "Diluted EPS": -0.73,
        "Total Revenue": 17,
        "Gross Profit": 17,
        "Operating Income": -69,
        "EBIT": -65,
        "Net Income": -69
    },
    "2021-09-30": {
        "Diluted EPS": -0.45,
        "Total Revenue": 14,
        "Gross Profit": 14,
        "Operating Income": -55,
        "EBIT": -51,
        "Net Income": -43
    },
    "2021-06-30": {
        "Diluted EPS": -0.58,
        "Total Revenue": 13,
        "Gross Profit": 13,
        "Operating Income": -47,
        "EBIT": -43,
        "Net Income": -55
    },
    "2021-03-31": {
        "Diluted EPS": -0.48,
        "Total Revenue": 11,
        "Gross Profit": 11,
        "Operating Income": -46,
        "EBIT": -43,
        "Net Income": -45
    },
    "2020-12-31": {
        "Diluted EPS": -0.63,
        "Total Revenue": 16,
        "Gross Profit": 16,
        "Operating Income": -33,
        "EBIT": -30,
        "Net Income": -53
    },
    "2020-09-30": {
        "Diluted EPS": -0.68,
        "Total Revenue": 8,
        "Gross Profit": 8,
        "Operating Income": -31,
        "EBIT": -30,
        "Net Income": -59
    },
    "2020-06-30": {
        "Diluted EPS": -0.35,
        "Total Revenue": 5,
        "Gross Profit": 5,
        "Operating Income": -29,
        "EBIT": -27,
        "Net Income": -28
    },
    "2020-03-31": {
        "Diluted EPS": -0.44,
        "Total Revenue": 3,
        "Gross Profit": 3,
        "Operating Income": -34,
        "EBIT": -33,
        "Net Income": -34
    },
    "2019-12-31": {
        "Diluted EPS": -0.38,
        "Total Revenue": 3,
        "Gross Profit": 3,
        "Operating Income": -29,
        "EBIT": -28,
        "Net Income": -28
    },
    "2019-09-30": {
        "Diluted EPS": -0.4,
        "Total Revenue": 2,
        "Gross Profit": 2,
        "Operating Income": -27,
        "EBIT": -27,
        "Net Income": -27
    },
    "2019-06-30": {
        "Diluted EPS": -0.36,
        "Total Revenue": 3,
        "Gross Profit": 3,
        "Operating Income": -24,
        "EBIT": -24,
        "Net Income": -23
    },
    "2019-03-31": {
        "Diluted EPS": -0.3,
        "Total Revenue": 3,
        "Gross Profit": 3,
        "Operating Income": -20,
        "EBIT": -20,
        "Net Income": -20
    },
    "2018-12-31": {
        "Diluted EPS": -0.24,
        "Total Revenue": 2,
        "Gross Profit": 2,
        "Operating Income": -17,
        "EBIT": -16,
        "Net Income": -16
    },
    "2018-09-30": {
        "Diluted EPS": -0.31,
        "Total Revenue": 1,
        "Gross Profit": 1,
        "Operating Income": -17,
        "EBIT": -16,
        "Net Income": -17
    },
    "2018-06-30": {
        "Diluted EPS": -0.37,
        "Total Revenue": 1,
        "Gross Profit": 1,
        "Operating Income": -20,
        "EBIT": -19,
        "Net Income": -20
    },
    "2018-03-31": {
        "Diluted EPS": -0.27,
        "Total Revenue": 1,
        "Gross Profit": 1,
        "Operating Income": -14,
        "EBIT": -14,
        "Net Income": -14
    },
    "2017-12-31": {
        "Diluted EPS": -0.29,
        "Total Revenue": 1,
        "Gross Profit": 1,
        "Operating Income": -12,
        "EBIT": -12,
        "Net Income": -12
    },
    "2017-09-30": {
        "Diluted EPS": -0.26,
        "Total Revenue": 1,
        "Gross Profit": 1,
        "Operating Income": -10,
        "EBIT": -10,
        "Net Income": -11
    },
    "2017-06-30": {
        "Diluted EPS": -0.23,
        "Total Revenue": 1,
        "Gross Profit": 1,
        "Operating Income": -10,
        "EBIT": -9,
        "Net Income": -10
    },
    "2017-03-31": {
        "Diluted EPS": -0.24,
        "Total Revenue": 1,
        "Gross Profit": 1,
        "Operating Income": -10,
        "EBIT": -10,
        "Net Income": -10
    },
    "2016-12-31": {
        "Diluted EPS": -0.2,
        "Total Revenue": 1,
        "Gross Profit": 1,
        "Operating Income": -8,
        "EBIT": -7,
        "Net Income": -8
    },
    "2016-09-30": {
        "Diluted EPS": -0.27,
        "Total Revenue": 1,
        "Gross Profit": 1,
        "Operating Income": -8,
        "EBIT": -8,
        "Net Income": -9
    },
    "2016-06-30": {
        "Diluted EPS": -0.29,
        "Total Revenue": 1,
        "Gross Profit": 1,
        "Operating Income": -8,
        "EBIT": -8,
        "Net Income": -8
    },
    "2016-03-31": {
        "Diluted EPS": -0.29,
        "Total Revenue": 1,
        "Gross Profit": 1,
        "Operating Income": -8,
        "EBIT": -8,
        "Net Income": -8
    },
    "2015-12-31": {
        "Diluted EPS": -0.23,
        "Total Revenue": 1,
        "Gross Profit": 1,
        "Operating Income": -7,
        "EBIT": -7,
        "Net Income": -7
    },
    "2015-09-30": {
        "Diluted EPS": -0.24,
        "Total Revenue": 1,
        "Gross Profit": 1,
        "Operating Income": -6,
        "EBIT": -6,
        "Net Income": -7
    },
    "2015-06-30": {
        "Diluted EPS": -0.33,
        "Total Revenue": 0,
        "Gross Profit": 0,
        "Operating Income": -7,
        "EBIT": -7,
        "Net Income": -8
    },
    "2015-03-31": {
        "Diluted EPS": -0.38,
        "Total Revenue": NaN,
        "Gross Profit": NaN,
        "Operating Income": -7,
        "EBIT": -7,
        "Net Income": -8
    },
    "2014-12-31": {
        "Diluted EPS": -0.31,
        "Total Revenue": NaN,
        "Gross Profit": NaN,
        "Operating Income": -6,
        "EBIT": -6,
        "Net Income": -6
    },
    "2014-09-30": {
        "Diluted EPS": -0.32,
        "Total Revenue": NaN,
        "Gross Profit": NaN,
        "Operating Income": -6,
        "EBIT": -6,
        "Net Income": -7
    },
    "2014-06-30": {
        "Diluted EPS": -0.3,
        "Total Revenue": NaN,
        "Gross Profit": NaN,
        "Operating Income": -6,
        "EBIT": -6,
        "Net Income": -6
    },
    "2014-03-31": {
        "Diluted EPS": -0.34,
        "Total Revenue": NaN,
        "Gross Profit": NaN,
        "Operating Income": -7,
        "EBIT": -7,
        "Net Income": -7
    },
    "2013-12-31": {
        "Diluted EPS": 8.65,
        "Total Revenue": 0,
        "Gross Profit": 0,
        "Operating Income": -5,
        "EBIT": -5,
        "Net Income": -6
    },
    "2013-09-30": {
        "Diluted EPS": -4.81,
        "Total Revenue": 0,
        "Gross Profit": 0,
        "Operating Income": -5,
        "EBIT": -5,
        "Net Income": -6
    },
    "2013-06-30": {
        "Diluted EPS": -4.46,
        "Total Revenue": 0,
        "Gross Profit": 0,
        "Operating Income": -4,
        "EBIT": -4,
        "Net Income": -6
    },
    "2013-03-31": {
        "Diluted EPS": -2.92,
        "Total Revenue": 0,
        "Gross Profit": 0,
        "Operating Income": -3,
        "EBIT": -3,
        "Net Income": -4
    },
    "2012-12-31": {
        "Diluted EPS": 0.0,
        "Total Revenue": NaN,
        "Gross Profit": NaN,
        "Operating Income": NaN,
        "EBIT": NaN,
        "Net Income": NaN
    },
    "2012-09-30": {
        "Diluted EPS": -3.51,
        "Total Revenue": 1,
        "Gross Profit": 1,
        "Operating Income": -4,
        "EBIT": -4,
        "Net Income": -4
    },
    "2011-12-31": {
        "Diluted EPS": 0.0,
        "Total Revenue": NaN,
        "Gross Profit": NaN,
        "Operating Income": NaN,
        "EBIT": NaN,
        "Net Income": NaN
    },
    "2023-06-30": {
        "Tax Effect Of Unusual Items": NaN,
        "Tax Rate For Calcs": NaN,
        "Normalized EBITDA": NaN,
        "Net Income From Continuing Operation Net Minority Interest": NaN,
        "Reconciled Depreciation": NaN,
        "EBITDA": NaN,
        "EBIT": NaN,
        "Net Interest Income": NaN,
        "Interest Income": NaN,
        "Normalized Income": NaN,
        "Net Income From Continuing And Discontinued Operation": NaN,
        "Total Expenses": NaN,
        "Total Operating Income As Reported": NaN,
        "Diluted Average Shares": 98400355.0,
        "Basic Average Shares": 98400355.0,
        "Diluted EPS": -0.54,
        "Basic EPS": -0.54,
        "Diluted NI Availto Com Stockholders": NaN,
        "Net Income Common Stockholders": NaN,
        "Net Income": NaN,
        "Net Income Including Noncontrolling Interests": NaN,
        "Net Income Continuous Operations": NaN,
        "Pretax Income": NaN,
        "Other Income Expense": NaN,
        "Other Non Operating Income Expenses": NaN,
        "Net Non Operating Interest Income Expense": NaN,
        "Interest Income Non Operating": NaN,
        "Operating Income": NaN,
        "Operating Expense": NaN,
        "Research And Development": NaN,
        "Selling General And Administration": NaN,
        "General And Administrative Expense": NaN,
        "Other Gand A": NaN,
        "Total Revenue": NaN,
        "Operating Revenue": NaN
    },
    "2023-09-30": {
        "Tax Effect Of Unusual Items": 0.0,
        "Tax Rate For Calcs": 0.0,
        "Normalized EBITDA": -46539000.0,
        "Net Income From Continuing Operation Net Minority Interest": -45170000.0,
        "Reconciled Depreciation": 4740000.0,
        "EBITDA": -46539000.0,
        "EBIT": -51279000.0,
        "Net Interest Income": 4697000.0,
        "Interest Income": 4697000.0,
        "Normalized Income": -45170000.0,
        "Net Income From Continuing And Discontinued Operation": -45170000.0,
        "Total Expenses": 53223000.0,
        "Total Operating Income As Reported": -51279000.0,
        "Diluted Average Shares": 98568012.0,
        "Basic Average Shares": 98568012.0,
        "Diluted EPS": -0.46,
        "Basic EPS": -0.46,
        "Diluted NI Availto Com Stockholders": -45170000.0,
        "Net Income Common Stockholders": -45170000.0,
        "Net Income": -45170000.0,
        "Net Income Including Noncontrolling Interests": -45170000.0,
        "Net Income Continuous Operations": -45170000.0,
        "Pretax Income": -45170000.0,
        "Other Income Expense": 1412000.0,
        "Other Non Operating Income Expenses": 1412000.0,
        "Net Non Operating Interest Income Expense": 4697000.0,
        "Interest Income Non Operating": 4697000.0,
        "Operating Income": -51279000.0,
        "Operating Expense": 53223000.0,
        "Research And Development": 34275000.0,
        "Selling General And Administration": 18948000.0,
        "General And Administrative Expense": 18948000.0,
        "Other Gand A": 18948000.0,
        "Total Revenue": 1944000.0,
        "Operating Revenue": 1944000.0
    },
    "2023-12-31": {
        "Tax Effect Of Unusual Items": 0.0,
        "Tax Rate For Calcs": 0.0,
        "Normalized EBITDA": -43190000.0,
        "Net Income From Continuing Operation Net Minority Interest": -44122000.0,
        "Reconciled Depreciation": 4885000.0,
        "EBITDA": -43190000.0,
        "EBIT": -48075000.0,
        "Net Interest Income": 4414000.0,
        "Interest Income": 4414000.0,
        "Normalized Income": -44122000.0,
        "Net Income From Continuing And Discontinued Operation": -44122000.0,
        "Total Expenses": 49751000.0,
        "Total Operating Income As Reported": -48075000.0,
        "Diluted Average Shares": NaN,
        "Basic Average Shares": NaN,
        "Diluted EPS": NaN,
        "Basic EPS": NaN,
        "Diluted NI Availto Com Stockholders": -44122000.0,
        "Net Income Common Stockholders": -44122000.0,
        "Net Income": -44122000.0,
        "Net Income Including Noncontrolling Interests": -44122000.0,
        "Net Income Continuous Operations": -44122000.0,
        "Pretax Income": -44122000.0,
        "Other Income Expense": -461000.0,
        "Other Non Operating Income Expenses": -2976000.0,
        "Net Non Operating Interest Income Expense": 4414000.0,
        "Interest Income Non Operating": 4414000.0,
        "Operating Income": -48075000.0,
        "Operating Expense": 49751000.0,
        "Research And Development": 31816000.0,
        "Selling General And Administration": 17935000.0,
        "General And Administrative Expense": 17935000.0,
        "Other Gand A": 17935000.0,
        "Total Revenue": 1676000.0,
        "Operating Revenue": 1676000.0
    },
    "2024-03-31": {
        "Tax Effect Of Unusual Items": 0.0,
        "Tax Rate For Calcs": 0.0,
        "Normalized EBITDA": -46247000.0,
        "Net Income From Continuing Operation Net Minority Interest": -48004000.0,
        "Reconciled Depreciation": 4821000.0,
        "EBITDA": -46247000.0,
        "EBIT": -51068000.0,
        "Net Interest Income": 4149000.0,
        "Interest Income": 4149000.0,
        "Normalized Income": -48004000.0,
        "Net Income From Continuing And Discontinued Operation": -48004000.0,
        "Total Expenses": 52993000.0,
        "Total Operating Income As Reported": -51068000.0,
        "Diluted Average Shares": 101104345.0,
        "Basic Average Shares": 101104345.0,
        "Diluted EPS": -0.47,
        "Basic EPS": -0.47,
        "Diluted NI Availto Com Stockholders": -48004000.0,
        "Net Income Common Stockholders": -48004000.0,
        "Net Income": -48004000.0,
        "Net Income Including Noncontrolling Interests": -48004000.0,
        "Net Income Continuous Operations": -48004000.0,
        "Pretax Income": -48004000.0,
        "Other Income Expense": -1085000.0,
        "Other Non Operating Income Expenses": -1085000.0,
        "Net Non Operating Interest Income Expense": 4149000.0,
        "Interest Income Non Operating": 4149000.0,
        "Operating Income": -51068000.0,
        "Operating Expense": 52993000.0,
        "Research And Development": 32138000.0,
        "Selling General And Administration": 20855000.0,
        "General And Administrative Expense": 20855000.0,
        "Other Gand A": 20855000.0,
        "Total Revenue": 1925000.0,
        "Operating Revenue": 1925000.0
    },
    "2024-06-30": {
        "Tax Effect Of Unusual Items": 0.0,
        "Tax Rate For Calcs": 0.0,
        "Normalized EBITDA": -40362000.0,
        "Net Income From Continuing Operation Net Minority Interest": -38427000.0,
        "Reconciled Depreciation": 4721000.0,
        "EBITDA": -40362000.0,
        "EBIT": -45083000.0,
        "Net Interest Income": 4827000.0,
        "Interest Income": 4827000.0,
        "Normalized Income": -38427000.0,
        "Net Income From Continuing And Discontinued Operation": -38427000.0,
        "Total Expenses": 51855000.0,
        "Total Operating Income As Reported": -45083000.0,
        "Diluted Average Shares": 117468124.0,
        "Basic Average Shares": 117468124.0,
        "Diluted EPS": -0.33,
        "Basic EPS": -0.33,
        "Diluted NI Availto Com Stockholders": -38427000.0,
        "Net Income Common Stockholders": -38427000.0,
        "Net Income": -38427000.0,
        "Net Income Including Noncontrolling Interests": -38427000.0,
        "Net Income Continuous Operations": -38427000.0,
        "Pretax Income": -38427000.0,
        "Other Income Expense": 1829000.0,
        "Other Non Operating Income Expenses": 1829000.0,
        "Net Non Operating Interest Income Expense": 4827000.0,
        "Interest Income Non Operating": 4827000.0,
        "Operating Income": -45083000.0,
        "Operating Expense": 51855000.0,
        "Research And Development": 34604000.0,
        "Selling General And Administration": 17251000.0,
        "General And Administrative Expense": 17251000.0,
        "Other Gand A": 17251000.0,
        "Total Revenue": 6772000.0,
        "Operating Revenue": 6772000.0
    },
    "2024-09-30": {
        "Tax Effect Of Unusual Items": 0.0,
        "Tax Rate For Calcs": 0.0,
        "Normalized EBITDA": -47770000.0,
        "Net Income From Continuing Operation Net Minority Interest": -47678000.0,
        "Reconciled Depreciation": 4607000.0,
        "EBITDA": -47770000.0,
        "EBIT": -52377000.0,
        "Net Interest Income": 4438000.0,
        "Interest Income": 4438000.0,
        "Normalized Income": -47678000.0,
        "Net Income From Continuing And Discontinued Operation": -47678000.0,
        "Total Expenses": 55451000.0,
        "Total Operating Income As Reported": -52377000.0,
        "Diluted Average Shares": 117769161.0,
        "Basic Average Shares": 117769161.0,
        "Diluted EPS": -0.4,
        "Basic EPS": -0.4,
        "Diluted NI Availto Com Stockholders": -47678000.0,
        "Net Income Common Stockholders": -47678000.0,
        "Net Income": -47678000.0,
        "Net Income Including Noncontrolling Interests": -47678000.0,
        "Net Income Continuous Operations": -47678000.0,
        "Pretax Income": -47678000.0,
        "Other Income Expense": 261000.0,
        "Other Non Operating Income Expenses": 261000.0,
        "Net Non Operating Interest Income Expense": 4438000.0,
        "Interest Income Non Operating": 4438000.0,
        "Operating Income": -52377000.0,
        "Operating Expense": 55451000.0,
        "Research And Development": 34650000.0,
        "Selling General And Administration": 20801000.0,
        "General And Administrative Expense": 20801000.0,
        "Other Gand A": 20801000.0,
        "Total Revenue": 3074000.0,
        "Operating Revenue": 3074000.0
    }
}