{
    "2023-03-31": {
        "Tax Effect Of Unusual Items": NaN,
        "Tax Rate For Calcs": NaN,
        "Normalized EBITDA": NaN,
        "Total Unusual Items": NaN,
        "Total Unusual Items Excluding Goodwill": NaN,
        "Net Income From Continuing Operation Net Minority Interest": NaN,
        "Reconciled Depreciation": NaN,
        "Reconciled Cost Of Revenue": NaN,
        "EBITDA": NaN,
        "EBIT": NaN,
        "Net Interest Income": NaN,
        "Interest Expense": NaN,
        "Interest Income": NaN,
        "Normalized Income": NaN,
        "Net Income From Continuing And Discontinued Operation": NaN,
        "Total Expenses": NaN,
        "Total Operating Income As Reported": NaN,
        "Diluted Average Shares": 6792376.0,
        "Basic Average Shares": 6792376.0,
        "Diluted EPS": -3.47,
        "Basic EPS": -3.47,
        "Diluted NI Availto Com Stockholders": NaN,
        "Net Income Common Stockholders": NaN,
        "Otherunder Preferred Stock Dividend": NaN,
        "Preferred Stock Dividends": NaN,
        "Net Income": NaN,
        "Minority Interests": NaN,
        "Net Income Including Noncontrolling Interests": NaN,
        "Net Income Continuous Operations": NaN,
        "Tax Provision": NaN,
        "Pretax Income": NaN,
        "Other Income Expense": NaN,
        "Other Non Operating Income Expenses": NaN,
        "Special Income Charges": NaN,
        "Gain On Sale Of Business": NaN,
        "Impairment Of Capital Assets": NaN,
        "Gain On Sale Of Security": NaN,
        "Net Non Operating Interest Income Expense": NaN,
        "Total Other Finance Cost": NaN,
        "Interest Expense Non Operating": NaN,
        "Interest Income Non Operating": NaN,
        "Operating Income": NaN,
        "Operating Expense": NaN,
        "Other Operating Expenses": -351000.0,
        "Research And Development": NaN,
        "Selling General And Administration": NaN,
        "Gross Profit": NaN,
        "Cost Of Revenue": NaN,
        "Total Revenue": NaN,
        "Operating Revenue": NaN
    },
    "2022-12-31": {
        "Tax Effect Of Unusual Items": NaN,
        "Tax Rate For Calcs": NaN,
        "Normalized EBITDA": NaN,
        "Total Unusual Items": NaN,
        "Total Unusual Items Excluding Goodwill": NaN,
        "Net Income From Continuing Operation Net Minority Interest": NaN,
        "Reconciled Depreciation": NaN,
        "Reconciled Cost Of Revenue": NaN,
        "EBITDA": NaN,
        "EBIT": NaN,
        "Net Interest Income": NaN,
        "Interest Expense": NaN,
        "Interest Income": NaN,
        "Normalized Income": NaN,
        "Net Income From Continuing And Discontinued Operation": NaN,
        "Total Expenses": NaN,
        "Total Operating Income As Reported": NaN,
        "Diluted Average Shares": NaN,
        "Basic Average Shares": NaN,
        "Diluted EPS": NaN,
        "Basic EPS": NaN,
        "Diluted NI Availto Com Stockholders": NaN,
        "Net Income Common Stockholders": NaN,
        "Otherunder Preferred Stock Dividend": NaN,
        "Preferred Stock Dividends": NaN,
        "Net Income": NaN,
        "Minority Interests": NaN,
        "Net Income Including Noncontrolling Interests": NaN,
        "Net Income Continuous Operations": NaN,
        "Tax Provision": NaN,
        "Pretax Income": NaN,
        "Other Income Expense": NaN,
        "Other Non Operating Income Expenses": NaN,
        "Special Income Charges": 0.0,
        "Gain On Sale Of Business": NaN,
        "Impairment Of Capital Assets": NaN,
        "Gain On Sale Of Security": NaN,
        "Net Non Operating Interest Income Expense": NaN,
        "Total Other Finance Cost": NaN,
        "Interest Expense Non Operating": NaN,
        "Interest Income Non Operating": NaN,
        "Operating Income": NaN,
        "Operating Expense": NaN,
        "Other Operating Expenses": -635000.0,
        "Research And Development": NaN,
        "Selling General And Administration": NaN,
        "Gross Profit": NaN,
        "Cost Of Revenue": NaN,
        "Total Revenue": NaN,
        "Operating Revenue": NaN
    },
    "2022-09-30": {
        "Tax Effect Of Unusual Items": NaN,
        "Tax Rate For Calcs": NaN,
        "Normalized EBITDA": NaN,
        "Total Unusual Items": NaN,
        "Total Unusual Items Excluding Goodwill": NaN,
        "Net Income From Continuing Operation Net Minority Interest": NaN,
        "Reconciled Depreciation": NaN,
        "Reconciled Cost Of Revenue": NaN,
        "EBITDA": NaN,
        "EBIT": NaN,
        "Net Interest Income": NaN,
        "Interest Expense": NaN,
        "Interest Income": NaN,
        "Normalized Income": NaN,
        "Net Income From Continuing And Discontinued Operation": NaN,
        "Total Expenses": NaN,
        "Total Operating Income As Reported": NaN,
        "Diluted Average Shares": 5958683.0,
        "Basic Average Shares": 5958683.0,
        "Diluted EPS": -4.112055,
        "Basic EPS": -4.112055,
        "Diluted NI Availto Com Stockholders": NaN,
        "Net Income Common Stockholders": NaN,
        "Otherunder Preferred Stock Dividend": NaN,
        "Preferred Stock Dividends": 2008000.0,
        "Net Income": NaN,
        "Minority Interests": NaN,
        "Net Income Including Noncontrolling Interests": NaN,
        "Net Income Continuous Operations": NaN,
        "Tax Provision": 0.0,
        "Pretax Income": NaN,
        "Other Income Expense": NaN,
        "Other Non Operating Income Expenses": NaN,
        "Special Income Charges": 0.0,
        "Gain On Sale Of Business": NaN,
        "Impairment Of Capital Assets": 0.0,
        "Gain On Sale Of Security": NaN,
        "Net Non Operating Interest Income Expense": NaN,
        "Total Other Finance Cost": NaN,
        "Interest Expense Non Operating": NaN,
        "Interest Income Non Operating": NaN,
        "Operating Income": NaN,
        "Operating Expense": NaN,
        "Other Operating Expenses": -669000.0,
        "Research And Development": NaN,
        "Selling General And Administration": NaN,
        "Gross Profit": NaN,
        "Cost Of Revenue": NaN,
        "Total Revenue": NaN,
        "Operating Revenue": NaN
    },
    "2022-06-30": {
        "Tax Effect Of Unusual Items": 0.0,
        "Tax Rate For Calcs": 0.0,
        "Normalized EBITDA": -49111000.0,
        "Total Unusual Items": NaN,
        "Total Unusual Items Excluding Goodwill": NaN,
        "Net Income From Continuing Operation Net Minority Interest": -21356000.0,
        "Reconciled Depreciation": 2222000.0,
        "Reconciled Cost Of Revenue": 7633000.0,
        "EBITDA": -49111000.0,
        "EBIT": -51333000.0,
        "Net Interest Income": -3004000.0,
        "Interest Expense": 2597000.0,
        "Interest Income": 150000.0,
        "Normalized Income": -21356000.0,
        "Net Income From Continuing And Discontinued Operation": -21356000.0,
        "Total Expenses": 69812000.0,
        "Total Operating Income As Reported": -50926000.0,
        "Diluted Average Shares": 88743457.0,
        "Basic Average Shares": 88743457.0,
        "Diluted EPS": -0.26,
        "Basic EPS": -0.26,
        "Diluted NI Availto Com Stockholders": -21356000.0,
        "Net Income Common Stockholders": -21356000.0,
        "Preferred Stock Dividends": NaN,
        "Net Income": -21356000.0,
        "Minority Interests": 32574000.0,
        "Net Income Including Noncontrolling Interests": -53930000.0,
        "Net Income Continuous Operations": -53930000.0,
        "Pretax Income": -53930000.0,
        "Other Income Expense": NaN,
        "Other Non Operating Income Expenses": NaN,
        "Special Income Charges": NaN,
        "Gain On Sale Of Business": NaN,
        "Impairment Of Capital Assets": NaN,
        "Gain On Sale Of Security": NaN,
        "Net Non Operating Interest Income Expense": -3004000.0,
        "Total Other Finance Cost": 557000.0,
        "Interest Expense Non Operating": 2597000.0,
        "Interest Income Non Operating": 150000.0,
        "Operating Income": -50926000.0,
        "Operating Expense": 62179000.0,
        "Other Operating Expenses": NaN,
        "Research And Development": 33131000.0,
        "Selling General And Administration": 29048000.0,
        "Gross Profit": 11253000.0,
        "Cost Of Revenue": 7633000.0,
        "Total Revenue": 18886000.0,
        "Operating Revenue": 18830000.0
    },
    "2022-03-31": {
        "Diluted EPS": -0.18,
        "Total Revenue": 24,
        "Gross Profit": 16,
        "Operating Income": -47,
        "EBIT": -45,
        "Net Income": -16
    },
    "2021-12-31": {
        "Diluted EPS": -0.38,
        "Total Revenue": 18,
        "Gross Profit": 9,
        "Operating Income": -66,
        "EBIT": -62,
        "Net Income": -32
    },
    "2021-09-30": {
        "Diluted EPS": -0.26,
        "Total Revenue": 21,
        "Gross Profit": 10,
        "Operating Income": -50,
        "EBIT": -47,
        "Net Income": -21
    },
    "2021-06-30": {
        "Diluted EPS": -0.04,
        "Total Revenue": 18,
        "Gross Profit": 10,
        "Operating Income": -43,
        "EBIT": -40,
        "Net Income": -4
    },
    "2021-03-31": {
        "Diluted EPS": -0.11,
        "Total Revenue": 12,
        "Gross Profit": 8,
        "Operating Income": -30,
        "EBIT": -28,
        "Net Income": -9
    },
    "2020-12-31": {
        "Diluted EPS": -0.07,
        "Total Revenue": 14,
        "Gross Profit": 9,
        "Operating Income": -24,
        "EBIT": -23,
        "Net Income": -5
    },
    "2020-09-30": {
        "Diluted EPS": -0.2,
        "Total Revenue": 9,
        "Gross Profit": 6,
        "Operating Income": -23,
        "EBIT": -18,
        "Net Income": -16
    },
    "2020-06-30": {
        "Diluted EPS": -0.19,
        "Total Revenue": 9,
        "Gross Profit": 6,
        "Operating Income": -25,
        "EBIT": -23,
        "Net Income": -13
    },
    "2020-03-31": {
        "Diluted EPS": -0.19,
        "Total Revenue": 13,
        "Gross Profit": 9,
        "Operating Income": -22,
        "EBIT": -19,
        "Net Income": -12
    },
    "2019-12-31": {
        "Diluted EPS": -0.29,
        "Total Revenue": 11,
        "Gross Profit": 8,
        "Operating Income": -30,
        "EBIT": -28,
        "Net Income": -15
    },
    "2019-09-30": {
        "Diluted EPS": -0.22,
        "Total Revenue": 10,
        "Gross Profit": 7,
        "Operating Income": -23,
        "EBIT": -20,
        "Net Income": -13
    },
    "2019-06-30": {
        "Diluted EPS": -0.24,
        "Total Revenue": 9,
        "Gross Profit": 7,
        "Operating Income": -25,
        "EBIT": -23,
        "Net Income": -13
    },
    "2019-03-31": {
        "Diluted EPS": 0.02,
        "Total Revenue": 6,
        "Gross Profit": 5,
        "Operating Income": -33,
        "EBIT": -31,
        "Net Income": 1
    },
    "2018-12-31": {
        "Diluted EPS": -0.58,
        "Total Revenue": 9,
        "Gross Profit": 7,
        "Operating Income": -32,
        "EBIT": -31,
        "Net Income": -25
    },
    "2018-09-30": {
        "Diluted EPS": -0.37,
        "Total Revenue": 5,
        "Gross Profit": 4,
        "Operating Income": -28,
        "EBIT": -27,
        "Net Income": -17
    },
    "2018-06-30": {
        "Diluted EPS": -0.5,
        "Total Revenue": 7,
        "Gross Profit": 5,
        "Operating Income": -25,
        "EBIT": -24,
        "Net Income": -22
    },
    "2018-03-31": {
        "Diluted EPS": -0.49,
        "Total Revenue": 6,
        "Gross Profit": 4,
        "Operating Income": -34,
        "EBIT": -33,
        "Net Income": -21
    },
    "2017-12-31": {
        "Diluted EPS": -0.21,
        "Total Revenue": -125,
        "Gross Profit": -127,
        "Operating Income": -16,
        "EBIT": -16,
        "Net Income": -10
    },
    "2017-09-30": {
        "Diluted EPS": -0.67,
        "Total Revenue": 47,
        "Gross Profit": 46,
        "Operating Income": -33,
        "EBIT": -31,
        "Net Income": -27
    },
    "2017-06-30": {
        "Diluted EPS": -0.43,
        "Total Revenue": 51,
        "Gross Profit": 50,
        "Operating Income": -23,
        "EBIT": -22,
        "Net Income": -17
    },
    "2017-03-31": {
        "Diluted EPS": -0.3,
        "Total Revenue": 45,
        "Gross Profit": 44,
        "Operating Income": -18,
        "EBIT": -16,
        "Net Income": -12
    },
    "2016-12-31": {
        "Diluted EPS": -0.44,
        "Total Revenue": 13,
        "Gross Profit": 12,
        "Operating Income": -19,
        "EBIT": -17,
        "Net Income": -17
    },
    "2016-09-30": {
        "Diluted EPS": -0.32,
        "Total Revenue": 1,
        "Gross Profit": 1,
        "Operating Income": -16,
        "EBIT": -16,
        "Net Income": -13
    },
    "2016-06-30": {
        "Diluted EPS": -0.31,
        "Total Revenue": 2,
        "Gross Profit": 2,
        "Operating Income": -15,
        "EBIT": -15,
        "Net Income": -12
    },
    "2016-03-31": {
        "Diluted EPS": -0.31,
        "Total Revenue": 1,
        "Gross Profit": 1,
        "Operating Income": -15,
        "EBIT": -15,
        "Net Income": -12
    },
    "2015-12-31": {
        "Diluted EPS": -0.31,
        "Total Revenue": 0,
        "Gross Profit": 0,
        "Operating Income": -13,
        "EBIT": -12,
        "Net Income": -12
    },
    "2015-09-30": {
        "Diluted EPS": -0.46,
        "Total Revenue": 0,
        "Gross Profit": 0,
        "Operating Income": -18,
        "EBIT": -18,
        "Net Income": -18
    },
    "2015-06-30": {
        "Diluted EPS": -0.16,
        "Total Revenue": NaN,
        "Gross Profit": NaN,
        "Operating Income": -8,
        "EBIT": -8,
        "Net Income": -6
    },
    "2015-03-31": {
        "Diluted EPS": -0.31,
        "Total Revenue": 1,
        "Gross Profit": 1,
        "Operating Income": -12,
        "EBIT": -12,
        "Net Income": -12
    },
    "2014-12-31": {
        "Diluted EPS": -0.09,
        "Total Revenue": NaN,
        "Gross Profit": NaN,
        "Operating Income": -5,
        "EBIT": -5,
        "Net Income": -4
    },
    "2014-09-30": {
        "Diluted EPS": -0.13,
        "Total Revenue": NaN,
        "Gross Profit": NaN,
        "Operating Income": -4,
        "EBIT": -4,
        "Net Income": -5
    },
    "2014-06-30": {
        "Diluted EPS": -0.13,
        "Total Revenue": NaN,
        "Gross Profit": NaN,
        "Operating Income": -5,
        "EBIT": -5,
        "Net Income": -5
    },
    "2014-03-31": {
        "Diluted EPS": -0.21,
        "Total Revenue": NaN,
        "Gross Profit": NaN,
        "Operating Income": -7,
        "EBIT": -7,
        "Net Income": -7
    },
    "2013-12-31": {
        "Diluted EPS": -0.25,
        "Total Revenue": NaN,
        "Gross Profit": NaN,
        "Operating Income": -10,
        "EBIT": -10,
        "Net Income": -10
    },
    "2013-09-30": {
        "Diluted EPS": -0.24,
        "Total Revenue": NaN,
        "Gross Profit": NaN,
        "Operating Income": -8,
        "EBIT": -8,
        "Net Income": -8
    },
    "2013-06-30": {
        "Diluted EPS": -0.38,
        "Total Revenue": NaN,
        "Gross Profit": NaN,
        "Operating Income": -10,
        "EBIT": -10,
        "Net Income": -11
    },
    "2013-03-31": {
        "Diluted EPS": -0.35,
        "Total Revenue": NaN,
        "Gross Profit": NaN,
        "Operating Income": -8,
        "EBIT": -8,
        "Net Income": -9
    },
    "2012-12-31": {
        "Diluted EPS": -0.34,
        "Total Revenue": NaN,
        "Gross Profit": NaN,
        "Operating Income": -8,
        "EBIT": -8,
        "Net Income": -9
    },
    "2012-09-30": {
        "Diluted EPS": -0.24,
        "Total Revenue": NaN,
        "Gross Profit": NaN,
        "Operating Income": -6,
        "EBIT": -6,
        "Net Income": -6
    },
    "2012-06-30": {
        "Diluted EPS": -0.34,
        "Total Revenue": NaN,
        "Gross Profit": NaN,
        "Operating Income": -6,
        "EBIT": -6,
        "Net Income": -6
    },
    "2012-03-31": {
        "Diluted EPS": -0.35,
        "Total Revenue": NaN,
        "Gross Profit": NaN,
        "Operating Income": -7,
        "EBIT": -7,
        "Net Income": -7
    },
    "2011-12-31": {
        "Diluted EPS": -0.52,
        "Total Revenue": NaN,
        "Gross Profit": NaN,
        "Operating Income": -5,
        "EBIT": -5,
        "Net Income": -7
    },
    "2011-09-30": {
        "Diluted EPS": -0.48,
        "Total Revenue": NaN,
        "Gross Profit": NaN,
        "Operating Income": -4,
        "EBIT": -4,
        "Net Income": -3
    },
    "2011-06-30": {
        "Diluted EPS": -1.64,
        "Total Revenue": NaN,
        "Gross Profit": NaN,
        "Operating Income": -4,
        "EBIT": -4,
        "Net Income": -10
    },
    "2011-03-31": {
        "Diluted EPS": -4.71,
        "Total Revenue": NaN,
        "Gross Profit": NaN,
        "Operating Income": -23,
        "EBIT": -23,
        "Net Income": -23
    },
    "2010-12-31": {
        "Diluted EPS": 0.0,
        "Total Revenue": NaN,
        "Gross Profit": NaN,
        "Operating Income": NaN,
        "EBIT": NaN,
        "Net Income": NaN
    },
    "2010-09-30": {
        "Diluted EPS": -0.44,
        "Total Revenue": NaN,
        "Gross Profit": NaN,
        "Operating Income": NaN,
        "EBIT": NaN,
        "Net Income": -2
    },
    "2010-03-31": {
        "Diluted EPS": -0.83,
        "Total Revenue": NaN,
        "Gross Profit": NaN,
        "Operating Income": NaN,
        "EBIT": NaN,
        "Net Income": -3
    },
    "2009-12-31": {
        "Diluted EPS": 0.0,
        "Total Revenue": NaN,
        "Gross Profit": NaN,
        "Operating Income": NaN,
        "EBIT": NaN,
        "Net Income": NaN
    },
    "2023-06-30": {
        "Tax Effect Of Unusual Items": 0.0,
        "Tax Rate For Calcs": 0.0,
        "Normalized EBITDA": -45374000.0,
        "Total Unusual Items": -7024000.0,
        "Total Unusual Items Excluding Goodwill": -7024000.0,
        "Net Income From Continuing Operation Net Minority Interest": -24776000.0,
        "Reconciled Depreciation": 1701000.0,
        "Reconciled Cost Of Revenue": 7767000.0,
        "EBITDA": -52398000.0,
        "EBIT": -54099000.0,
        "Net Interest Income": -5710000.0,
        "Interest Expense": 5202000.0,
        "Interest Income": 715000.0,
        "Normalized Income": -17752000.0,
        "Net Income From Continuing And Discontinued Operation": -24776000.0,
        "Total Expenses": 64348000.0,
        "Total Operating Income As Reported": -50105000.0,
        "Diluted Average Shares": 7377332.0,
        "Basic Average Shares": 7377332.0,
        "Diluted EPS": -3.65,
        "Basic EPS": -3.65,
        "Diluted NI Availto Com Stockholders": -26917000.0,
        "Net Income Common Stockholders": -26917000.0,
        "Otherunder Preferred Stock Dividend": 100000.0,
        "Preferred Stock Dividends": 2000000.0,
        "Net Income": -24776000.0,
        "Minority Interests": 34525000.0,
        "Net Income Including Noncontrolling Interests": -59301000.0,
        "Net Income Continuous Operations": -59301000.0,
        "Tax Provision": NaN,
        "Pretax Income": -59301000.0,
        "Other Income Expense": -6629000.0,
        "Other Non Operating Income Expenses": 395000.0,
        "Special Income Charges": -6512000.0,
        "Gain On Sale Of Business": -3369000.0,
        "Impairment Of Capital Assets": 3143000.0,
        "Gain On Sale Of Security": -512000.0,
        "Net Non Operating Interest Income Expense": -5710000.0,
        "Total Other Finance Cost": 1223000.0,
        "Interest Expense Non Operating": 5202000.0,
        "Interest Income Non Operating": 715000.0,
        "Operating Income": -46962000.0,
        "Operating Expense": 56581000.0,
        "Other Operating Expenses": NaN,
        "Research And Development": 32142000.0,
        "Selling General And Administration": 24439000.0,
        "Gross Profit": 9619000.0,
        "Cost Of Revenue": 7767000.0,
        "Total Revenue": 17386000.0,
        "Operating Revenue": 17175000.0
    },
    "2023-09-30": {
        "Tax Effect Of Unusual Items": 953820.0,
        "Tax Rate For Calcs": 0.21,
        "Normalized EBITDA": -10496000.0,
        "Total Unusual Items": 4542000.0,
        "Total Unusual Items Excluding Goodwill": 4542000.0,
        "Net Income From Continuing Operation Net Minority Interest": -5045000.0,
        "Reconciled Depreciation": 2752000.0,
        "Reconciled Cost Of Revenue": 6429000.0,
        "EBITDA": -5954000.0,
        "EBIT": -8706000.0,
        "Net Interest Income": -1987000.0,
        "Interest Expense": 1877000.0,
        "Interest Income": 547000.0,
        "Normalized Income": -8633180.0,
        "Net Income From Continuing And Discontinued Operation": -5045000.0,
        "Total Expenses": 48510000.0,
        "Total Operating Income As Reported": -13758000.0,
        "Diluted Average Shares": 7494905.0,
        "Basic Average Shares": 7494905.0,
        "Diluted EPS": -0.94047,
        "Basic EPS": -0.94047,
        "Diluted NI Availto Com Stockholders": -7053000.0,
        "Net Income Common Stockholders": -7053000.0,
        "Otherunder Preferred Stock Dividend": NaN,
        "Preferred Stock Dividends": 2008000.0,
        "Net Income": -5045000.0,
        "Minority Interests": 5679000.0,
        "Net Income Including Noncontrolling Interests": -10724000.0,
        "Net Income Continuous Operations": -10724000.0,
        "Tax Provision": 141000.0,
        "Pretax Income": -10583000.0,
        "Other Income Expense": 5162000.0,
        "Other Non Operating Income Expenses": 620000.0,
        "Special Income Charges": 0.0,
        "Gain On Sale Of Business": NaN,
        "Impairment Of Capital Assets": 0.0,
        "Gain On Sale Of Security": 4542000.0,
        "Net Non Operating Interest Income Expense": -1987000.0,
        "Total Other Finance Cost": 657000.0,
        "Interest Expense Non Operating": 1877000.0,
        "Interest Income Non Operating": 547000.0,
        "Operating Income": -13758000.0,
        "Operating Expense": 42081000.0,
        "Other Operating Expenses": NaN,
        "Research And Development": 20348000.0,
        "Selling General And Administration": 21733000.0,
        "Gross Profit": 28323000.0,
        "Cost Of Revenue": 6429000.0,
        "Total Revenue": 34752000.0,
        "Operating Revenue": 15492000.0
    },
    "2023-12-31": {
        "Tax Effect Of Unusual Items": -659610.0,
        "Tax Rate For Calcs": 0.21,
        "Normalized EBITDA": -22240000.0,
        "Total Unusual Items": -3141000.0,
        "Total Unusual Items Excluding Goodwill": -3141000.0,
        "Net Income From Continuing Operation Net Minority Interest": -9279000.0,
        "Reconciled Depreciation": 1709000.0,
        "Reconciled Cost Of Revenue": 6015000.0,
        "EBITDA": -25381000.0,
        "EBIT": -27090000.0,
        "Net Interest Income": -1352000.0,
        "Interest Expense": 1515000.0,
        "Interest Income": 707000.0,
        "Normalized Income": -6797610.0,
        "Net Income From Continuing And Discontinued Operation": -9279000.0,
        "Total Expenses": 42703000.0,
        "Total Operating Income As Reported": -19614000.0,
        "Diluted Average Shares": NaN,
        "Basic Average Shares": NaN,
        "Diluted EPS": NaN,
        "Basic EPS": NaN,
        "Diluted NI Availto Com Stockholders": -11287000.0,
        "Net Income Common Stockholders": -11287000.0,
        "Otherunder Preferred Stock Dividend": NaN,
        "Preferred Stock Dividends": 2008000.0,
        "Net Income": -9279000.0,
        "Minority Interests": 19705000.0,
        "Net Income Including Noncontrolling Interests": -28984000.0,
        "Net Income Continuous Operations": -28984000.0,
        "Tax Provision": 379000.0,
        "Pretax Income": -28605000.0,
        "Other Income Expense": -4495000.0,
        "Other Non Operating Income Expenses": -1354000.0,
        "Special Income Charges": NaN,
        "Gain On Sale Of Business": NaN,
        "Impairment Of Capital Assets": NaN,
        "Gain On Sale Of Security": -6284000.0,
        "Net Non Operating Interest Income Expense": -1352000.0,
        "Total Other Finance Cost": 544000.0,
        "Interest Expense Non Operating": 1515000.0,
        "Interest Income Non Operating": 707000.0,
        "Operating Income": -22757000.0,
        "Operating Expense": 36688000.0,
        "Other Operating Expenses": NaN,
        "Research And Development": 14076000.0,
        "Selling General And Administration": 22612000.0,
        "Gross Profit": 13931000.0,
        "Cost Of Revenue": 6015000.0,
        "Total Revenue": 19946000.0,
        "Operating Revenue": 19946000.0
    },
    "2024-03-31": {
        "Tax Effect Of Unusual Items": 0.0,
        "Tax Rate For Calcs": 0.0,
        "Normalized EBITDA": -35172000.0,
        "Total Unusual Items": -667000.0,
        "Total Unusual Items Excluding Goodwill": -667000.0,
        "Net Income From Continuing Operation Net Minority Interest": -15417000.0,
        "Reconciled Depreciation": 1191000.0,
        "Reconciled Cost Of Revenue": 6816000.0,
        "EBITDA": -35839000.0,
        "EBIT": -37030000.0,
        "Net Interest Income": -1769000.0,
        "Interest Expense": 1993000.0,
        "Interest Income": 833000.0,
        "Normalized Income": -14750000.0,
        "Net Income From Continuing And Discontinued Operation": -15417000.0,
        "Total Expenses": 49596000.0,
        "Total Operating Income As Reported": -36566000.0,
        "Diluted Average Shares": 17151945.0,
        "Basic Average Shares": 17151945.0,
        "Diluted EPS": -1.03,
        "Basic EPS": -1.03,
        "Diluted NI Availto Com Stockholders": -17731000.0,
        "Net Income Common Stockholders": -17731000.0,
        "Otherunder Preferred Stock Dividend": -300000.0,
        "Preferred Stock Dividends": -2000000.0,
        "Net Income": -15417000.0,
        "Minority Interests": 23606000.0,
        "Net Income Including Noncontrolling Interests": -39023000.0,
        "Net Income Continuous Operations": -39023000.0,
        "Tax Provision": NaN,
        "Pretax Income": -39023000.0,
        "Other Income Expense": -688000.0,
        "Other Non Operating Income Expenses": -21000.0,
        "Special Income Charges": NaN,
        "Gain On Sale Of Business": NaN,
        "Impairment Of Capital Assets": NaN,
        "Gain On Sale Of Security": -667000.0,
        "Net Non Operating Interest Income Expense": -1769000.0,
        "Total Other Finance Cost": 609000.0,
        "Interest Expense Non Operating": 1993000.0,
        "Interest Income Non Operating": 833000.0,
        "Operating Income": -36566000.0,
        "Operating Expense": 42780000.0,
        "Other Operating Expenses": NaN,
        "Research And Development": 24839000.0,
        "Selling General And Administration": 17941000.0,
        "Gross Profit": 6214000.0,
        "Cost Of Revenue": 6816000.0,
        "Total Revenue": 13030000.0,
        "Operating Revenue": 13030000.0
    },
    "2024-06-30": {
        "Tax Effect Of Unusual Items": 0.0,
        "Tax Rate For Calcs": 0.0,
        "Normalized EBITDA": -23563000.0,
        "Total Unusual Items": -2579000.0,
        "Total Unusual Items Excluding Goodwill": -2579000.0,
        "Net Income From Continuing Operation Net Minority Interest": -10948000.0,
        "Reconciled Depreciation": 1191000.0,
        "Reconciled Cost Of Revenue": 6541000.0,
        "EBITDA": -26142000.0,
        "EBIT": -27333000.0,
        "Net Interest Income": -1388000.0,
        "Interest Expense": 1491000.0,
        "Interest Income": 734000.0,
        "Normalized Income": -8369000.0,
        "Net Income From Continuing And Discontinued Operation": -10948000.0,
        "Total Expenses": 40035000.0,
        "Total Operating Income As Reported": -27788000.0,
        "Diluted Average Shares": 1221125.0,
        "Basic Average Shares": 1221125.0,
        "Diluted EPS": -10.95,
        "Basic EPS": -10.95,
        "Diluted NI Availto Com Stockholders": -13339000.0,
        "Net Income Common Stockholders": -13339000.0,
        "Otherunder Preferred Stock Dividend": 400000.0,
        "Preferred Stock Dividends": 2000000.0,
        "Net Income": -10948000.0,
        "Minority Interests": 17876000.0,
        "Net Income Including Noncontrolling Interests": -28824000.0,
        "Net Income Continuous Operations": -28824000.0,
        "Tax Provision": NaN,
        "Pretax Income": -28824000.0,
        "Other Income Expense": -2297000.0,
        "Other Non Operating Income Expenses": 282000.0,
        "Special Income Charges": -2649000.0,
        "Gain On Sale Of Business": 0.0,
        "Impairment Of Capital Assets": 2649000.0,
        "Gain On Sale Of Security": 70000.0,
        "Net Non Operating Interest Income Expense": -1388000.0,
        "Total Other Finance Cost": 631000.0,
        "Interest Expense Non Operating": 1491000.0,
        "Interest Income Non Operating": 734000.0,
        "Operating Income": -25139000.0,
        "Operating Expense": 33494000.0,
        "Other Operating Expenses": NaN,
        "Research And Development": 12671000.0,
        "Selling General And Administration": 20823000.0,
        "Gross Profit": 8355000.0,
        "Cost Of Revenue": 6541000.0,
        "Total Revenue": 14896000.0,
        "Operating Revenue": 14896000.0
    }
}