{
    "2023-03-31": {
        "Tax Effect Of Unusual Items": NaN,
        "Tax Rate For Calcs": NaN,
        "Normalized EBITDA": NaN,
        "Net Income From Continuing Operation Net Minority Interest": NaN,
        "Reconciled Depreciation": NaN,
        "EBITDA": NaN,
        "EBIT": NaN,
        "Normalized Income": NaN,
        "Net Income From Continuing And Discontinued Operation": NaN,
        "Total Expenses": NaN,
        "Total Operating Income As Reported": NaN,
        "Diluted Average Shares": 21006680.0,
        "Basic Average Shares": 21006680.0,
        "Diluted EPS": -0.32,
        "Basic EPS": -0.32,
        "Diluted NI Availto Com Stockholders": NaN,
        "Net Income Common Stockholders": NaN,
        "Net Income": NaN,
        "Net Income Including Noncontrolling Interests": NaN,
        "Net Income Continuous Operations": NaN,
        "Pretax Income": NaN,
        "Other Income Expense": NaN,
        "Other Non Operating Income Expenses": NaN,
        "Operating Income": NaN,
        "Operating Expense": NaN,
        "Research And Development": NaN,
        "Selling General And Administration": NaN,
        "General And Administrative Expense": NaN,
        "Other Gand A": NaN,
        "Total Revenue": NaN,
        "Operating Revenue": NaN
    },
    "2022-12-31": {
        "Tax Effect Of Unusual Items": NaN,
        "Tax Rate For Calcs": NaN,
        "Normalized EBITDA": NaN,
        "Net Income From Continuing Operation Net Minority Interest": NaN,
        "Reconciled Depreciation": 0.0,
        "EBITDA": NaN,
        "EBIT": NaN,
        "Normalized Income": NaN,
        "Net Income From Continuing And Discontinued Operation": NaN,
        "Total Expenses": NaN,
        "Total Operating Income As Reported": NaN,
        "Diluted Average Shares": NaN,
        "Basic Average Shares": NaN,
        "Diluted EPS": NaN,
        "Basic EPS": NaN,
        "Diluted NI Availto Com Stockholders": NaN,
        "Net Income Common Stockholders": NaN,
        "Net Income": NaN,
        "Net Income Including Noncontrolling Interests": NaN,
        "Net Income Continuous Operations": NaN,
        "Pretax Income": NaN,
        "Other Income Expense": NaN,
        "Other Non Operating Income Expenses": NaN,
        "Operating Income": NaN,
        "Operating Expense": NaN,
        "Research And Development": NaN,
        "Selling General And Administration": NaN,
        "General And Administrative Expense": NaN,
        "Other Gand A": NaN,
        "Total Revenue": NaN,
        "Operating Revenue": NaN
    },
    "2022-09-30": {
        "Tax Effect Of Unusual Items": NaN,
        "Tax Rate For Calcs": NaN,
        "Normalized EBITDA": NaN,
        "Net Income From Continuing Operation Net Minority Interest": NaN,
        "Reconciled Depreciation": 0.0,
        "EBITDA": NaN,
        "EBIT": NaN,
        "Normalized Income": NaN,
        "Net Income From Continuing And Discontinued Operation": NaN,
        "Total Expenses": NaN,
        "Total Operating Income As Reported": NaN,
        "Diluted Average Shares": 18927446.0,
        "Basic Average Shares": 18927446.0,
        "Diluted EPS": -0.18,
        "Basic EPS": -0.18,
        "Diluted NI Availto Com Stockholders": NaN,
        "Net Income Common Stockholders": NaN,
        "Net Income": NaN,
        "Net Income Including Noncontrolling Interests": NaN,
        "Net Income Continuous Operations": NaN,
        "Pretax Income": NaN,
        "Other Income Expense": NaN,
        "Other Non Operating Income Expenses": NaN,
        "Operating Income": NaN,
        "Operating Expense": NaN,
        "Research And Development": NaN,
        "Selling General And Administration": NaN,
        "General And Administrative Expense": NaN,
        "Other Gand A": NaN,
        "Total Revenue": NaN,
        "Operating Revenue": NaN
    },
    "2022-06-30": {
        "Tax Effect Of Unusual Items": 0.0,
        "Tax Rate For Calcs": 0.0,
        "Normalized EBITDA": -3020000.0,
        "Net Income From Continuing Operation Net Minority Interest": -3035000.0,
        "Reconciled Depreciation": 0.0,
        "EBITDA": -3020000.0,
        "EBIT": -3020000.0,
        "Normalized Income": -3035000.0,
        "Net Income From Continuing And Discontinued Operation": -3035000.0,
        "Total Expenses": 3020000.0,
        "Total Operating Income As Reported": -3020000.0,
        "Diluted Average Shares": 14761261.0,
        "Basic Average Shares": 14761261.0,
        "Diluted EPS": -0.21,
        "Basic EPS": -0.21,
        "Diluted NI Availto Com Stockholders": -3035000.0,
        "Net Income Common Stockholders": -3035000.0,
        "Net Income": -3035000.0,
        "Net Income Including Noncontrolling Interests": -3035000.0,
        "Net Income Continuous Operations": -3035000.0,
        "Pretax Income": -3035000.0,
        "Other Income Expense": -15000.0,
        "Other Non Operating Income Expenses": -15000.0,
        "Operating Income": -3020000.0,
        "Operating Expense": 3020000.0,
        "Research And Development": 1034000.0,
        "Selling General And Administration": 1986000.0,
        "General And Administrative Expense": 1986000.0,
        "Other Gand A": 1986000.0,
        "Total Revenue": 0.0,
        "Operating Revenue": 0.0
    },
    "2022-03-31": {
        "Diluted EPS": -0.17,
        "Total Revenue": NaN,
        "Gross Profit": NaN,
        "Operating Income": -3,
        "EBIT": -3,
        "Net Income": -3
    },
    "2021-12-31": {
        "Diluted EPS": -0.22,
        "Total Revenue": NaN,
        "Gross Profit": NaN,
        "Operating Income": -3,
        "EBIT": -3,
        "Net Income": -3
    },
    "2021-09-30": {
        "Diluted EPS": -0.54,
        "Total Revenue": NaN,
        "Gross Profit": NaN,
        "Operating Income": -8,
        "EBIT": -8,
        "Net Income": -8
    },
    "2021-06-30": {
        "Diluted EPS": -0.43,
        "Total Revenue": NaN,
        "Gross Profit": NaN,
        "Operating Income": -6,
        "EBIT": -6,
        "Net Income": -6
    },
    "2021-03-31": {
        "Diluted EPS": -0.36,
        "Total Revenue": NaN,
        "Gross Profit": NaN,
        "Operating Income": -5,
        "EBIT": -5,
        "Net Income": -5
    },
    "2020-12-31": {
        "Diluted EPS": 4.62,
        "Total Revenue": NaN,
        "Gross Profit": NaN,
        "Operating Income": -4,
        "EBIT": -4,
        "Net Income": -5
    },
    "2020-09-30": {
        "Diluted EPS": -0.45,
        "Total Revenue": NaN,
        "Gross Profit": NaN,
        "Operating Income": -5,
        "EBIT": -5,
        "Net Income": -5
    },
    "2020-06-30": {
        "Diluted EPS": -9.52,
        "Total Revenue": NaN,
        "Gross Profit": NaN,
        "Operating Income": -35,
        "EBIT": -35,
        "Net Income": -35
    },
    "2020-03-31": {
        "Diluted EPS": -0.97,
        "Total Revenue": NaN,
        "Gross Profit": NaN,
        "Operating Income": -2,
        "EBIT": -2,
        "Net Income": -2
    },
    "2019-12-31": {
        "Diluted EPS": 9.8,
        "Total Revenue": NaN,
        "Gross Profit": NaN,
        "Operating Income": 14,
        "EBIT": 14,
        "Net Income": 14
    },
    "2019-09-30": {
        "Diluted EPS": -0.33,
        "Total Revenue": NaN,
        "Gross Profit": NaN,
        "Operating Income": -1,
        "EBIT": -1,
        "Net Income": -1
    },
    "2019-06-30": {
        "Diluted EPS": -0.3,
        "Total Revenue": NaN,
        "Gross Profit": NaN,
        "Operating Income": -1,
        "EBIT": -1,
        "Net Income": -1
    },
    "2019-03-31": {
        "Diluted EPS": -11.1,
        "Total Revenue": 0,
        "Gross Profit": 0,
        "Operating Income": -17,
        "EBIT": -17,
        "Net Income": -17
    },
    "2018-12-31": {
        "Diluted EPS": -14.39,
        "Total Revenue": 0,
        "Gross Profit": 0,
        "Operating Income": -19,
        "EBIT": -19,
        "Net Income": -20
    },
    "2018-09-30": {
        "Diluted EPS": -0.3,
        "Total Revenue": 18,
        "Gross Profit": 18,
        "Operating Income": 1,
        "EBIT": 2,
        "Net Income": 0
    },
    "2018-06-30": {
        "Diluted EPS": -12.14,
        "Total Revenue": 0,
        "Gross Profit": 0,
        "Operating Income": -15,
        "EBIT": -15,
        "Net Income": -16
    },
    "2018-03-31": {
        "Diluted EPS": -9.75,
        "Total Revenue": 0,
        "Gross Profit": 0,
        "Operating Income": -13,
        "EBIT": -13,
        "Net Income": -13
    },
    "2017-12-31": {
        "Diluted EPS": 37.63,
        "Total Revenue": 0,
        "Gross Profit": 0,
        "Operating Income": -11,
        "EBIT": -11,
        "Net Income": -11
    },
    "2017-09-30": {
        "Diluted EPS": -7.5,
        "Total Revenue": 0,
        "Gross Profit": 0,
        "Operating Income": -10,
        "EBIT": -10,
        "Net Income": -10
    },
    "2017-06-30": {
        "Diluted EPS": -8.4,
        "Total Revenue": NaN,
        "Gross Profit": NaN,
        "Operating Income": -9,
        "EBIT": -9,
        "Net Income": -9
    },
    "2017-03-31": {
        "Diluted EPS": -61.62,
        "Total Revenue": 0,
        "Gross Profit": 0,
        "Operating Income": -9,
        "EBIT": -8,
        "Net Income": -9
    },
    "2016-12-31": {
        "Diluted EPS": -57.42,
        "Total Revenue": 0,
        "Gross Profit": 0,
        "Operating Income": -8,
        "EBIT": -8,
        "Net Income": -8
    },
    "2016-09-30": {
        "Diluted EPS": -61.32,
        "Total Revenue": 0,
        "Gross Profit": 0,
        "Operating Income": -9,
        "EBIT": -8,
        "Net Income": -9
    },
    "2016-06-30": {
        "Diluted EPS": -54.87,
        "Total Revenue": 0,
        "Gross Profit": 0,
        "Operating Income": -8,
        "EBIT": -8,
        "Net Income": -8
    },
    "2016-03-31": {
        "Diluted EPS": -54.57,
        "Total Revenue": 0,
        "Gross Profit": 0,
        "Operating Income": -8,
        "EBIT": -8,
        "Net Income": -8
    },
    "2015-12-31": {
        "Diluted EPS": 0.0,
        "Total Revenue": NaN,
        "Gross Profit": NaN,
        "Operating Income": NaN,
        "EBIT": NaN,
        "Net Income": NaN
    },
    "2023-06-30": {
        "Tax Effect Of Unusual Items": NaN,
        "Tax Rate For Calcs": NaN,
        "Normalized EBITDA": NaN,
        "Net Income From Continuing Operation Net Minority Interest": NaN,
        "Reconciled Depreciation": NaN,
        "EBITDA": NaN,
        "EBIT": NaN,
        "Normalized Income": NaN,
        "Net Income From Continuing And Discontinued Operation": NaN,
        "Total Expenses": NaN,
        "Total Operating Income As Reported": NaN,
        "Diluted Average Shares": 841873.0,
        "Basic Average Shares": 841873.0,
        "Diluted EPS": -10.5,
        "Basic EPS": -10.5,
        "Diluted NI Availto Com Stockholders": NaN,
        "Net Income Common Stockholders": NaN,
        "Net Income": NaN,
        "Net Income Including Noncontrolling Interests": NaN,
        "Net Income Continuous Operations": NaN,
        "Pretax Income": NaN,
        "Other Income Expense": NaN,
        "Other Non Operating Income Expenses": NaN,
        "Operating Income": NaN,
        "Operating Expense": NaN,
        "Research And Development": NaN,
        "Selling General And Administration": NaN,
        "General And Administrative Expense": NaN,
        "Other Gand A": NaN,
        "Total Revenue": NaN,
        "Operating Revenue": NaN
    },
    "2023-09-30": {
        "Tax Effect Of Unusual Items": 0.0,
        "Tax Rate For Calcs": 0.0,
        "Normalized EBITDA": -10213000.0,
        "Net Income From Continuing Operation Net Minority Interest": -9955000.0,
        "Reconciled Depreciation": 3000.0,
        "EBITDA": -10213000.0,
        "EBIT": -10216000.0,
        "Normalized Income": -9955000.0,
        "Net Income From Continuing And Discontinued Operation": -9955000.0,
        "Total Expenses": 10216000.0,
        "Total Operating Income As Reported": -10216000.0,
        "Diluted Average Shares": 1514509.0,
        "Basic Average Shares": 1514509.0,
        "Diluted EPS": -6.57,
        "Basic EPS": -6.57,
        "Diluted NI Availto Com Stockholders": -9955000.0,
        "Net Income Common Stockholders": -9955000.0,
        "Net Income": -9955000.0,
        "Net Income Including Noncontrolling Interests": -9955000.0,
        "Net Income Continuous Operations": -9955000.0,
        "Pretax Income": -9955000.0,
        "Other Income Expense": 261000.0,
        "Other Non Operating Income Expenses": 261000.0,
        "Operating Income": -10216000.0,
        "Operating Expense": 10216000.0,
        "Research And Development": 6369000.0,
        "Selling General And Administration": 3847000.0,
        "General And Administrative Expense": 3847000.0,
        "Other Gand A": 3847000.0,
        "Total Revenue": 0.0,
        "Operating Revenue": 0.0
    },
    "2023-12-31": {
        "Tax Effect Of Unusual Items": 0.0,
        "Tax Rate For Calcs": 0.0,
        "Normalized EBITDA": -6375000.0,
        "Net Income From Continuing Operation Net Minority Interest": -5872000.0,
        "Reconciled Depreciation": 6000.0,
        "EBITDA": -6375000.0,
        "EBIT": -6381000.0,
        "Normalized Income": -5872000.0,
        "Net Income From Continuing And Discontinued Operation": -5872000.0,
        "Total Expenses": 6381000.0,
        "Total Operating Income As Reported": -6381000.0,
        "Diluted Average Shares": NaN,
        "Basic Average Shares": NaN,
        "Diluted EPS": NaN,
        "Basic EPS": NaN,
        "Diluted NI Availto Com Stockholders": -5872000.0,
        "Net Income Common Stockholders": -5872000.0,
        "Net Income": -5872000.0,
        "Net Income Including Noncontrolling Interests": -5872000.0,
        "Net Income Continuous Operations": -5872000.0,
        "Pretax Income": -5872000.0,
        "Other Income Expense": -615000.0,
        "Other Non Operating Income Expenses": -615000.0,
        "Operating Income": -6381000.0,
        "Operating Expense": 6381000.0,
        "Research And Development": 3567000.0,
        "Selling General And Administration": 2814000.0,
        "General And Administrative Expense": 2814000.0,
        "Other Gand A": 2814000.0,
        "Total Revenue": 0.0,
        "Operating Revenue": 0.0
    },
    "2024-03-31": {
        "Tax Effect Of Unusual Items": 0.0,
        "Tax Rate For Calcs": 0.0,
        "Normalized EBITDA": -7795000.0,
        "Net Income From Continuing Operation Net Minority Interest": -7420000.0,
        "Reconciled Depreciation": 9000.0,
        "EBITDA": -7795000.0,
        "EBIT": -7804000.0,
        "Normalized Income": -7420000.0,
        "Net Income From Continuing And Discontinued Operation": -7420000.0,
        "Total Expenses": 7804000.0,
        "Total Operating Income As Reported": -7804000.0,
        "Diluted Average Shares": 1843314.0,
        "Basic Average Shares": 1843314.0,
        "Diluted EPS": -4.0,
        "Basic EPS": -4.0,
        "Diluted NI Availto Com Stockholders": -7420000.0,
        "Net Income Common Stockholders": -7420000.0,
        "Net Income": -7420000.0,
        "Net Income Including Noncontrolling Interests": -7420000.0,
        "Net Income Continuous Operations": -7420000.0,
        "Pretax Income": -7420000.0,
        "Other Income Expense": 384000.0,
        "Other Non Operating Income Expenses": 384000.0,
        "Operating Income": -7804000.0,
        "Operating Expense": 7804000.0,
        "Research And Development": 4353000.0,
        "Selling General And Administration": 3451000.0,
        "General And Administrative Expense": 3451000.0,
        "Other Gand A": 3451000.0,
        "Total Revenue": 0.0,
        "Operating Revenue": 0.0
    },
    "2024-06-30": {
        "Tax Effect Of Unusual Items": 0.0,
        "Tax Rate For Calcs": 0.0,
        "Normalized EBITDA": -12808000.0,
        "Net Income From Continuing Operation Net Minority Interest": -12511000.0,
        "Reconciled Depreciation": 10000.0,
        "EBITDA": -12808000.0,
        "EBIT": -12818000.0,
        "Normalized Income": -12511000.0,
        "Net Income From Continuing And Discontinued Operation": -12511000.0,
        "Total Expenses": 12818000.0,
        "Total Operating Income As Reported": -12818000.0,
        "Diluted Average Shares": 1845246.0,
        "Basic Average Shares": 1845246.0,
        "Diluted EPS": -6.75,
        "Basic EPS": -6.75,
        "Diluted NI Availto Com Stockholders": -12511000.0,
        "Net Income Common Stockholders": -12511000.0,
        "Net Income": -12511000.0,
        "Net Income Including Noncontrolling Interests": -12511000.0,
        "Net Income Continuous Operations": -12511000.0,
        "Pretax Income": -12511000.0,
        "Other Income Expense": 307000.0,
        "Other Non Operating Income Expenses": 307000.0,
        "Operating Income": -12818000.0,
        "Operating Expense": 12818000.0,
        "Research And Development": 5740000.0,
        "Selling General And Administration": 7078000.0,
        "General And Administrative Expense": 7078000.0,
        "Other Gand A": 7078000.0,
        "Total Revenue": 0.0,
        "Operating Revenue": 0.0
    },
    "2024-09-30": {
        "Tax Effect Of Unusual Items": 0.0,
        "Tax Rate For Calcs": 0.0,
        "Normalized EBITDA": -8619000.0,
        "Net Income From Continuing Operation Net Minority Interest": -8392000.0,
        "Reconciled Depreciation": 10000.0,
        "EBITDA": -8619000.0,
        "EBIT": -8629000.0,
        "Normalized Income": -8392000.0,
        "Net Income From Continuing And Discontinued Operation": -8392000.0,
        "Total Expenses": 8629000.0,
        "Total Operating Income As Reported": -8629000.0,
        "Diluted Average Shares": 1847644.0,
        "Basic Average Shares": 1847644.0,
        "Diluted EPS": -4.54,
        "Basic EPS": -4.54,
        "Diluted NI Availto Com Stockholders": -8392000.0,
        "Net Income Common Stockholders": -8392000.0,
        "Net Income": -8392000.0,
        "Net Income Including Noncontrolling Interests": -8392000.0,
        "Net Income Continuous Operations": -8392000.0,
        "Pretax Income": -8392000.0,
        "Other Income Expense": 237000.0,
        "Other Non Operating Income Expenses": 237000.0,
        "Operating Income": -8629000.0,
        "Operating Expense": 8629000.0,
        "Research And Development": 5870000.0,
        "Selling General And Administration": 2759000.0,
        "General And Administrative Expense": 2759000.0,
        "Other Gand A": 2759000.0,
        "Total Revenue": 0.0,
        "Operating Revenue": 0.0
    }
}