{
    "2024-03-31": {
        "Tax Effect Of Unusual Items": 0.0,
        "Tax Rate For Calcs": 0.0,
        "Normalized EBITDA": -4136000.0,
        "Total Unusual Items": 118429000.0,
        "Total Unusual Items Excluding Goodwill": 118429000.0,
        "Net Income From Continuing Operation Net Minority Interest": 17169000.0,
        "Reconciled Depreciation": 1000.0,
        "Reconciled Cost Of Revenue": 0.0,
        "EBITDA": 114293000.0,
        "EBIT": 114292000.0,
        "Net Interest Income": -266000.0,
        "Interest Expense": 269000.0,
        "Interest Income": 3000.0,
        "Normalized Income": -101260000.0,
        "Net Income From Continuing And Discontinued Operation": 17169000.0,
        "Total Expenses": 6810000.0,
        "Total Operating Income As Reported": -5313000.0,
        "Diluted Average Shares": 9209020.0,
        "Basic Average Shares": 9021520.0,
        "Diluted EPS": 1.53,
        "Basic EPS": 1.9,
        "Diluted NI Availto Com Stockholders": 17169000.0,
        "Average Dilution Earnings": NaN,
        "Net Income Common Stockholders": 17169000.0,
        "Net Income": 17169000.0,
        "Minority Interests": -96855000.0,
        "Net Income Including Noncontrolling Interests": 114024000.0,
        "Net Income Continuous Operations": 114024000.0,
        "Tax Provision": -1000.0,
        "Pretax Income": 114023000.0,
        "Other Income Expense": 119583000.0,
        "Other Non Operating Income Expenses": 118615000.0,
        "Special Income Charges": 118596000.0,
        "Gain On Sale Of Business": NaN,
        "Write Off": 12000.0,
        "Restructuring And Mergern Acquisition": -118608000.0,
        "Earnings From Equity Interest": 1154000.0,
        "Gain On Sale Of Security": -167000.0,
        "Net Non Operating Interest Income Expense": -266000.0,
        "Interest Expense Non Operating": 269000.0,
        "Interest Income Non Operating": 3000.0,
        "Operating Income": -5294000.0,
        "Operating Expense": 6810000.0,
        "Provision For Doubtful Accounts": 12000.0,
        "Depreciation Amortization Depletion Income Statement": 1000.0,
        "Depreciation And Amortization In Income Statement": 1000.0,
        "Research And Development": 16000.0,
        "Selling General And Administration": 6793000.0,
        "Gross Profit": 1516000.0,
        "Cost Of Revenue": 0.0,
        "Total Revenue": 1516000.0,
        "Operating Revenue": 0.0
    },
    "2023-06-30": {
        "Tax Effect Of Unusual Items": NaN,
        "Tax Rate For Calcs": NaN,
        "Normalized EBITDA": NaN,
        "Total Unusual Items": NaN,
        "Total Unusual Items Excluding Goodwill": NaN,
        "Net Income From Continuing Operation Net Minority Interest": NaN,
        "Reconciled Depreciation": NaN,
        "Reconciled Cost Of Revenue": NaN,
        "EBITDA": NaN,
        "EBIT": NaN,
        "Net Interest Income": NaN,
        "Interest Expense": NaN,
        "Interest Income": NaN,
        "Normalized Income": NaN,
        "Net Income From Continuing And Discontinued Operation": NaN,
        "Total Expenses": NaN,
        "Total Operating Income As Reported": NaN,
        "Diluted Average Shares": 7985976.0,
        "Basic Average Shares": 7985976.0,
        "Diluted EPS": -1.102182,
        "Basic EPS": -1.102182,
        "Diluted NI Availto Com Stockholders": NaN,
        "Average Dilution Earnings": NaN,
        "Net Income Common Stockholders": NaN,
        "Net Income": NaN,
        "Minority Interests": NaN,
        "Net Income Including Noncontrolling Interests": NaN,
        "Net Income Continuous Operations": NaN,
        "Tax Provision": NaN,
        "Pretax Income": NaN,
        "Other Income Expense": NaN,
        "Other Non Operating Income Expenses": NaN,
        "Special Income Charges": NaN,
        "Gain On Sale Of Business": NaN,
        "Write Off": NaN,
        "Restructuring And Mergern Acquisition": NaN,
        "Earnings From Equity Interest": NaN,
        "Gain On Sale Of Security": NaN,
        "Net Non Operating Interest Income Expense": NaN,
        "Interest Expense Non Operating": NaN,
        "Interest Income Non Operating": NaN,
        "Operating Income": NaN,
        "Operating Expense": NaN,
        "Provision For Doubtful Accounts": NaN,
        "Depreciation Amortization Depletion Income Statement": NaN,
        "Depreciation And Amortization In Income Statement": NaN,
        "Research And Development": NaN,
        "Selling General And Administration": NaN,
        "Gross Profit": NaN,
        "Cost Of Revenue": NaN,
        "Total Revenue": NaN,
        "Operating Revenue": NaN
    },
    "2023-03-31": {
        "Tax Effect Of Unusual Items": NaN,
        "Tax Rate For Calcs": NaN,
        "Normalized EBITDA": NaN,
        "Total Unusual Items": NaN,
        "Total Unusual Items Excluding Goodwill": NaN,
        "Net Income From Continuing Operation Net Minority Interest": NaN,
        "Reconciled Depreciation": NaN,
        "Reconciled Cost Of Revenue": NaN,
        "EBITDA": NaN,
        "EBIT": NaN,
        "Net Interest Income": NaN,
        "Interest Expense": NaN,
        "Interest Income": NaN,
        "Normalized Income": NaN,
        "Net Income From Continuing And Discontinued Operation": NaN,
        "Total Expenses": NaN,
        "Total Operating Income As Reported": NaN,
        "Diluted Average Shares": NaN,
        "Basic Average Shares": NaN,
        "Diluted EPS": NaN,
        "Basic EPS": NaN,
        "Diluted NI Availto Com Stockholders": NaN,
        "Average Dilution Earnings": NaN,
        "Net Income Common Stockholders": NaN,
        "Net Income": NaN,
        "Minority Interests": NaN,
        "Net Income Including Noncontrolling Interests": NaN,
        "Net Income Continuous Operations": NaN,
        "Tax Provision": NaN,
        "Pretax Income": NaN,
        "Other Income Expense": NaN,
        "Other Non Operating Income Expenses": NaN,
        "Special Income Charges": NaN,
        "Gain On Sale Of Business": NaN,
        "Write Off": NaN,
        "Restructuring And Mergern Acquisition": NaN,
        "Earnings From Equity Interest": NaN,
        "Gain On Sale Of Security": NaN,
        "Net Non Operating Interest Income Expense": NaN,
        "Interest Expense Non Operating": NaN,
        "Interest Income Non Operating": NaN,
        "Operating Income": NaN,
        "Operating Expense": NaN,
        "Provision For Doubtful Accounts": 254000.0,
        "Depreciation Amortization Depletion Income Statement": NaN,
        "Depreciation And Amortization In Income Statement": NaN,
        "Research And Development": NaN,
        "Selling General And Administration": NaN,
        "Gross Profit": NaN,
        "Cost Of Revenue": NaN,
        "Total Revenue": NaN,
        "Operating Revenue": NaN
    },
    "2022-12-31": {
        "Tax Effect Of Unusual Items": 0.0,
        "Tax Rate For Calcs": 0.0,
        "Normalized EBITDA": -6040000.0,
        "Total Unusual Items": 1998000.0,
        "Total Unusual Items Excluding Goodwill": 1998000.0,
        "Net Income From Continuing Operation Net Minority Interest": -4405000.0,
        "Reconciled Depreciation": 167000.0,
        "Reconciled Cost Of Revenue": 3270000.0,
        "EBITDA": -4042000.0,
        "EBIT": -4209000.0,
        "Net Interest Income": -196000.0,
        "Interest Expense": 196000.0,
        "Interest Income": NaN,
        "Normalized Income": -6403000.0,
        "Net Income From Continuing And Discontinued Operation": -4405000.0,
        "Total Expenses": 9902000.0,
        "Total Operating Income As Reported": -5981000.0,
        "Diluted Average Shares": NaN,
        "Basic Average Shares": NaN,
        "Diluted EPS": NaN,
        "Basic EPS": NaN,
        "Diluted NI Availto Com Stockholders": -4405000.0,
        "Average Dilution Earnings": NaN,
        "Net Income Common Stockholders": -4405000.0,
        "Net Income": -4405000.0,
        "Minority Interests": NaN,
        "Net Income Including Noncontrolling Interests": -4405000.0,
        "Net Income Continuous Operations": -4405000.0,
        "Tax Provision": NaN,
        "Pretax Income": -4405000.0,
        "Other Income Expense": 1772000.0,
        "Other Non Operating Income Expenses": NaN,
        "Special Income Charges": -9000.0,
        "Write Off": NaN,
        "Restructuring And Mergern Acquisition": NaN,
        "Earnings From Equity Interest": -226000.0,
        "Gain On Sale Of Security": 2007000.0,
        "Net Non Operating Interest Income Expense": -196000.0,
        "Interest Expense Non Operating": 196000.0,
        "Interest Income Non Operating": NaN,
        "Operating Income": -5981000.0,
        "Operating Expense": 6632000.0,
        "Provision For Doubtful Accounts": NaN,
        "Depreciation Amortization Depletion Income Statement": 167000.0,
        "Depreciation And Amortization In Income Statement": 167000.0,
        "Research And Development": NaN,
        "Selling General And Administration": 3694000.0,
        "Gross Profit": 651000.0,
        "Cost Of Revenue": 3270000.0,
        "Total Revenue": 3921000.0,
        "Operating Revenue": 3923000.0
    },
    "2024-06-30": {
        "Tax Effect Of Unusual Items": 0.0,
        "Tax Rate For Calcs": 0.0,
        "Normalized EBITDA": -1797000.0,
        "Total Unusual Items": 10265000.0,
        "Total Unusual Items Excluding Goodwill": 10265000.0,
        "Net Income From Continuing Operation Net Minority Interest": 1234000.0,
        "Reconciled Depreciation": 2000.0,
        "Reconciled Cost Of Revenue": 0.0,
        "EBITDA": 8468000.0,
        "EBIT": 8466000.0,
        "Net Interest Income": -435000.0,
        "Interest Expense": 438000.0,
        "Interest Income": 3000.0,
        "Normalized Income": -9031000.0,
        "Net Income From Continuing And Discontinued Operation": 1234000.0,
        "Total Expenses": 5320000.0,
        "Total Operating Income As Reported": -3522000.0,
        "Diluted Average Shares": 10066633.0,
        "Basic Average Shares": 10008941.0,
        "Diluted EPS": 0.01,
        "Basic EPS": 0.12,
        "Diluted NI Availto Com Stockholders": 60000.0,
        "Average Dilution Earnings": -1174000.0,
        "Net Income Common Stockholders": 1234000.0,
        "Net Income": 1234000.0,
        "Minority Interests": -6794000.0,
        "Net Income Including Noncontrolling Interests": 8028000.0,
        "Net Income Continuous Operations": 8028000.0,
        "Tax Provision": 0.0,
        "Pretax Income": 8028000.0,
        "Other Income Expense": 11985000.0,
        "Other Non Operating Income Expenses": NaN,
        "Special Income Charges": 13006000.0,
        "Gain On Sale Of Business": NaN,
        "Write Off": 0.0,
        "Restructuring And Mergern Acquisition": -13006000.0,
        "Earnings From Equity Interest": 1720000.0,
        "Gain On Sale Of Security": -2741000.0,
        "Net Non Operating Interest Income Expense": -435000.0,
        "Interest Expense Non Operating": 438000.0,
        "Interest Income Non Operating": 3000.0,
        "Operating Income": -3522000.0,
        "Operating Expense": 5320000.0,
        "Provision For Doubtful Accounts": NaN,
        "Depreciation Amortization Depletion Income Statement": 2000.0,
        "Depreciation And Amortization In Income Statement": 2000.0,
        "Research And Development": 10000.0,
        "Selling General And Administration": 5308000.0,
        "Gross Profit": 1798000.0,
        "Cost Of Revenue": 0.0,
        "Total Revenue": 1798000.0,
        "Operating Revenue": 0.0
    },
    "2024-09-30": {
        "Tax Effect Of Unusual Items": 0.0,
        "Tax Rate For Calcs": 0.0,
        "Normalized EBITDA": -2418000.0,
        "Total Unusual Items": 42141000.0,
        "Total Unusual Items Excluding Goodwill": 42141000.0,
        "Net Income From Continuing Operation Net Minority Interest": 5869000.0,
        "Reconciled Depreciation": 1000.0,
        "Reconciled Cost Of Revenue": 0.0,
        "EBITDA": 39723000.0,
        "EBIT": 39722000.0,
        "Net Interest Income": -417000.0,
        "Interest Expense": 421000.0,
        "Interest Income": 4000.0,
        "Normalized Income": -36272000.0,
        "Net Income From Continuing And Discontinued Operation": 5869000.0,
        "Total Expenses": 4530000.0,
        "Total Operating Income As Reported": -2461000.0,
        "Diluted Average Shares": 10253082.0,
        "Basic Average Shares": 10066629.0,
        "Diluted EPS": 0.46,
        "Basic EPS": 0.58,
        "Diluted NI Availto Com Stockholders": 5869000.0,
        "Average Dilution Earnings": NaN,
        "Net Income Common Stockholders": 5869000.0,
        "Net Income": 5869000.0,
        "Minority Interests": -33432000.0,
        "Net Income Including Noncontrolling Interests": 39301000.0,
        "Net Income Continuous Operations": 39301000.0,
        "Tax Provision": 0.0,
        "Pretax Income": 39301000.0,
        "Other Income Expense": 42179000.0,
        "Other Non Operating Income Expenses": NaN,
        "Special Income Charges": 40649000.0,
        "Gain On Sale Of Business": 0.0,
        "Write Off": 0.0,
        "Restructuring And Mergern Acquisition": -40649000.0,
        "Earnings From Equity Interest": 38000.0,
        "Gain On Sale Of Security": 1492000.0,
        "Net Non Operating Interest Income Expense": -417000.0,
        "Interest Expense Non Operating": 421000.0,
        "Interest Income Non Operating": 4000.0,
        "Operating Income": -2461000.0,
        "Operating Expense": 4530000.0,
        "Provision For Doubtful Accounts": NaN,
        "Depreciation Amortization Depletion Income Statement": 1000.0,
        "Depreciation And Amortization In Income Statement": 1000.0,
        "Research And Development": 39000.0,
        "Selling General And Administration": 4490000.0,
        "Gross Profit": 2069000.0,
        "Cost Of Revenue": 0.0,
        "Total Revenue": 2069000.0,
        "Operating Revenue": 3000.0
    },
    "2023-12-31": {
        "Tax Effect Of Unusual Items": -261933.315263,
        "Tax Rate For Calcs": 0.000717,
        "Normalized EBITDA": -51443000.0,
        "Total Unusual Items": -365206000.0,
        "Total Unusual Items Excluding Goodwill": -365206000.0,
        "Net Income From Continuing Operation Net Minority Interest": -33262000.0,
        "Reconciled Depreciation": 1000.0,
        "Reconciled Cost Of Revenue": 0.0,
        "EBITDA": -416649000.0,
        "EBIT": -416650000.0,
        "Net Interest Income": -234000.0,
        "Interest Expense": 237000.0,
        "Interest Income": 3000.0,
        "Normalized Income": 331682066.684737,
        "Net Income From Continuing And Discontinued Operation": -33262000.0,
        "Total Expenses": 4832000.0,
        "Total Operating Income As Reported": -20269000.0,
        "Diluted Average Shares": NaN,
        "Basic Average Shares": NaN,
        "Diluted EPS": NaN,
        "Basic EPS": NaN,
        "Diluted NI Availto Com Stockholders": -33262000.0,
        "Average Dilution Earnings": NaN,
        "Net Income Common Stockholders": -33262000.0,
        "Net Income": -33262000.0,
        "Minority Interests": 383326000.0,
        "Net Income Including Noncontrolling Interests": -416588000.0,
        "Net Income Continuous Operations": -416588000.0,
        "Tax Provision": -299000.0,
        "Pretax Income": -416887000.0,
        "Other Income Expense": -413968000.0,
        "Other Non Operating Income Expenses": NaN,
        "Special Income Charges": -362997000.0,
        "Gain On Sale Of Business": 0.0,
        "Write Off": 481000.0,
        "Restructuring And Mergern Acquisition": 362516000.0,
        "Earnings From Equity Interest": -48762000.0,
        "Gain On Sale Of Security": -2209000.0,
        "Net Non Operating Interest Income Expense": -234000.0,
        "Interest Expense Non Operating": 237000.0,
        "Interest Income Non Operating": 3000.0,
        "Operating Income": -2685000.0,
        "Operating Expense": 4832000.0,
        "Provision For Doubtful Accounts": NaN,
        "Depreciation Amortization Depletion Income Statement": 1000.0,
        "Depreciation And Amortization In Income Statement": 1000.0,
        "Research And Development": -3000.0,
        "Selling General And Administration": 4834000.0,
        "Gross Profit": 2147000.0,
        "Cost Of Revenue": 0.0,
        "Total Revenue": 2147000.0,
        "Operating Revenue": 0.0
    },
    "2023-09-30": {
        "Tax Effect Of Unusual Items": 2102310.0,
        "Tax Rate For Calcs": 0.21,
        "Normalized EBITDA": -5328000.0,
        "Total Unusual Items": 10011000.0,
        "Total Unusual Items Excluding Goodwill": 10011000.0,
        "Net Income From Continuing Operation Net Minority Interest": 4310000.0,
        "Reconciled Depreciation": 59000.0,
        "Reconciled Cost Of Revenue": 722000.0,
        "EBITDA": 4683000.0,
        "EBIT": 4624000.0,
        "Net Interest Income": -274000.0,
        "Interest Expense": 321000.0,
        "Interest Income": 47000.0,
        "Normalized Income": -3598690.0,
        "Net Income From Continuing And Discontinued Operation": 4310000.0,
        "Total Expenses": 5460000.0,
        "Total Operating Income As Reported": -20404000.0,
        "Diluted Average Shares": 7985976.0,
        "Basic Average Shares": 7985976.0,
        "Diluted EPS": 0.539696,
        "Basic EPS": 0.539696,
        "Diluted NI Availto Com Stockholders": 4310000.0,
        "Average Dilution Earnings": NaN,
        "Net Income Common Stockholders": 4310000.0,
        "Net Income": 4310000.0,
        "Minority Interests": 0.0,
        "Net Income Including Noncontrolling Interests": 4310000.0,
        "Net Income Continuous Operations": 4310000.0,
        "Tax Provision": -7000.0,
        "Pretax Income": 4303000.0,
        "Other Income Expense": 8456000.0,
        "Other Non Operating Income Expenses": NaN,
        "Special Income Charges": 10877000.0,
        "Gain On Sale Of Business": 27402000.0,
        "Write Off": 7607000.0,
        "Restructuring And Mergern Acquisition": 8918000.0,
        "Earnings From Equity Interest": -1555000.0,
        "Gain On Sale Of Security": -866000.0,
        "Net Non Operating Interest Income Expense": -274000.0,
        "Interest Expense Non Operating": 321000.0,
        "Interest Income Non Operating": 47000.0,
        "Operating Income": -3879000.0,
        "Operating Expense": 4738000.0,
        "Provision For Doubtful Accounts": NaN,
        "Depreciation Amortization Depletion Income Statement": 59000.0,
        "Depreciation And Amortization In Income Statement": 59000.0,
        "Research And Development": 349000.0,
        "Selling General And Administration": 4330000.0,
        "Gross Profit": 859000.0,
        "Cost Of Revenue": 722000.0,
        "Total Revenue": 1581000.0,
        "Operating Revenue": 1305000.0
    }
}