{
    "2023-05-31": {
        "Tax Effect Of Unusual Items": 0.0,
        "Tax Rate For Calcs": 0.306535,
        "Normalized EBITDA": 9176000.0,
        "Total Unusual Items": NaN,
        "Total Unusual Items Excluding Goodwill": NaN,
        "Net Income From Continuing Operation Net Minority Interest": 4563000.0,
        "Reconciled Depreciation": 2242000.0,
        "Reconciled Cost Of Revenue": 16986000.0,
        "EBITDA": 9176000.0,
        "EBIT": 6934000.0,
        "Net Interest Income": 8000.0,
        "Interest Expense": 354000.0,
        "Interest Income": 362000.0,
        "Normalized Income": 4563000.0,
        "Net Income From Continuing And Discontinued Operation": 4563000.0,
        "Total Expenses": 64869000.0,
        "Total Operating Income As Reported": 6572000.0,
        "Diluted Average Shares": 14273000.0,
        "Basic Average Shares": 13621000.0,
        "Diluted EPS": 0.32,
        "Basic EPS": 0.33,
        "Diluted NI Availto Com Stockholders": 4563000.0,
        "Net Income Common Stockholders": 4563000.0,
        "Net Income": 4563000.0,
        "Net Income Including Noncontrolling Interests": 4563000.0,
        "Net Income Continuous Operations": 4563000.0,
        "Tax Provision": 2017000.0,
        "Pretax Income": 6580000.0,
        "Other Income Expense": NaN,
        "Special Income Charges": NaN,
        "Impairment Of Capital Assets": NaN,
        "Restructuring And Mergern Acquisition": NaN,
        "Net Non Operating Interest Income Expense": 8000.0,
        "Interest Expense Non Operating": 354000.0,
        "Interest Income Non Operating": 362000.0,
        "Operating Income": 6572000.0,
        "Operating Expense": 47661000.0,
        "Depreciation Amortization Depletion Income Statement": 2020000.0,
        "Depreciation And Amortization In Income Statement": 2020000.0,
        "Amortization": 1086000.0,
        "Amortization Of Intangibles Income Statement": 1086000.0,
        "Depreciation Income Statement": 934000.0,
        "Selling General And Administration": 45641000.0,
        "Gross Profit": 54233000.0,
        "Cost Of Revenue": 17208000.0,
        "Total Revenue": 71441000.0,
        "Operating Revenue": 71441000.0
    },
    "2023-02-28": {
        "Tax Effect Of Unusual Items": 0.0,
        "Tax Rate For Calcs": 0.375,
        "Normalized EBITDA": 5441000.0,
        "Total Unusual Items": 0.0,
        "Total Unusual Items Excluding Goodwill": 0.0,
        "Net Income From Continuing Operation Net Minority Interest": 1739000.0,
        "Reconciled Depreciation": 2251000.0,
        "Reconciled Cost Of Revenue": 14339000.0,
        "EBITDA": 5441000.0,
        "EBIT": 3190000.0,
        "Net Interest Income": -47000.0,
        "Interest Expense": 409000.0,
        "Interest Income": 362000.0,
        "Normalized Income": 1739000.0,
        "Net Income From Continuing And Discontinued Operation": 1739000.0,
        "Total Expenses": 58928000.0,
        "Total Operating Income As Reported": 2828000.0,
        "Diluted Average Shares": 14533000.0,
        "Basic Average Shares": 13900000.0,
        "Diluted EPS": 0.12,
        "Basic EPS": 0.13,
        "Diluted NI Availto Com Stockholders": 1739000.0,
        "Net Income Common Stockholders": 1739000.0,
        "Net Income": 1739000.0,
        "Net Income Including Noncontrolling Interests": 1739000.0,
        "Net Income Continuous Operations": 1739000.0,
        "Tax Provision": 1042000.0,
        "Pretax Income": 2781000.0,
        "Other Income Expense": NaN,
        "Special Income Charges": 0.0,
        "Impairment Of Capital Assets": 0.0,
        "Restructuring And Mergern Acquisition": 0.0,
        "Net Non Operating Interest Income Expense": -47000.0,
        "Interest Expense Non Operating": 409000.0,
        "Interest Income Non Operating": 362000.0,
        "Operating Income": 2828000.0,
        "Operating Expense": 44382000.0,
        "Depreciation Amortization Depletion Income Statement": 2044000.0,
        "Depreciation And Amortization In Income Statement": 2044000.0,
        "Amortization": 1093000.0,
        "Amortization Of Intangibles Income Statement": 1093000.0,
        "Depreciation Income Statement": 951000.0,
        "Selling General And Administration": 42338000.0,
        "Gross Profit": 47210000.0,
        "Cost Of Revenue": 14546000.0,
        "Total Revenue": 61756000.0,
        "Operating Revenue": 61756000.0
    },
    "2022-11-30": {
        "Tax Effect Of Unusual Items": 0.0,
        "Tax Rate For Calcs": 0.23,
        "Normalized EBITDA": 9014000.0,
        "Net Income From Continuing Operation Net Minority Interest": 4667000.0,
        "Reconciled Depreciation": 2541000.0,
        "Reconciled Cost Of Revenue": 16424000.0,
        "EBITDA": 9014000.0,
        "EBIT": 6473000.0,
        "Net Interest Income": -329000.0,
        "Interest Expense": 410000.0,
        "Interest Income": 81000.0,
        "Normalized Income": 4667000.0,
        "Net Income From Continuing And Discontinued Operation": 4667000.0,
        "Total Expenses": 62977000.0,
        "Total Operating Income As Reported": 6392000.0,
        "Diluted Average Shares": 14507000.0,
        "Basic Average Shares": 13877000.0,
        "Diluted EPS": 0.32,
        "Basic EPS": 0.34,
        "Diluted NI Availto Com Stockholders": 4667000.0,
        "Net Income Common Stockholders": 4667000.0,
        "Net Income": 4667000.0,
        "Net Income Including Noncontrolling Interests": 4667000.0,
        "Net Income Continuous Operations": 4667000.0,
        "Tax Provision": 1396000.0,
        "Pretax Income": 6063000.0,
        "Net Non Operating Interest Income Expense": -329000.0,
        "Interest Expense Non Operating": 410000.0,
        "Interest Income Non Operating": 81000.0,
        "Operating Income": 6392000.0,
        "Operating Expense": 46350000.0,
        "Depreciation Amortization Depletion Income Statement": 2338000.0,
        "Depreciation And Amortization In Income Statement": 2338000.0,
        "Amortization": 1092000.0,
        "Amortization Of Intangibles Income Statement": 1092000.0,
        "Depreciation Income Statement": 1246000.0,
        "Selling General And Administration": 44012000.0,
        "Gross Profit": 52742000.0,
        "Cost Of Revenue": 16627000.0,
        "Total Revenue": 69369000.0,
        "Operating Revenue": 69369000.0
    },
    "2022-08-31": {
        "Tax Effect Of Unusual Items": 0.0,
        "Tax Rate For Calcs": 0.326,
        "Normalized EBITDA": 11040000.0,
        "Net Income From Continuing Operation Net Minority Interest": 5578000.0,
        "Reconciled Depreciation": 2377000.0,
        "Reconciled Cost Of Revenue": 19739000.0,
        "EBITDA": 11040000.0,
        "EBIT": 8663000.0,
        "Net Interest Income": -383000.0,
        "Interest Expense": 383000.0,
        "Interest Income": 17000.0,
        "Normalized Income": 5578000.0,
        "Net Income From Continuing And Discontinued Operation": 5578000.0,
        "Total Expenses": 70143000.0,
        "Total Operating Income As Reported": 8663000.0,
        "Diluted Average Shares": 14425000.0,
        "Basic Average Shares": 13857000.0,
        "Diluted EPS": 0.39,
        "Basic EPS": 0.4,
        "Diluted NI Availto Com Stockholders": 5578000.0,
        "Net Income Common Stockholders": 5578000.0,
        "Net Income": 5578000.0,
        "Net Income Including Noncontrolling Interests": 5578000.0,
        "Net Income Continuous Operations": 5578000.0,
        "Tax Provision": 2702000.0,
        "Pretax Income": 8280000.0,
        "Net Non Operating Interest Income Expense": -383000.0,
        "Interest Expense Non Operating": 383000.0,
        "Interest Income Non Operating": 17000.0,
        "Operating Income": 8663000.0,
        "Operating Expense": 50404000.0,
        "Depreciation Amortization Depletion Income Statement": 2377000.0,
        "Depreciation And Amortization In Income Statement": 2377000.0,
        "Amortization": 1160000.0,
        "Amortization Of Intangibles Income Statement": 1160000.0,
        "Depreciation Income Statement": 1217000.0,
        "Selling General And Administration": 48027000.0,
        "Gross Profit": 59067000.0,
        "Cost Of Revenue": 19739000.0,
        "Total Revenue": 78806000.0,
        "Operating Revenue": 78806000.0
    },
    "2022-05-31": {
        "Tax Effect Of Unusual Items": 0.0,
        "Tax Rate For Calcs": 0.4,
        "Normalized EBITDA": 8495000.0,
        "Net Income From Continuing Operation Net Minority Interest": 7162000.0,
        "Reconciled Depreciation": 2546000.0,
        "Reconciled Cost Of Revenue": 15044000.0,
        "EBIT": 5949000.0,
        "Net Interest Income": -384000.0,
        "Interest Expense": 384000.0,
        "Interest Income": 21000.0,
        "Normalized Income": 7162000.0,
        "Net Income From Continuing And Discontinued Operation": 7162000.0,
        "Total Expenses": 60227000.0,
        "Total Operating Income As Reported": 5949000.0,
        "Diluted Average Shares": 14175000.0,
        "Basic Average Shares": 14173000.0,
        "Diluted EPS": 0.51,
        "Basic EPS": 0.51,
        "Diluted NI Availto Com Stockholders": 7162000.0,
        "Net Income Common Stockholders": 7162000.0,
        "Net Income": 7162000.0,
        "Net Income Including Noncontrolling Interests": 7162000.0,
        "Net Income Continuous Operations": 7162000.0,
        "Tax Provision": -1597000.0,
        "Pretax Income": 5565000.0,
        "Net Non Operating Interest Income Expense": -384000.0,
        "Interest Expense Non Operating": 384000.0,
        "Interest Income Non Operating": 21000.0,
        "Operating Income": 5949000.0,
        "Operating Expense": 45183000.0,
        "Depreciation Amortization Depletion Income Statement": 2546000.0,
        "Depreciation And Amortization In Income Statement": 2546000.0,
        "Amortization": 1329000.0,
        "Amortization Of Intangibles Income Statement": 1329000.0,
        "Depreciation Income Statement": 1217000.0,
        "Selling General And Administration": 42637000.0,
        "General And Administrative Expense": 42637000.0,
        "Other Gand A": 42637000.0,
        "Gross Profit": 51132000.0,
        "Cost Of Revenue": 15044000.0,
        "Total Revenue": 66176000.0,
        "Operating Revenue": 66176000.0
    },
    "2023-08-31": {
        "Tax Effect Of Unusual Items": 0.0,
        "Tax Rate For Calcs": 0.347822,
        "Normalized EBITDA": 13268000.0,
        "Total Unusual Items": NaN,
        "Total Unusual Items Excluding Goodwill": NaN,
        "Net Income From Continuing Operation Net Minority Interest": 6812000.0,
        "Reconciled Depreciation": 2413000.0,
        "Reconciled Cost Of Revenue": 18450000.0,
        "EBITDA": 13268000.0,
        "EBIT": 10855000.0,
        "Net Interest Income": -123000.0,
        "Interest Expense": 410000.0,
        "Interest Income": 287000.0,
        "Normalized Income": 6812000.0,
        "Net Income From Continuing And Discontinued Operation": 6812000.0,
        "Total Expenses": 67388000.0,
        "Total Operating Income As Reported": 10568000.0,
        "Diluted Average Shares": 13886000.0,
        "Basic Average Shares": 13162000.0,
        "Diluted EPS": 0.49,
        "Basic EPS": 0.52,
        "Diluted NI Availto Com Stockholders": 6812000.0,
        "Net Income Common Stockholders": 6812000.0,
        "Net Income": 6812000.0,
        "Net Income Including Noncontrolling Interests": 6812000.0,
        "Net Income Continuous Operations": 6812000.0,
        "Tax Provision": 3633000.0,
        "Pretax Income": 10445000.0,
        "Other Income Expense": NaN,
        "Special Income Charges": NaN,
        "Impairment Of Capital Assets": NaN,
        "Restructuring And Mergern Acquisition": NaN,
        "Net Non Operating Interest Income Expense": -123000.0,
        "Interest Expense Non Operating": 410000.0,
        "Interest Income Non Operating": 287000.0,
        "Operating Income": 10568000.0,
        "Operating Expense": 48737000.0,
        "Depreciation Amortization Depletion Income Statement": 2212000.0,
        "Depreciation And Amortization In Income Statement": 2212000.0,
        "Amortization": 1072000.0,
        "Amortization Of Intangibles Income Statement": 1072000.0,
        "Depreciation Income Statement": 1140000.0,
        "Selling General And Administration": 46525000.0,
        "Gross Profit": 59305000.0,
        "Cost Of Revenue": 18651000.0,
        "Total Revenue": 77956000.0,
        "Operating Revenue": 77956000.0
    },
    "2023-11-30": {
        "Tax Effect Of Unusual Items": 0.0,
        "Tax Rate For Calcs": 0.081,
        "Normalized EBITDA": 7978000.0,
        "Total Unusual Items": NaN,
        "Total Unusual Items Excluding Goodwill": NaN,
        "Net Income From Continuing Operation Net Minority Interest": 4851000.0,
        "Reconciled Depreciation": 2361000.0,
        "Reconciled Cost Of Revenue": 15923000.0,
        "EBITDA": 7978000.0,
        "EBIT": 5617000.0,
        "Net Interest Income": -53000.0,
        "Interest Expense": 341000.0,
        "Interest Income": 288000.0,
        "Normalized Income": 4851000.0,
        "Net Income From Continuing And Discontinued Operation": 4851000.0,
        "Total Expenses": 63070000.0,
        "Total Operating Income As Reported": 5329000.0,
        "Diluted Average Shares": 13636000.0,
        "Basic Average Shares": 13244000.0,
        "Diluted EPS": 0.36,
        "Basic EPS": 0.37,
        "Diluted NI Availto Com Stockholders": 4851000.0,
        "Net Income Common Stockholders": 4851000.0,
        "Net Income": 4851000.0,
        "Net Income Including Noncontrolling Interests": 4851000.0,
        "Net Income Continuous Operations": 4851000.0,
        "Tax Provision": 425000.0,
        "Pretax Income": 5276000.0,
        "Other Income Expense": NaN,
        "Special Income Charges": NaN,
        "Impairment Of Capital Assets": NaN,
        "Restructuring And Mergern Acquisition": NaN,
        "Net Non Operating Interest Income Expense": -53000.0,
        "Interest Expense Non Operating": 341000.0,
        "Interest Income Non Operating": 288000.0,
        "Operating Income": 5329000.0,
        "Operating Expense": 46948000.0,
        "Depreciation Amortization Depletion Income Statement": 2162000.0,
        "Depreciation And Amortization In Income Statement": 2162000.0,
        "Amortization": 1071000.0,
        "Amortization Of Intangibles Income Statement": 1071000.0,
        "Depreciation Income Statement": 1091000.0,
        "Selling General And Administration": 44786000.0,
        "Gross Profit": 52277000.0,
        "Cost Of Revenue": 16122000.0,
        "Total Revenue": 68399000.0,
        "Operating Revenue": 68399000.0
    },
    "2024-02-29": {
        "Tax Effect Of Unusual Items": -1013828.0,
        "Tax Rate For Calcs": 0.382,
        "Normalized EBITDA": 6586000.0,
        "Total Unusual Items": -2654000.0,
        "Total Unusual Items Excluding Goodwill": -2654000.0,
        "Net Income From Continuing Operation Net Minority Interest": 874000.0,
        "Reconciled Depreciation": 2189000.0,
        "Reconciled Cost Of Revenue": 14280000.0,
        "EBITDA": 3932000.0,
        "EBIT": 1743000.0,
        "Net Interest Income": -27000.0,
        "Interest Expense": 328000.0,
        "Interest Income": 301000.0,
        "Normalized Income": 2514172.0,
        "Net Income From Continuing And Discontinued Operation": 874000.0,
        "Total Expenses": 57240000.0,
        "Total Operating Income As Reported": 1442000.0,
        "Diluted Average Shares": 13484000.0,
        "Basic Average Shares": 13263000.0,
        "Diluted EPS": 0.06,
        "Basic EPS": 0.07,
        "Diluted NI Availto Com Stockholders": 874000.0,
        "Net Income Common Stockholders": 874000.0,
        "Net Income": 874000.0,
        "Net Income Including Noncontrolling Interests": 874000.0,
        "Net Income Continuous Operations": 874000.0,
        "Tax Provision": 541000.0,
        "Pretax Income": 1415000.0,
        "Other Income Expense": -2654000.0,
        "Special Income Charges": -2654000.0,
        "Impairment Of Capital Assets": 928000.0,
        "Restructuring And Mergern Acquisition": 1726000.0,
        "Net Non Operating Interest Income Expense": -27000.0,
        "Interest Expense Non Operating": 328000.0,
        "Interest Income Non Operating": 301000.0,
        "Operating Income": 4096000.0,
        "Operating Expense": 42755000.0,
        "Depreciation Amortization Depletion Income Statement": 1984000.0,
        "Depreciation And Amortization In Income Statement": 1984000.0,
        "Amortization": 1071000.0,
        "Amortization Of Intangibles Income Statement": 1071000.0,
        "Depreciation Income Statement": 913000.0,
        "Selling General And Administration": 40771000.0,
        "Gross Profit": 46851000.0,
        "Cost Of Revenue": 14485000.0,
        "Total Revenue": 61336000.0,
        "Operating Revenue": 61336000.0
    }
}