{
    "2023-03-31": {
        "Tax Effect Of Unusual Items": NaN,
        "Tax Rate For Calcs": NaN,
        "Normalized EBITDA": NaN,
        "Total Unusual Items": NaN,
        "Total Unusual Items Excluding Goodwill": NaN,
        "Net Income From Continuing Operation Net Minority Interest": NaN,
        "Reconciled Depreciation": NaN,
        "Reconciled Cost Of Revenue": NaN,
        "EBITDA": NaN,
        "EBIT": NaN,
        "Net Interest Income": NaN,
        "Interest Expense": NaN,
        "Interest Income": NaN,
        "Normalized Income": NaN,
        "Net Income From Continuing And Discontinued Operation": NaN,
        "Total Expenses": NaN,
        "Total Operating Income As Reported": NaN,
        "Diluted Average Shares": NaN,
        "Basic Average Shares": NaN,
        "Diluted EPS": NaN,
        "Basic EPS": NaN,
        "Diluted NI Availto Com Stockholders": NaN,
        "Net Income Common Stockholders": NaN,
        "Net Income": NaN,
        "Net Income Including Noncontrolling Interests": NaN,
        "Net Income Continuous Operations": NaN,
        "Tax Provision": 0.0,
        "Pretax Income": NaN,
        "Other Income Expense": NaN,
        "Other Non Operating Income Expenses": NaN,
        "Special Income Charges": 61747.0,
        "Restructuring And Mergern Acquisition": -61747.0,
        "Gain On Sale Of Security": NaN,
        "Net Non Operating Interest Income Expense": NaN,
        "Total Other Finance Cost": -14436.0,
        "Interest Expense Non Operating": NaN,
        "Interest Income Non Operating": NaN,
        "Operating Income": NaN,
        "Operating Expense": NaN,
        "Research And Development": NaN,
        "Selling General And Administration": NaN,
        "Selling And Marketing Expense": NaN,
        "General And Administrative Expense": NaN,
        "Other Gand A": NaN,
        "Salaries And Wages": NaN,
        "Gross Profit": NaN,
        "Cost Of Revenue": NaN,
        "Total Revenue": NaN,
        "Operating Revenue": NaN
    },
    "2022-12-31": {
        "Tax Effect Of Unusual Items": NaN,
        "Tax Rate For Calcs": NaN,
        "Normalized EBITDA": NaN,
        "Total Unusual Items": NaN,
        "Total Unusual Items Excluding Goodwill": NaN,
        "Net Income From Continuing Operation Net Minority Interest": NaN,
        "Reconciled Depreciation": NaN,
        "Reconciled Cost Of Revenue": NaN,
        "EBITDA": NaN,
        "EBIT": NaN,
        "Net Interest Income": NaN,
        "Interest Expense": NaN,
        "Interest Income": NaN,
        "Normalized Income": NaN,
        "Net Income From Continuing And Discontinued Operation": NaN,
        "Total Expenses": NaN,
        "Total Operating Income As Reported": NaN,
        "Diluted Average Shares": NaN,
        "Basic Average Shares": NaN,
        "Diluted EPS": NaN,
        "Basic EPS": NaN,
        "Diluted NI Availto Com Stockholders": NaN,
        "Net Income Common Stockholders": NaN,
        "Net Income": NaN,
        "Net Income Including Noncontrolling Interests": NaN,
        "Net Income Continuous Operations": NaN,
        "Tax Provision": 0.0,
        "Pretax Income": NaN,
        "Other Income Expense": NaN,
        "Other Non Operating Income Expenses": NaN,
        "Special Income Charges": 158547.0,
        "Restructuring And Mergern Acquisition": NaN,
        "Gain On Sale Of Security": NaN,
        "Net Non Operating Interest Income Expense": NaN,
        "Total Other Finance Cost": -1002.0,
        "Interest Expense Non Operating": NaN,
        "Interest Income Non Operating": NaN,
        "Operating Income": NaN,
        "Operating Expense": NaN,
        "Research And Development": NaN,
        "Selling General And Administration": NaN,
        "Selling And Marketing Expense": NaN,
        "General And Administrative Expense": NaN,
        "Other Gand A": NaN,
        "Salaries And Wages": NaN,
        "Gross Profit": NaN,
        "Cost Of Revenue": NaN,
        "Total Revenue": NaN,
        "Operating Revenue": NaN
    },
    "2022-09-30": {
        "Tax Effect Of Unusual Items": NaN,
        "Tax Rate For Calcs": NaN,
        "Normalized EBITDA": NaN,
        "Total Unusual Items": NaN,
        "Total Unusual Items Excluding Goodwill": NaN,
        "Net Income From Continuing Operation Net Minority Interest": NaN,
        "Reconciled Depreciation": NaN,
        "Reconciled Cost Of Revenue": NaN,
        "EBITDA": NaN,
        "EBIT": NaN,
        "Net Interest Income": NaN,
        "Normalized Income": NaN,
        "Net Income From Continuing And Discontinued Operation": NaN,
        "Total Expenses": NaN,
        "Total Operating Income As Reported": NaN,
        "Diluted Average Shares": 65193654.0,
        "Basic Average Shares": 65193654.0,
        "Diluted EPS": -0.01,
        "Basic EPS": -0.01,
        "Diluted NI Availto Com Stockholders": NaN,
        "Net Income Common Stockholders": NaN,
        "Net Income": NaN,
        "Net Income Including Noncontrolling Interests": NaN,
        "Net Income Continuous Operations": NaN,
        "Tax Provision": 0.0,
        "Pretax Income": NaN,
        "Other Income Expense": NaN,
        "Other Non Operating Income Expenses": NaN,
        "Special Income Charges": 0.0,
        "Restructuring And Mergern Acquisition": 0.0,
        "Gain On Sale Of Security": NaN,
        "Net Non Operating Interest Income Expense": NaN,
        "Total Other Finance Cost": NaN,
        "Operating Income": NaN,
        "Operating Expense": NaN,
        "Research And Development": NaN,
        "Selling General And Administration": NaN,
        "Selling And Marketing Expense": NaN,
        "General And Administrative Expense": NaN,
        "Other Gand A": NaN,
        "Salaries And Wages": NaN,
        "Gross Profit": NaN,
        "Cost Of Revenue": NaN,
        "Total Revenue": NaN,
        "Operating Revenue": NaN
    },
    "2022-06-30": {
        "Tax Effect Of Unusual Items": 0.0,
        "Tax Rate For Calcs": 0.0,
        "Normalized EBITDA": -1088824.0,
        "Total Unusual Items": -74626.0,
        "Total Unusual Items Excluding Goodwill": -74626.0,
        "Net Income From Continuing Operation Net Minority Interest": -1061297.0,
        "Reconciled Depreciation": 41898.0,
        "Reconciled Cost Of Revenue": 57472.0,
        "EBITDA": -1163450.0,
        "EBIT": -1205348.0,
        "Net Interest Income": 256.0,
        "Normalized Income": -986671.0,
        "Net Income From Continuing And Discontinued Operation": -1061297.0,
        "Total Expenses": 1269990.0,
        "Total Operating Income As Reported": -1205348.0,
        "Diluted Average Shares": 97642617.0,
        "Basic Average Shares": 97642617.0,
        "Diluted EPS": -0.013333,
        "Basic EPS": -0.013333,
        "Diluted NI Availto Com Stockholders": -1061297.0,
        "Net Income Common Stockholders": -1061297.0,
        "Net Income": -1061297.0,
        "Net Income Including Noncontrolling Interests": -1061297.0,
        "Net Income Continuous Operations": -1061297.0,
        "Tax Provision": 0.0,
        "Pretax Income": -1061297.0,
        "Other Income Expense": 143795.0,
        "Other Non Operating Income Expenses": 218421.0,
        "Special Income Charges": NaN,
        "Restructuring And Mergern Acquisition": NaN,
        "Gain On Sale Of Security": -74626.0,
        "Net Non Operating Interest Income Expense": 256.0,
        "Total Other Finance Cost": -256.0,
        "Operating Income": -1205348.0,
        "Operating Expense": 1212518.0,
        "Research And Development": 167361.0,
        "Selling General And Administration": 1045157.0,
        "Selling And Marketing Expense": 17548.0,
        "General And Administrative Expense": 1027609.0,
        "Other Gand A": 993609.0,
        "Salaries And Wages": 34000.0,
        "Gross Profit": 7170.0,
        "Cost Of Revenue": 57472.0,
        "Total Revenue": 64642.0,
        "Operating Revenue": 64642.0
    },
    "2022-03-31": {
        "Diluted EPS": -0.04,
        "Total Revenue": 0,
        "Gross Profit": 0,
        "Operating Income": -2,
        "EBIT": -2,
        "Net Income": -2
    },
    "2021-12-31": {
        "Diluted EPS": -0.04,
        "Total Revenue": 0,
        "Gross Profit": 0,
        "Operating Income": -1,
        "EBIT": -1,
        "Net Income": -1
    },
    "2021-09-30": {
        "Diluted EPS": -0.02,
        "Total Revenue": 1,
        "Gross Profit": 0,
        "Operating Income": -1,
        "EBIT": -1,
        "Net Income": -1
    },
    "2021-06-30": {
        "Diluted EPS": -0.01,
        "Total Revenue": 0,
        "Gross Profit": 0,
        "Operating Income": -1,
        "EBIT": -1,
        "Net Income": 0
    },
    "2021-03-31": {
        "Diluted EPS": -0.01,
        "Total Revenue": 0,
        "Gross Profit": 0,
        "Operating Income": -1,
        "EBIT": -1,
        "Net Income": -1
    },
    "2020-12-31": {
        "Diluted EPS": -0.01,
        "Total Revenue": 0,
        "Gross Profit": 0,
        "Operating Income": -1,
        "EBIT": -1,
        "Net Income": -1
    },
    "2020-09-30": {
        "Diluted EPS": -0.01,
        "Total Revenue": 1,
        "Gross Profit": 0,
        "Operating Income": 0,
        "EBIT": 0,
        "Net Income": 0
    },
    "2020-06-30": {
        "Diluted EPS": -0.01,
        "Total Revenue": 0,
        "Gross Profit": 0,
        "Operating Income": -1,
        "EBIT": -1,
        "Net Income": -1
    },
    "2020-03-31": {
        "Diluted EPS": -0.01,
        "Total Revenue": 0,
        "Gross Profit": 0,
        "Operating Income": -1,
        "EBIT": -1,
        "Net Income": -1
    },
    "2019-12-31": {
        "Diluted EPS": -0.03,
        "Total Revenue": 0,
        "Gross Profit": 0,
        "Operating Income": -1,
        "EBIT": -1,
        "Net Income": -1
    },
    "2019-09-30": {
        "Diluted EPS": -0.01,
        "Total Revenue": 0,
        "Gross Profit": 0,
        "Operating Income": -1,
        "EBIT": -1,
        "Net Income": -1
    },
    "2019-06-30": {
        "Diluted EPS": -0.01,
        "Total Revenue": 1,
        "Gross Profit": 0,
        "Operating Income": 0,
        "EBIT": 0,
        "Net Income": 0
    },
    "2019-03-31": {
        "Diluted EPS": -0.01,
        "Total Revenue": 0,
        "Gross Profit": 0,
        "Operating Income": -1,
        "EBIT": -1,
        "Net Income": -1
    },
    "2018-12-31": {
        "Diluted EPS": 0.0,
        "Total Revenue": 0,
        "Gross Profit": 0,
        "Operating Income": 0,
        "EBIT": 0,
        "Net Income": 0
    },
    "2018-09-30": {
        "Diluted EPS": -0.01,
        "Total Revenue": 0,
        "Gross Profit": 0,
        "Operating Income": 0,
        "EBIT": 0,
        "Net Income": 0
    },
    "2018-06-30": {
        "Diluted EPS": -0.02,
        "Total Revenue": 0,
        "Gross Profit": 0,
        "Operating Income": -1,
        "EBIT": 0,
        "Net Income": -1
    },
    "2018-03-31": {
        "Diluted EPS": -0.01,
        "Total Revenue": 0,
        "Gross Profit": 0,
        "Operating Income": 0,
        "EBIT": 0,
        "Net Income": 0
    },
    "2017-12-31": {
        "Diluted EPS": -0.01,
        "Total Revenue": 0,
        "Gross Profit": 0,
        "Operating Income": 0,
        "EBIT": 0,
        "Net Income": 0
    },
    "2017-09-30": {
        "Diluted EPS": -0.0,
        "Total Revenue": 0,
        "Gross Profit": 0,
        "Operating Income": 0,
        "EBIT": 0,
        "Net Income": 0
    },
    "2017-06-30": {
        "Diluted EPS": -0.0,
        "Total Revenue": 1,
        "Gross Profit": 0,
        "Operating Income": 0,
        "EBIT": 0,
        "Net Income": 0
    },
    "2017-03-31": {
        "Diluted EPS": -0.0,
        "Total Revenue": 0,
        "Gross Profit": 0,
        "Operating Income": 0,
        "EBIT": 0,
        "Net Income": 0
    },
    "2016-12-31": {
        "Diluted EPS": -0.01,
        "Total Revenue": 1,
        "Gross Profit": 0,
        "Operating Income": 0,
        "EBIT": 0,
        "Net Income": 0
    },
    "2016-09-30": {
        "Diluted EPS": 0.0,
        "Total Revenue": 0,
        "Gross Profit": 0,
        "Operating Income": 0,
        "EBIT": 0,
        "Net Income": 0
    },
    "2016-06-30": {
        "Diluted EPS": 0.0,
        "Total Revenue": 0,
        "Gross Profit": 0,
        "Operating Income": 0,
        "EBIT": 0,
        "Net Income": 0
    },
    "2016-03-31": {
        "Diluted EPS": -0.0,
        "Total Revenue": 0,
        "Gross Profit": 0,
        "Operating Income": 0,
        "EBIT": 0,
        "Net Income": 0
    },
    "2015-12-31": {
        "Diluted EPS": 0.0,
        "Total Revenue": NaN,
        "Gross Profit": NaN,
        "Operating Income": NaN,
        "EBIT": NaN,
        "Net Income": NaN
    },
    "2015-09-30": {
        "Diluted EPS": 0.0,
        "Total Revenue": 0,
        "Gross Profit": 0,
        "Operating Income": 0,
        "EBIT": 0,
        "Net Income": 0
    },
    "2015-06-30": {
        "Diluted EPS": 0.0,
        "Total Revenue": 0,
        "Gross Profit": 0,
        "Operating Income": 0,
        "EBIT": 0,
        "Net Income": 0
    },
    "2015-03-31": {
        "Diluted EPS": 0.0,
        "Total Revenue": NaN,
        "Gross Profit": NaN,
        "Operating Income": NaN,
        "EBIT": NaN,
        "Net Income": NaN
    },
    "2014-03-31": {
        "Diluted EPS": 0.0,
        "Total Revenue": NaN,
        "Gross Profit": NaN,
        "Operating Income": NaN,
        "EBIT": NaN,
        "Net Income": NaN
    },
    "2023-06-30": {
        "Tax Effect Of Unusual Items": 0.0,
        "Tax Rate For Calcs": 0.0,
        "Normalized EBITDA": -971238.0,
        "Total Unusual Items": -4353.0,
        "Total Unusual Items Excluding Goodwill": -4353.0,
        "Net Income From Continuing Operation Net Minority Interest": -1018166.0,
        "Reconciled Depreciation": 42575.0,
        "Reconciled Cost Of Revenue": 149259.0,
        "EBITDA": -975591.0,
        "EBIT": -1018166.0,
        "Net Interest Income": 16118.0,
        "Interest Expense": 0.0,
        "Interest Income": 16118.0,
        "Normalized Income": -1013813.0,
        "Net Income From Continuing And Discontinued Operation": -1018166.0,
        "Total Expenses": 1286877.0,
        "Total Operating Income As Reported": -1071486.0,
        "Diluted Average Shares": 65171740.0,
        "Basic Average Shares": 65171740.0,
        "Diluted EPS": -0.02,
        "Basic EPS": -0.02,
        "Diluted NI Availto Com Stockholders": -1018166.0,
        "Net Income Common Stockholders": -1018166.0,
        "Net Income": -1018166.0,
        "Net Income Including Noncontrolling Interests": -1018166.0,
        "Net Income Continuous Operations": -1018166.0,
        "Tax Provision": 0.0,
        "Pretax Income": -1018166.0,
        "Other Income Expense": 37202.0,
        "Other Non Operating Income Expenses": 41555.0,
        "Special Income Charges": 0.0,
        "Restructuring And Mergern Acquisition": 0.0,
        "Gain On Sale Of Security": -4353.0,
        "Net Non Operating Interest Income Expense": 16118.0,
        "Total Other Finance Cost": -16118.0,
        "Interest Expense Non Operating": 0.0,
        "Interest Income Non Operating": 16118.0,
        "Operating Income": -1071486.0,
        "Operating Expense": 1137618.0,
        "Research And Development": 342992.0,
        "Selling General And Administration": 794626.0,
        "Selling And Marketing Expense": 63075.0,
        "General And Administrative Expense": 731551.0,
        "Other Gand A": 478148.0,
        "Salaries And Wages": 253403.0,
        "Gross Profit": 66132.0,
        "Cost Of Revenue": 149259.0,
        "Total Revenue": 215391.0,
        "Operating Revenue": 215391.0
    },
    "2023-09-30": {
        "Tax Effect Of Unusual Items": -288.660198,
        "Tax Rate For Calcs": 0.059456,
        "Normalized EBITDA": -978862.0,
        "Total Unusual Items": -4855.0,
        "Total Unusual Items Excluding Goodwill": -4855.0,
        "Net Income From Continuing Operation Net Minority Interest": -968033.0,
        "Reconciled Depreciation": 42555.0,
        "Reconciled Cost Of Revenue": 44386.0,
        "EBITDA": -983717.0,
        "EBIT": -1026272.0,
        "Net Interest Income": -2955.0,
        "Interest Expense": 2955.0,
        "Interest Income": NaN,
        "Normalized Income": -963466.660198,
        "Net Income From Continuing And Discontinued Operation": -968033.0,
        "Total Expenses": 1163131.0,
        "Total Operating Income As Reported": -1091277.0,
        "Diluted Average Shares": 65171817.0,
        "Basic Average Shares": 65171817.0,
        "Diluted EPS": -0.01,
        "Basic EPS": -0.01,
        "Diluted NI Availto Com Stockholders": -968033.0,
        "Net Income Common Stockholders": -968033.0,
        "Net Income": -968033.0,
        "Net Income Including Noncontrolling Interests": -968033.0,
        "Net Income Continuous Operations": -968033.0,
        "Tax Provision": -61194.0,
        "Pretax Income": -1029227.0,
        "Other Income Expense": 65005.0,
        "Other Non Operating Income Expenses": 69860.0,
        "Special Income Charges": 0.0,
        "Restructuring And Mergern Acquisition": 0.0,
        "Gain On Sale Of Security": -4855.0,
        "Net Non Operating Interest Income Expense": -2955.0,
        "Total Other Finance Cost": 3035.0,
        "Interest Expense Non Operating": 2955.0,
        "Interest Income Non Operating": NaN,
        "Operating Income": -1091277.0,
        "Operating Expense": 1118745.0,
        "Research And Development": 305872.0,
        "Selling General And Administration": 812873.0,
        "Selling And Marketing Expense": 25193.0,
        "General And Administrative Expense": 787680.0,
        "Other Gand A": 520678.0,
        "Salaries And Wages": 267002.0,
        "Gross Profit": 27468.0,
        "Cost Of Revenue": 44386.0,
        "Total Revenue": 71854.0,
        "Operating Revenue": 71854.0
    },
    "2024-03-31": {
        "Tax Effect Of Unusual Items": 0.0,
        "Tax Rate For Calcs": 0.0,
        "Normalized EBITDA": -1283005.0,
        "Total Unusual Items": -1475.0,
        "Total Unusual Items Excluding Goodwill": -1475.0,
        "Net Income From Continuing Operation Net Minority Interest": -1315597.0,
        "Reconciled Depreciation": 35330.0,
        "Reconciled Cost Of Revenue": 219357.0,
        "EBITDA": -1284480.0,
        "EBIT": -1319810.0,
        "Net Interest Income": -34253.0,
        "Interest Expense": NaN,
        "Interest Income": NaN,
        "Normalized Income": -1314122.0,
        "Net Income From Continuing And Discontinued Operation": -1315597.0,
        "Total Expenses": 1538968.0,
        "Total Operating Income As Reported": -1319810.0,
        "Diluted Average Shares": 64771817.0,
        "Basic Average Shares": 64771817.0,
        "Diluted EPS": -0.02,
        "Basic EPS": -0.02,
        "Diluted NI Availto Com Stockholders": -1315597.0,
        "Net Income Common Stockholders": -1315597.0,
        "Net Income": -1315597.0,
        "Net Income Including Noncontrolling Interests": -1315597.0,
        "Net Income Continuous Operations": -1315597.0,
        "Tax Provision": NaN,
        "Pretax Income": -1315597.0,
        "Other Income Expense": 38466.0,
        "Other Non Operating Income Expenses": 39941.0,
        "Special Income Charges": NaN,
        "Restructuring And Mergern Acquisition": NaN,
        "Gain On Sale Of Security": -1475.0,
        "Net Non Operating Interest Income Expense": -34253.0,
        "Total Other Finance Cost": 34253.0,
        "Interest Expense Non Operating": NaN,
        "Interest Income Non Operating": NaN,
        "Operating Income": -1319810.0,
        "Operating Expense": 1319611.0,
        "Research And Development": 343277.0,
        "Selling General And Administration": 976334.0,
        "Selling And Marketing Expense": 39285.0,
        "General And Administrative Expense": 937049.0,
        "Other Gand A": 880256.0,
        "Salaries And Wages": 56793.0,
        "Gross Profit": -199.0,
        "Cost Of Revenue": 219357.0,
        "Total Revenue": 219158.0,
        "Operating Revenue": 219158.0
    },
    "2024-06-30": {
        "Tax Effect Of Unusual Items": 0.0,
        "Tax Rate For Calcs": 0.0,
        "Normalized EBITDA": -1259404.0,
        "Total Unusual Items": -7680.0,
        "Total Unusual Items Excluding Goodwill": -7680.0,
        "Net Income From Continuing Operation Net Minority Interest": -1365106.0,
        "Reconciled Depreciation": 32024.0,
        "Reconciled Cost Of Revenue": 31834.0,
        "EBITDA": -1267084.0,
        "EBIT": -1299108.0,
        "Net Interest Income": -65998.0,
        "Interest Expense": 65998.0,
        "Interest Income": NaN,
        "Normalized Income": -1357426.0,
        "Net Income From Continuing And Discontinued Operation": -1365106.0,
        "Total Expenses": 1398890.0,
        "Total Operating Income As Reported": -1379137.0,
        "Diluted Average Shares": 64837385.0,
        "Basic Average Shares": 64837385.0,
        "Diluted EPS": -0.02,
        "Basic EPS": -0.02,
        "Diluted NI Availto Com Stockholders": -1365106.0,
        "Net Income Common Stockholders": -1365106.0,
        "Net Income": -1365106.0,
        "Net Income Including Noncontrolling Interests": -1365106.0,
        "Net Income Continuous Operations": -1365106.0,
        "Tax Provision": NaN,
        "Pretax Income": -1365106.0,
        "Other Income Expense": 80029.0,
        "Other Non Operating Income Expenses": 87709.0,
        "Special Income Charges": 0.0,
        "Restructuring And Mergern Acquisition": 0.0,
        "Gain On Sale Of Security": -7680.0,
        "Net Non Operating Interest Income Expense": -65998.0,
        "Total Other Finance Cost": NaN,
        "Interest Expense Non Operating": 65998.0,
        "Interest Income Non Operating": NaN,
        "Operating Income": -1379137.0,
        "Operating Expense": 1367056.0,
        "Research And Development": 296248.0,
        "Selling General And Administration": 1070808.0,
        "Selling And Marketing Expense": 35640.0,
        "General And Administrative Expense": 1035168.0,
        "Other Gand A": 979913.0,
        "Salaries And Wages": 55255.0,
        "Gross Profit": -12081.0,
        "Cost Of Revenue": 31834.0,
        "Total Revenue": 19753.0,
        "Operating Revenue": 19753.0
    },
    "2024-09-30": {
        "Tax Effect Of Unusual Items": 58013.067578,
        "Tax Rate For Calcs": 0.018236,
        "Normalized EBITDA": -1707074.0,
        "Total Unusual Items": 3181169.0,
        "Total Unusual Items Excluding Goodwill": 3181169.0,
        "Net Income From Continuing Operation Net Minority Interest": 1441927.0,
        "Reconciled Depreciation": 5384.0,
        "Reconciled Cost Of Revenue": 42530.0,
        "EBITDA": 1474095.0,
        "EBIT": 1468711.0,
        "Net Interest Income": 14001.0,
        "Interest Expense": 0.0,
        "Interest Income": 14001.0,
        "Normalized Income": -1681228.932422,
        "Net Income From Continuing And Discontinued Operation": 1441927.0,
        "Total Expenses": 1821064.0,
        "Total Operating Income As Reported": -1746849.0,
        "Diluted Average Shares": 65724825.0,
        "Basic Average Shares": 65724825.0,
        "Diluted EPS": 0.02,
        "Basic EPS": 0.02,
        "Diluted NI Availto Com Stockholders": 1441927.0,
        "Net Income Common Stockholders": 1441927.0,
        "Net Income": 1441927.0,
        "Net Income Including Noncontrolling Interests": 1441927.0,
        "Net Income Continuous Operations": 1441927.0,
        "Tax Provision": 26784.0,
        "Pretax Income": 1468711.0,
        "Other Income Expense": 3201559.0,
        "Other Non Operating Income Expenses": 20390.0,
        "Special Income Charges": 0.0,
        "Restructuring And Mergern Acquisition": 0.0,
        "Gain On Sale Of Security": 3181169.0,
        "Net Non Operating Interest Income Expense": 14001.0,
        "Total Other Finance Cost": NaN,
        "Interest Expense Non Operating": 0.0,
        "Interest Income Non Operating": 14001.0,
        "Operating Income": -1746849.0,
        "Operating Expense": 1778534.0,
        "Research And Development": 308516.0,
        "Selling General And Administration": 1470018.0,
        "Selling And Marketing Expense": 30936.0,
        "General And Administrative Expense": 1439082.0,
        "Other Gand A": 863827.0,
        "Salaries And Wages": 575255.0,
        "Gross Profit": 31685.0,
        "Cost Of Revenue": 42530.0,
        "Total Revenue": 74215.0,
        "Operating Revenue": 74215.0
    }
}