{
    "2023-06-30": {
        "Tax Effect Of Unusual Items": NaN,
        "Tax Rate For Calcs": NaN,
        "Normalized EBITDA": NaN,
        "Total Unusual Items": 5000000.0,
        "Total Unusual Items Excluding Goodwill": 5000000.0,
        "Net Income From Continuing Operation Net Minority Interest": NaN,
        "Reconciled Depreciation": NaN,
        "Reconciled Cost Of Revenue": NaN,
        "EBITDA": NaN,
        "EBIT": NaN,
        "Net Interest Income": NaN,
        "Interest Expense": NaN,
        "Normalized Income": NaN,
        "Net Income From Continuing And Discontinued Operation": NaN,
        "Total Expenses": NaN,
        "Total Operating Income As Reported": NaN,
        "Diluted Average Shares": NaN,
        "Basic Average Shares": NaN,
        "Diluted EPS": NaN,
        "Basic EPS": NaN,
        "Diluted NI Availto Com Stockholders": NaN,
        "Net Income Common Stockholders": NaN,
        "Net Income": NaN,
        "Minority Interests": NaN,
        "Net Income Including Noncontrolling Interests": NaN,
        "Net Income Continuous Operations": NaN,
        "Earnings From Equity Interest Net Of Tax": NaN,
        "Tax Provision": NaN,
        "Pretax Income": NaN,
        "Other Income Expense": NaN,
        "Other Non Operating Income Expenses": NaN,
        "Special Income Charges": 5000000.0,
        "Gain On Sale Of Ppe": 0.0,
        "Other Special Charges": -5000000.0,
        "Net Non Operating Interest Income Expense": NaN,
        "Interest Expense Non Operating": NaN,
        "Operating Income": NaN,
        "Operating Expense": NaN,
        "Other Operating Expenses": NaN,
        "Selling General And Administration": NaN,
        "Gross Profit": NaN,
        "Cost Of Revenue": NaN,
        "Total Revenue": NaN,
        "Operating Revenue": NaN
    },
    "2023-03-31": {
        "Tax Effect Of Unusual Items": 0.0,
        "Tax Rate For Calcs": 0.32,
        "Normalized EBITDA": 2088000000.0,
        "Total Unusual Items": NaN,
        "Total Unusual Items Excluding Goodwill": NaN,
        "Net Income From Continuing Operation Net Minority Interest": 663000000.0,
        "Reconciled Depreciation": 399000000.0,
        "Reconciled Cost Of Revenue": 3564000000.0,
        "EBITDA": 2088000000.0,
        "EBIT": 1689000000.0,
        "Net Interest Income": -151000000.0,
        "Interest Expense": 151000000.0,
        "Normalized Income": 663000000.0,
        "Net Income From Continuing And Discontinued Operation": 663000000.0,
        "Total Expenses": 3788000000.0,
        "Total Operating Income As Reported": 1601000000.0,
        "Diluted Average Shares": 1443000000.0,
        "Basic Average Shares": 1434000000.0,
        "Diluted EPS": 0.46,
        "Basic EPS": 0.462343,
        "Diluted NI Availto Com Stockholders": 663000000.0,
        "Net Income Common Stockholders": 663000000.0,
        "Net Income": 663000000.0,
        "Minority Interests": -386000000.0,
        "Net Income Including Noncontrolling Interests": 1049000000.0,
        "Net Income Continuous Operations": 1049000000.0,
        "Earnings From Equity Interest Net Of Tax": 10000000.0,
        "Tax Provision": 499000000.0,
        "Pretax Income": 1538000000.0,
        "Other Income Expense": 88000000.0,
        "Other Non Operating Income Expenses": 88000000.0,
        "Special Income Charges": NaN,
        "Gain On Sale Of Ppe": NaN,
        "Other Special Charges": NaN,
        "Net Non Operating Interest Income Expense": -151000000.0,
        "Interest Expense Non Operating": 151000000.0,
        "Operating Income": 1601000000.0,
        "Operating Expense": 224000000.0,
        "Other Operating Expenses": 98000000.0,
        "Selling General And Administration": 126000000.0,
        "Gross Profit": 1825000000.0,
        "Cost Of Revenue": 3564000000.0,
        "Total Revenue": 5389000000.0,
        "Operating Revenue": 5389000000.0
    },
    "2022-12-31": {
        "Tax Effect Of Unusual Items": NaN,
        "Tax Rate For Calcs": NaN,
        "Normalized EBITDA": NaN,
        "Total Unusual Items": 3000000.0,
        "Total Unusual Items Excluding Goodwill": 3000000.0,
        "Net Income From Continuing Operation Net Minority Interest": NaN,
        "Reconciled Depreciation": NaN,
        "Reconciled Cost Of Revenue": NaN,
        "EBITDA": NaN,
        "EBIT": NaN,
        "Net Interest Income": NaN,
        "Interest Expense": NaN,
        "Normalized Income": NaN,
        "Net Income From Continuing And Discontinued Operation": NaN,
        "Total Expenses": NaN,
        "Total Operating Income As Reported": NaN,
        "Diluted Average Shares": NaN,
        "Basic Average Shares": NaN,
        "Diluted EPS": NaN,
        "Basic EPS": NaN,
        "Diluted NI Availto Com Stockholders": NaN,
        "Net Income Common Stockholders": NaN,
        "Net Income": NaN,
        "Minority Interests": NaN,
        "Net Income Including Noncontrolling Interests": NaN,
        "Net Income Continuous Operations": NaN,
        "Earnings From Equity Interest Net Of Tax": NaN,
        "Tax Provision": NaN,
        "Pretax Income": NaN,
        "Other Income Expense": NaN,
        "Other Non Operating Income Expenses": NaN,
        "Special Income Charges": 3000000.0,
        "Gain On Sale Of Ppe": 0.0,
        "Other Special Charges": -3000000.0,
        "Net Non Operating Interest Income Expense": NaN,
        "Interest Expense Non Operating": NaN,
        "Operating Income": NaN,
        "Operating Expense": NaN,
        "Other Operating Expenses": NaN,
        "Selling General And Administration": NaN,
        "Gross Profit": NaN,
        "Cost Of Revenue": NaN,
        "Total Revenue": NaN,
        "Operating Revenue": NaN
    },
    "2022-09-30": {
        "Tax Effect Of Unusual Items": NaN,
        "Tax Rate For Calcs": NaN,
        "Normalized EBITDA": NaN,
        "Total Unusual Items": 20000000.0,
        "Total Unusual Items Excluding Goodwill": 20000000.0,
        "Net Income From Continuing Operation Net Minority Interest": NaN,
        "Reconciled Depreciation": NaN,
        "Reconciled Cost Of Revenue": NaN,
        "EBITDA": NaN,
        "EBIT": NaN,
        "Net Interest Income": NaN,
        "Interest Expense": NaN,
        "Normalized Income": NaN,
        "Net Income From Continuing And Discontinued Operation": NaN,
        "Total Expenses": NaN,
        "Total Operating Income As Reported": NaN,
        "Diluted Average Shares": NaN,
        "Basic Average Shares": NaN,
        "Diluted EPS": NaN,
        "Basic EPS": NaN,
        "Diluted NI Availto Com Stockholders": NaN,
        "Net Income Common Stockholders": NaN,
        "Net Income": NaN,
        "Minority Interests": NaN,
        "Net Income Including Noncontrolling Interests": NaN,
        "Net Income Continuous Operations": NaN,
        "Earnings From Equity Interest Net Of Tax": NaN,
        "Tax Provision": NaN,
        "Pretax Income": NaN,
        "Other Income Expense": NaN,
        "Other Non Operating Income Expenses": NaN,
        "Special Income Charges": 20000000.0,
        "Gain On Sale Of Ppe": 0.0,
        "Other Special Charges": -20000000.0,
        "Net Non Operating Interest Income Expense": NaN,
        "Interest Expense Non Operating": NaN,
        "Operating Income": NaN,
        "Operating Expense": NaN,
        "Other Operating Expenses": NaN,
        "Selling General And Administration": NaN,
        "Gross Profit": NaN,
        "Cost Of Revenue": NaN,
        "Total Revenue": NaN,
        "Operating Revenue": NaN
    },
    "2022-06-30": {
        "Tax Effect Of Unusual Items": 3600000.0,
        "Tax Rate For Calcs": 0.36,
        "Normalized EBITDA": 2252000000.0,
        "Total Unusual Items": 10000000.0,
        "Total Unusual Items Excluding Goodwill": 10000000.0,
        "Net Income From Continuing Operation Net Minority Interest": 840000000.0,
        "Reconciled Depreciation": 507000000.0,
        "Reconciled Cost Of Revenue": 3528000000.0,
        "EBITDA": 2262000000.0,
        "EBIT": 1755000000.0,
        "Net Interest Income": -156000000.0,
        "Interest Expense": 156000000.0,
        "Normalized Income": 833600000.0,
        "Net Income From Continuing And Discontinued Operation": 840000000.0,
        "Total Expenses": 3682000000.0,
        "Total Operating Income As Reported": 1736000000.0,
        "Diluted Average Shares": 1457000000.0,
        "Basic Average Shares": 1447000000.0,
        "Diluted EPS": 0.57,
        "Basic EPS": 0.58,
        "Diluted NI Availto Com Stockholders": 840000000.0,
        "Net Income Common Stockholders": 840000000.0,
        "Net Income": 840000000.0,
        "Minority Interests": -198000000.0,
        "Net Income Including Noncontrolling Interests": 1038000000.0,
        "Net Income Continuous Operations": 1038000000.0,
        "Earnings From Equity Interest Net Of Tax": 10000000.0,
        "Tax Provision": 571000000.0,
        "Pretax Income": 1599000000.0,
        "Other Income Expense": 21000000.0,
        "Other Non Operating Income Expenses": 11000000.0,
        "Special Income Charges": 10000000.0,
        "Gain On Sale Of Ppe": 2000000.0,
        "Other Special Charges": -8000000.0,
        "Net Non Operating Interest Income Expense": -156000000.0,
        "Interest Expense Non Operating": 156000000.0,
        "Operating Income": 1734000000.0,
        "Operating Expense": 154000000.0,
        "Other Operating Expenses": 54000000.0,
        "Selling General And Administration": 100000000.0,
        "Gross Profit": 1888000000.0,
        "Cost Of Revenue": 3528000000.0,
        "Total Revenue": 5416000000.0,
        "Operating Revenue": 5416000000.0
    },
    "2022-03-31": {
        "Diluted EPS": 1.04,
        "Total Revenue": NaN,
        "Gross Profit": NaN,
        "Operating Income": NaN,
        "EBIT": NaN,
        "Net Income": NaN
    },
    "2021-12-31": {
        "Diluted EPS": 0.75,
        "Total Revenue": NaN,
        "Gross Profit": NaN,
        "Operating Income": NaN,
        "EBIT": NaN,
        "Net Income": NaN
    },
    "2021-09-30": {
        "Diluted EPS": 0.94,
        "Total Revenue": NaN,
        "Gross Profit": NaN,
        "Operating Income": NaN,
        "EBIT": NaN,
        "Net Income": NaN
    },
    "2021-06-30": {
        "Diluted EPS": 0.73,
        "Total Revenue": NaN,
        "Gross Profit": NaN,
        "Operating Income": NaN,
        "EBIT": NaN,
        "Net Income": NaN
    },
    "2021-03-31": {
        "Diluted EPS": 0.48,
        "Total Revenue": NaN,
        "Gross Profit": NaN,
        "Operating Income": NaN,
        "EBIT": NaN,
        "Net Income": 718
    },
    "2020-12-31": {
        "Diluted EPS": 0.5,
        "Total Revenue": NaN,
        "Gross Profit": NaN,
        "Operating Income": NaN,
        "EBIT": NaN,
        "Net Income": 708
    },
    "2020-09-30": {
        "Diluted EPS": 0.22,
        "Total Revenue": NaN,
        "Gross Profit": 983,
        "Operating Income": 880,
        "EBIT": NaN,
        "Net Income": 329
    },
    "2020-06-30": {
        "Diluted EPS": 0.03,
        "Total Revenue": NaN,
        "Gross Profit": 441,
        "Operating Income": 321,
        "EBIT": 679,
        "Net Income": 53
    },
    "2020-03-31": {
        "Diluted EPS": -0.34,
        "Total Revenue": NaN,
        "Gross Profit": -310,
        "Operating Income": -473,
        "EBIT": -132,
        "Net Income": -491
    },
    "2019-12-31": {
        "Diluted EPS": 0.01,
        "Total Revenue": NaN,
        "Gross Profit": 501,
        "Operating Income": 775,
        "EBIT": NaN,
        "Net Income": 12
    },
    "2019-09-30": {
        "Diluted EPS": -0.15,
        "Total Revenue": NaN,
        "Gross Profit": 120,
        "Operating Income": -38,
        "EBIT": 284,
        "Net Income": -207
    },
    "2019-06-30": {
        "Diluted EPS": -0.05,
        "Total Revenue": NaN,
        "Gross Profit": 187,
        "Operating Income": 33,
        "EBIT": 385,
        "Net Income": -72
    },
    "2019-03-31": {
        "Diluted EPS": 0.02,
        "Total Revenue": NaN,
        "Gross Profit": 469,
        "Operating Income": 321,
        "EBIT": 668,
        "Net Income": 28
    },
    "2018-12-31": {
        "Diluted EPS": 0.34,
        "Total Revenue": NaN,
        "Gross Profit": 361,
        "Operating Income": 316,
        "EBIT": 719,
        "Net Income": 485
    },
    "2018-09-30": {
        "Diluted EPS": 0.38,
        "Total Revenue": NaN,
        "Gross Profit": NaN,
        "Operating Income": NaN,
        "EBIT": NaN,
        "Net Income": 556
    },
    "2018-06-30": {
        "Diluted EPS": 0.59,
        "Total Revenue": NaN,
        "Gross Profit": NaN,
        "Operating Income": NaN,
        "EBIT": NaN,
        "Net Income": 869
    },
    "2018-03-31": {
        "Diluted EPS": 0.47,
        "Total Revenue": NaN,
        "Gross Profit": NaN,
        "Operating Income": NaN,
        "EBIT": NaN,
        "Net Income": 692
    },
    "2017-12-31": {
        "Diluted EPS": 0.72,
        "Total Revenue": NaN,
        "Gross Profit": NaN,
        "Operating Income": NaN,
        "EBIT": NaN,
        "Net Income": NaN
    },
    "2017-09-30": {
        "Diluted EPS": 0.19,
        "Total Revenue": NaN,
        "Gross Profit": NaN,
        "Operating Income": 928,
        "EBIT": NaN,
        "Net Income": 280
    },
    "2017-06-30": {
        "Diluted EPS": 0.18,
        "Total Revenue": NaN,
        "Gross Profit": 781,
        "Operating Income": 686,
        "EBIT": NaN,
        "Net Income": 268
    },
    "2017-03-31": {
        "Diluted EPS": 0.16,
        "Total Revenue": NaN,
        "Gross Profit": 764,
        "Operating Income": 597,
        "EBIT": 986,
        "Net Income": 228
    },
    "2016-12-31": {
        "Diluted EPS": 0.41,
        "Total Revenue": NaN,
        "Gross Profit": NaN,
        "Operating Income": 766,
        "EBIT": NaN,
        "Net Income": 292
    },
    "2016-09-30": {
        "Diluted EPS": 0.16,
        "Total Revenue": NaN,
        "Gross Profit": 466,
        "Operating Income": 359,
        "EBIT": NaN,
        "Net Income": 217
    },
    "2016-06-30": {
        "Diluted EPS": -0.38,
        "Total Revenue": NaN,
        "Gross Profit": -545,
        "Operating Income": 18,
        "EBIT": 670,
        "Net Income": -479
    },
    "2016-03-31": {
        "Diluted EPS": -3.35,
        "Total Revenue": NaN,
        "Gross Profit": NaN,
        "Operating Income": NaN,
        "EBIT": NaN,
        "Net Income": NaN
    },
    "2015-12-31": {
        "Diluted EPS": -3.57,
        "Total Revenue": NaN,
        "Gross Profit": NaN,
        "Operating Income": NaN,
        "EBIT": NaN,
        "Net Income": NaN
    },
    "2015-09-30": {
        "Diluted EPS": -3.58,
        "Total Revenue": NaN,
        "Gross Profit": NaN,
        "Operating Income": NaN,
        "EBIT": NaN,
        "Net Income": NaN
    },
    "2015-06-30": {
        "Diluted EPS": -1.78,
        "Total Revenue": NaN,
        "Gross Profit": NaN,
        "Operating Income": NaN,
        "EBIT": NaN,
        "Net Income": NaN
    },
    "2015-03-31": {
        "Diluted EPS": -2.38,
        "Total Revenue": NaN,
        "Gross Profit": NaN,
        "Operating Income": NaN,
        "EBIT": NaN,
        "Net Income": NaN
    },
    "2014-12-31": {
        "Diluted EPS": -2.74,
        "Total Revenue": NaN,
        "Gross Profit": NaN,
        "Operating Income": NaN,
        "EBIT": NaN,
        "Net Income": NaN
    },
    "2014-09-30": {
        "Diluted EPS": 0.53,
        "Total Revenue": NaN,
        "Gross Profit": NaN,
        "Operating Income": NaN,
        "EBIT": NaN,
        "Net Income": 552
    },
    "2014-06-30": {
        "Diluted EPS": 0.46,
        "Total Revenue": NaN,
        "Gross Profit": NaN,
        "Operating Income": NaN,
        "EBIT": NaN,
        "Net Income": 482
    },
    "2014-03-31": {
        "Diluted EPS": 0.49,
        "Total Revenue": NaN,
        "Gross Profit": NaN,
        "Operating Income": NaN,
        "EBIT": NaN,
        "Net Income": 510
    },
    "2013-12-31": {
        "Diluted EPS": 0.68,
        "Total Revenue": NaN,
        "Gross Profit": NaN,
        "Operating Income": NaN,
        "EBIT": NaN,
        "Net Income": 707
    },
    "2013-09-30": {
        "Diluted EPS": 0.79,
        "Total Revenue": NaN,
        "Gross Profit": NaN,
        "Operating Income": NaN,
        "EBIT": NaN,
        "Net Income": 821
    },
    "2013-06-30": {
        "Diluted EPS": 0.49,
        "Total Revenue": NaN,
        "Gross Profit": 905,
        "Operating Income": 639,
        "EBIT": NaN,
        "Net Income": 482
    },
    "2013-03-31": {
        "Diluted EPS": 0.68,
        "Total Revenue": NaN,
        "Gross Profit": NaN,
        "Operating Income": NaN,
        "EBIT": NaN,
        "Net Income": 648
    },
    "2012-12-31": {
        "Diluted EPS": 0.79,
        "Total Revenue": NaN,
        "Gross Profit": NaN,
        "Operating Income": NaN,
        "EBIT": NaN,
        "Net Income": 743
    },
    "2012-09-30": {
        "Diluted EPS": 0.86,
        "Total Revenue": NaN,
        "Gross Profit": NaN,
        "Operating Income": NaN,
        "EBIT": NaN,
        "Net Income": 824
    },
    "2012-06-30": {
        "Diluted EPS": 0.74,
        "Total Revenue": NaN,
        "Gross Profit": NaN,
        "Operating Income": NaN,
        "EBIT": NaN,
        "Net Income": 710
    },
    "2012-03-31": {
        "Diluted EPS": 0.8,
        "Total Revenue": NaN,
        "Gross Profit": NaN,
        "Operating Income": NaN,
        "EBIT": NaN,
        "Net Income": 764
    },
    "2011-12-31": {
        "Diluted EPS": 0.68,
        "Total Revenue": NaN,
        "Gross Profit": NaN,
        "Operating Income": NaN,
        "EBIT": NaN,
        "Net Income": 640
    },
    "2011-09-30": {
        "Diluted EPS": 1.1,
        "Total Revenue": NaN,
        "Gross Profit": NaN,
        "Operating Income": NaN,
        "EBIT": NaN,
        "Net Income": NaN
    },
    "2011-06-30": {
        "Diluted EPS": 1.43,
        "Total Revenue": NaN,
        "Gross Profit": NaN,
        "Operating Income": NaN,
        "EBIT": NaN,
        "Net Income": NaN
    },
    "2011-03-31": {
        "Diluted EPS": 1.57,
        "Total Revenue": NaN,
        "Gross Profit": NaN,
        "Operating Income": NaN,
        "EBIT": NaN,
        "Net Income": NaN
    },
    "2010-12-31": {
        "Diluted EPS": 1.63,
        "Total Revenue": NaN,
        "Gross Profit": NaN,
        "Operating Income": NaN,
        "EBIT": NaN,
        "Net Income": NaN
    },
    "2010-09-30": {
        "Diluted EPS": 1.24,
        "Total Revenue": NaN,
        "Gross Profit": NaN,
        "Operating Income": NaN,
        "EBIT": NaN,
        "Net Income": NaN
    },
    "2010-06-30": {
        "Diluted EPS": 0.7,
        "Total Revenue": NaN,
        "Gross Profit": NaN,
        "Operating Income": NaN,
        "EBIT": NaN,
        "Net Income": 649
    },
    "2010-03-31": {
        "Diluted EPS": 1.0,
        "Total Revenue": NaN,
        "Gross Profit": NaN,
        "Operating Income": NaN,
        "EBIT": NaN,
        "Net Income": 897
    },
    "2009-12-31": {
        "Diluted EPS": 1.15,
        "Total Revenue": NaN,
        "Gross Profit": NaN,
        "Operating Income": NaN,
        "EBIT": NaN,
        "Net Income": 971
    },
    "2009-09-30": {
        "Diluted EPS": 1.04,
        "Total Revenue": NaN,
        "Gross Profit": NaN,
        "Operating Income": NaN,
        "EBIT": NaN,
        "Net Income": 925
    },
    "2009-06-30": {
        "Diluted EPS": 0.69,
        "Total Revenue": NaN,
        "Gross Profit": NaN,
        "Operating Income": NaN,
        "EBIT": NaN,
        "Net Income": 588
    },
    "2009-03-31": {
        "Diluted EPS": 0.06,
        "Total Revenue": NaN,
        "Gross Profit": 789,
        "Operating Income": 672,
        "EBIT": 934,
        "Net Income": 43
    },
    "2023-09-30": {
        "Tax Effect Of Unusual Items": 1725543.478261,
        "Tax Rate For Calcs": 0.345109,
        "Normalized EBITDA": 2096000000.0,
        "Total Unusual Items": 5000000.0,
        "Total Unusual Items Excluding Goodwill": 5000000.0,
        "Net Income From Continuing Operation Net Minority Interest": 454000000.0,
        "Reconciled Depreciation": 533000000.0,
        "Reconciled Cost Of Revenue": 4086000000.0,
        "EBITDA": 2101000000.0,
        "EBIT": 1568000000.0,
        "Net Interest Income": -96000000.0,
        "Interest Expense": 96000000.0,
        "Normalized Income": 450725543.478261,
        "Net Income From Continuing And Discontinued Operation": 454000000.0,
        "Total Expenses": 4332000000.0,
        "Total Operating Income As Reported": 1492000000.0,
        "Diluted Average Shares": 1443000000.0,
        "Basic Average Shares": 1434000000.0,
        "Diluted EPS": 0.31,
        "Basic EPS": 0.316597,
        "Diluted NI Availto Com Stockholders": 454000000.0,
        "Net Income Common Stockholders": 454000000.0,
        "Net Income": 454000000.0,
        "Minority Interests": -510000000.0,
        "Net Income Including Noncontrolling Interests": 964000000.0,
        "Net Income Continuous Operations": 964000000.0,
        "Earnings From Equity Interest Net Of Tax": 0.0,
        "Tax Provision": 508000000.0,
        "Pretax Income": 1472000000.0,
        "Other Income Expense": 76000000.0,
        "Other Non Operating Income Expenses": 71000000.0,
        "Special Income Charges": 5000000.0,
        "Gain On Sale Of Ppe": 0.0,
        "Other Special Charges": -5000000.0,
        "Net Non Operating Interest Income Expense": -96000000.0,
        "Interest Expense Non Operating": 96000000.0,
        "Operating Income": 1492000000.0,
        "Operating Expense": 246000000.0,
        "Other Operating Expenses": 128000000.0,
        "Selling General And Administration": 118000000.0,
        "Gross Profit": 1738000000.0,
        "Cost Of Revenue": 4086000000.0,
        "Total Revenue": 5824000000.0,
        "Operating Revenue": 5824000000.0
    },
    "2023-12-31": {
        "Tax Effect Of Unusual Items": 0.0,
        "Tax Rate For Calcs": 0.21,
        "Normalized EBITDA": 2414000000.0,
        "Total Unusual Items": 0.0,
        "Total Unusual Items Excluding Goodwill": 0.0,
        "Net Income From Continuing Operation Net Minority Interest": 388000000.0,
        "Reconciled Depreciation": 589000000.0,
        "Reconciled Cost Of Revenue": 3949000000.0,
        "EBITDA": 2414000000.0,
        "EBIT": 1825000000.0,
        "Net Interest Income": -97000000.0,
        "Interest Expense": 97000000.0,
        "Normalized Income": 388000000.0,
        "Net Income From Continuing And Discontinued Operation": 388000000.0,
        "Total Expenses": 4183000000.0,
        "Total Operating Income As Reported": 1722000000.0,
        "Diluted Average Shares": 1444000000.0,
        "Basic Average Shares": 1435000000.0,
        "Diluted EPS": 0.27,
        "Basic EPS": 0.270383,
        "Diluted NI Availto Com Stockholders": 388000000.0,
        "Net Income Common Stockholders": 388000000.0,
        "Net Income": 388000000.0,
        "Minority Interests": -619000000.0,
        "Net Income Including Noncontrolling Interests": 1007000000.0,
        "Net Income Continuous Operations": 1007000000.0,
        "Earnings From Equity Interest Net Of Tax": 3000000.0,
        "Tax Provision": 724000000.0,
        "Pretax Income": 1728000000.0,
        "Other Income Expense": 103000000.0,
        "Other Non Operating Income Expenses": 103000000.0,
        "Special Income Charges": 0.0,
        "Gain On Sale Of Ppe": 0.0,
        "Other Special Charges": 0.0,
        "Net Non Operating Interest Income Expense": -97000000.0,
        "Interest Expense Non Operating": 97000000.0,
        "Operating Income": 1722000000.0,
        "Operating Expense": 234000000.0,
        "Other Operating Expenses": 114000000.0,
        "Selling General And Administration": 120000000.0,
        "Gross Profit": 1956000000.0,
        "Cost Of Revenue": 3949000000.0,
        "Total Revenue": 5905000000.0,
        "Operating Revenue": 5905000000.0
    },
    "2024-03-31": {
        "Tax Effect Of Unusual Items": 0.0,
        "Tax Rate For Calcs": 0.31,
        "Normalized EBITDA": 2358000000.0,
        "Total Unusual Items": NaN,
        "Total Unusual Items Excluding Goodwill": NaN,
        "Net Income From Continuing Operation Net Minority Interest": 473000000.0,
        "Reconciled Depreciation": 595000000.0,
        "Reconciled Cost Of Revenue": 4439000000.0,
        "EBITDA": 2358000000.0,
        "EBIT": 1763000000.0,
        "Net Interest Income": -89000000.0,
        "Interest Expense": 89000000.0,
        "Normalized Income": 473000000.0,
        "Net Income From Continuing And Discontinued Operation": 473000000.0,
        "Total Expenses": 4687000000.0,
        "Total Operating Income As Reported": 1634000000.0,
        "Diluted Average Shares": 1444000000.0,
        "Basic Average Shares": 1436000000.0,
        "Diluted EPS": 0.32,
        "Basic EPS": 0.33,
        "Diluted NI Availto Com Stockholders": 473000000.0,
        "Net Income Common Stockholders": 473000000.0,
        "Net Income": 473000000.0,
        "Minority Interests": -689000000.0,
        "Net Income Including Noncontrolling Interests": 1162000000.0,
        "Net Income Continuous Operations": 1162000000.0,
        "Earnings From Equity Interest Net Of Tax": 0.0,
        "Tax Provision": 512000000.0,
        "Pretax Income": 1674000000.0,
        "Other Income Expense": 129000000.0,
        "Other Non Operating Income Expenses": 129000000.0,
        "Special Income Charges": NaN,
        "Gain On Sale Of Ppe": NaN,
        "Other Special Charges": NaN,
        "Net Non Operating Interest Income Expense": -89000000.0,
        "Interest Expense Non Operating": 89000000.0,
        "Operating Income": 1634000000.0,
        "Operating Expense": 248000000.0,
        "Other Operating Expenses": 104000000.0,
        "Selling General And Administration": 144000000.0,
        "Gross Profit": 1882000000.0,
        "Cost Of Revenue": 4439000000.0,
        "Total Revenue": 6321000000.0,
        "Operating Revenue": 6321000000.0
    },
    "2024-06-30": {
        "Tax Effect Of Unusual Items": 0.0,
        "Tax Rate For Calcs": 0.371429,
        "Normalized EBITDA": 2627000000.0,
        "Total Unusual Items": 0.0,
        "Total Unusual Items Excluding Goodwill": 0.0,
        "Net Income From Continuing Operation Net Minority Interest": 616000000.0,
        "Reconciled Depreciation": 509000000.0,
        "Reconciled Cost Of Revenue": 4384000000.0,
        "EBITDA": 2627000000.0,
        "EBIT": 2118000000.0,
        "Net Interest Income": -88000000.0,
        "Interest Expense": 88000000.0,
        "Normalized Income": 616000000.0,
        "Net Income From Continuing And Discontinued Operation": 616000000.0,
        "Total Expenses": 4575000000.0,
        "Total Operating Income As Reported": 2049000000.0,
        "Diluted Average Shares": 1445000000.0,
        "Basic Average Shares": 1438000000.0,
        "Diluted EPS": 0.42,
        "Basic EPS": 0.42,
        "Diluted NI Availto Com Stockholders": 616000000.0,
        "Net Income Common Stockholders": 616000000.0,
        "Net Income": 616000000.0,
        "Minority Interests": -664000000.0,
        "Net Income Including Noncontrolling Interests": 1280000000.0,
        "Net Income Continuous Operations": 1280000000.0,
        "Earnings From Equity Interest Net Of Tax": 4000000.0,
        "Tax Provision": 754000000.0,
        "Pretax Income": 2030000000.0,
        "Other Income Expense": 69000000.0,
        "Other Non Operating Income Expenses": 69000000.0,
        "Special Income Charges": 0.0,
        "Gain On Sale Of Ppe": NaN,
        "Other Special Charges": NaN,
        "Net Non Operating Interest Income Expense": -88000000.0,
        "Interest Expense Non Operating": 88000000.0,
        "Operating Income": 2049000000.0,
        "Operating Expense": 191000000.0,
        "Other Operating Expenses": 68000000.0,
        "Selling General And Administration": 123000000.0,
        "Gross Profit": 2240000000.0,
        "Cost Of Revenue": 4384000000.0,
        "Total Revenue": 6624000000.0,
        "Operating Revenue": 6624000000.0
    },
    "2024-09-30": {
        "Tax Effect Of Unusual Items": 0.0,
        "Tax Rate For Calcs": 0.375446,
        "Normalized EBITDA": 2635000000.0,
        "Total Unusual Items": 0.0,
        "Total Unusual Items Excluding Goodwill": 0.0,
        "Net Income From Continuing Operation Net Minority Interest": 526000000.0,
        "Reconciled Depreciation": 600000000.0,
        "Reconciled Cost Of Revenue": 4677000000.0,
        "EBITDA": 2635000000.0,
        "EBIT": 2035000000.0,
        "Net Interest Income": -72000000.0,
        "Interest Expense": 72000000.0,
        "Normalized Income": 526000000.0,
        "Net Income From Continuing And Discontinued Operation": 526000000.0,
        "Total Expenses": 4852000000.0,
        "Total Operating Income As Reported": 1938000000.0,
        "Diluted Average Shares": 1444000000.0,
        "Basic Average Shares": 1438000000.0,
        "Diluted EPS": 0.36,
        "Basic EPS": 0.36,
        "Diluted NI Availto Com Stockholders": 526000000.0,
        "Net Income Common Stockholders": 526000000.0,
        "Net Income": 526000000.0,
        "Minority Interests": -710000000.0,
        "Net Income Including Noncontrolling Interests": 1236000000.0,
        "Net Income Continuous Operations": 1236000000.0,
        "Earnings From Equity Interest Net Of Tax": 10000000.0,
        "Tax Provision": 737000000.0,
        "Pretax Income": 1963000000.0,
        "Other Income Expense": 97000000.0,
        "Other Non Operating Income Expenses": 97000000.0,
        "Special Income Charges": 0.0,
        "Gain On Sale Of Ppe": NaN,
        "Other Special Charges": NaN,
        "Net Non Operating Interest Income Expense": -72000000.0,
        "Interest Expense Non Operating": 72000000.0,
        "Operating Income": 1938000000.0,
        "Operating Expense": 175000000.0,
        "Other Operating Expenses": 58000000.0,
        "Selling General And Administration": 117000000.0,
        "Gross Profit": 2113000000.0,
        "Cost Of Revenue": 4677000000.0,
        "Total Revenue": 6790000000.0,
        "Operating Revenue": 6790000000.0
    }
}