{
    "2023-05-31": {
        "Tax Effect Of Unusual Items": NaN,
        "Tax Rate For Calcs": NaN,
        "Normalized EBITDA": NaN,
        "Total Unusual Items": NaN,
        "Total Unusual Items Excluding Goodwill": NaN,
        "Net Income From Continuing Operation Net Minority Interest": NaN,
        "Reconciled Depreciation": NaN,
        "Reconciled Cost Of Revenue": NaN,
        "EBITDA": NaN,
        "EBIT": NaN,
        "Net Interest Income": NaN,
        "Normalized Income": NaN,
        "Net Income From Continuing And Discontinued Operation": NaN,
        "Total Expenses": NaN,
        "Rent Expense Supplemental": NaN,
        "Total Operating Income As Reported": NaN,
        "Diluted Average Shares": NaN,
        "Basic Average Shares": NaN,
        "Diluted EPS": NaN,
        "Basic EPS": NaN,
        "Diluted NI Availto Com Stockholders": NaN,
        "Net Income Common Stockholders": NaN,
        "Otherunder Preferred Stock Dividend": NaN,
        "Net Income": NaN,
        "Net Income Including Noncontrolling Interests": NaN,
        "Net Income Continuous Operations": NaN,
        "Tax Provision": NaN,
        "Pretax Income": NaN,
        "Other Income Expense": NaN,
        "Other Non Operating Income Expenses": NaN,
        "Special Income Charges": NaN,
        "Restructuring And Mergern Acquisition": NaN,
        "Net Non Operating Interest Income Expense": NaN,
        "Total Other Finance Cost": NaN,
        "Operating Income": NaN,
        "Operating Expense": NaN,
        "Other Operating Expenses": NaN,
        "Selling General And Administration": -750000000.0,
        "General And Administrative Expense": -750000000.0,
        "Salaries And Wages": -750000000.0,
        "Gross Profit": NaN,
        "Cost Of Revenue": NaN,
        "Total Revenue": NaN,
        "Operating Revenue": NaN
    },
    "2023-02-28": {
        "Tax Effect Of Unusual Items": NaN,
        "Tax Rate For Calcs": NaN,
        "Normalized EBITDA": NaN,
        "Total Unusual Items": NaN,
        "Total Unusual Items Excluding Goodwill": NaN,
        "Net Income From Continuing Operation Net Minority Interest": NaN,
        "Reconciled Depreciation": NaN,
        "Reconciled Cost Of Revenue": NaN,
        "EBITDA": NaN,
        "EBIT": NaN,
        "Net Interest Income": NaN,
        "Normalized Income": NaN,
        "Net Income From Continuing And Discontinued Operation": NaN,
        "Total Expenses": NaN,
        "Rent Expense Supplemental": NaN,
        "Total Operating Income As Reported": NaN,
        "Diluted Average Shares": NaN,
        "Basic Average Shares": NaN,
        "Diluted EPS": NaN,
        "Basic EPS": NaN,
        "Diluted NI Availto Com Stockholders": NaN,
        "Net Income Common Stockholders": NaN,
        "Otherunder Preferred Stock Dividend": NaN,
        "Net Income": NaN,
        "Net Income Including Noncontrolling Interests": NaN,
        "Net Income Continuous Operations": NaN,
        "Tax Provision": NaN,
        "Pretax Income": NaN,
        "Other Income Expense": NaN,
        "Other Non Operating Income Expenses": NaN,
        "Special Income Charges": NaN,
        "Restructuring And Mergern Acquisition": NaN,
        "Net Non Operating Interest Income Expense": NaN,
        "Total Other Finance Cost": 122000000.0,
        "Operating Income": NaN,
        "Operating Expense": NaN,
        "Other Operating Expenses": NaN,
        "Selling General And Administration": NaN,
        "General And Administrative Expense": NaN,
        "Salaries And Wages": NaN,
        "Gross Profit": NaN,
        "Cost Of Revenue": NaN,
        "Total Revenue": NaN,
        "Operating Revenue": NaN
    },
    "2022-11-30": {
        "Tax Effect Of Unusual Items": NaN,
        "Tax Rate For Calcs": NaN,
        "Normalized EBITDA": NaN,
        "Total Unusual Items": NaN,
        "Total Unusual Items Excluding Goodwill": NaN,
        "Net Income From Continuing Operation Net Minority Interest": NaN,
        "Reconciled Depreciation": NaN,
        "Reconciled Cost Of Revenue": NaN,
        "EBITDA": NaN,
        "EBIT": NaN,
        "Net Interest Income": NaN,
        "Normalized Income": NaN,
        "Net Income From Continuing And Discontinued Operation": NaN,
        "Total Expenses": NaN,
        "Rent Expense Supplemental": NaN,
        "Total Operating Income As Reported": NaN,
        "Diluted Average Shares": NaN,
        "Basic Average Shares": NaN,
        "Diluted EPS": NaN,
        "Basic EPS": NaN,
        "Diluted NI Availto Com Stockholders": NaN,
        "Net Income Common Stockholders": NaN,
        "Otherunder Preferred Stock Dividend": NaN,
        "Net Income": NaN,
        "Net Income Including Noncontrolling Interests": NaN,
        "Net Income Continuous Operations": NaN,
        "Tax Provision": NaN,
        "Pretax Income": NaN,
        "Other Income Expense": NaN,
        "Other Non Operating Income Expenses": NaN,
        "Special Income Charges": NaN,
        "Restructuring And Mergern Acquisition": NaN,
        "Net Non Operating Interest Income Expense": NaN,
        "Total Other Finance Cost": 127000000.0,
        "Operating Income": NaN,
        "Operating Expense": NaN,
        "Other Operating Expenses": NaN,
        "Selling General And Administration": NaN,
        "General And Administrative Expense": NaN,
        "Salaries And Wages": NaN,
        "Gross Profit": NaN,
        "Cost Of Revenue": NaN,
        "Total Revenue": NaN,
        "Operating Revenue": NaN
    },
    "2022-08-31": {
        "Tax Effect Of Unusual Items": -9187175.043328,
        "Tax Rate For Calcs": 0.241768,
        "Normalized EBITDA": 2291000000.0,
        "Total Unusual Items": -38000000.0,
        "Total Unusual Items Excluding Goodwill": -38000000.0,
        "Net Income From Continuing Operation Net Minority Interest": 875000000.0,
        "Reconciled Depreciation": 1024000000.0,
        "Reconciled Cost Of Revenue": 18535000000.0,
        "EBITDA": 2253000000.0,
        "EBIT": 1229000000.0,
        "Net Interest Income": -142000000.0,
        "Normalized Income": 903812824.956672,
        "Net Income From Continuing And Discontinued Operation": 875000000.0,
        "Total Expenses": 22013000000.0,
        "Rent Expense Supplemental": 1159000000.0,
        "Total Operating Income As Reported": 1191000000.0,
        "Diluted Average Shares": 262000000.0,
        "Basic Average Shares": 259000000.0,
        "Diluted EPS": 3.33,
        "Basic EPS": 3.37,
        "Diluted NI Availto Com Stockholders": 875000000.0,
        "Net Income Common Stockholders": 875000000.0,
        "Otherunder Preferred Stock Dividend": 1000000.0,
        "Net Income": 875000000.0,
        "Net Income Including Noncontrolling Interests": 875000000.0,
        "Net Income Continuous Operations": 875000000.0,
        "Tax Provision": 279000000.0,
        "Pretax Income": 1154000000.0,
        "Other Income Expense": 67000000.0,
        "Other Non Operating Income Expenses": 105000000.0,
        "Special Income Charges": -38000000.0,
        "Impairment Of Capital Assets": NaN,
        "Restructuring And Mergern Acquisition": 38000000.0,
        "Net Non Operating Interest Income Expense": -142000000.0,
        "Total Other Finance Cost": 142000000.0,
        "Operating Income": 1229000000.0,
        "Operating Expense": 3478000000.0,
        "Other Operating Expenses": 3478000000.0,
        "Gross Profit": 4707000000.0,
        "Cost Of Revenue": 18535000000.0,
        "Total Revenue": 23242000000.0,
        "Operating Revenue": 23242000000.0
    },
    "2022-05-31": {
        "Tax Effect Of Unusual Items": -11052631.578947,
        "Tax Rate For Calcs": 0.184211,
        "Normalized EBITDA": 2044000000.0,
        "Total Unusual Items": -60000000.0,
        "Total Unusual Items Excluding Goodwill": -60000000.0,
        "Net Income From Continuing Operation Net Minority Interest": 558000000.0,
        "Reconciled Depreciation": 1018000000.0,
        "Reconciled Cost Of Revenue": 18646000000.0,
        "EBIT": 1984000000.0,
        "Net Interest Income": -158000000.0,
        "Normalized Income": 606947368.421053,
        "Net Income From Continuing And Discontinued Operation": 558000000.0,
        "Total Expenses": 22410000000.0,
        "Rent Expense Supplemental": 1177000000.0,
        "Total Operating Income As Reported": 1924000000.0,
        "Diluted Average Shares": 260000000.0,
        "Basic Average Shares": 260000000.0,
        "Diluted EPS": 2.13,
        "Basic EPS": 2.137931,
        "Diluted NI Availto Com Stockholders": 558000000.0,
        "Net Income Common Stockholders": 558000000.0,
        "Otherunder Preferred Stock Dividend": 1000000.0,
        "Net Income": 558000000.0,
        "Net Income Including Noncontrolling Interests": 558000000.0,
        "Net Income Continuous Operations": 558000000.0,
        "Tax Provision": 126000000.0,
        "Pretax Income": 684000000.0,
        "Other Income Expense": -1142000000.0,
        "Other Non Operating Income Expenses": -1082000000.0,
        "Special Income Charges": -60000000.0,
        "Impairment Of Capital Assets": NaN,
        "Restructuring And Mergern Acquisition": 60000000.0,
        "Net Non Operating Interest Income Expense": -158000000.0,
        "Total Other Finance Cost": 158000000.0,
        "Operating Income": 1984000000.0,
        "Operating Expense": 3764000000.0,
        "Other Operating Expenses": 3764000000.0,
        "Gross Profit": 5748000000.0,
        "Cost Of Revenue": 18646000000.0,
        "Total Revenue": 24394000000.0,
        "Operating Revenue": 24394000000.0
    },
    "2022-02-28": {
        "Diluted EPS": 4.2,
        "Total Revenue": NaN,
        "Gross Profit": NaN,
        "Operating Income": NaN,
        "EBIT": NaN,
        "Net Income": NaN
    },
    "2021-11-30": {
        "Diluted EPS": 3.88,
        "Total Revenue": NaN,
        "Gross Profit": NaN,
        "Operating Income": NaN,
        "EBIT": NaN,
        "Net Income": NaN
    },
    "2021-08-31": {
        "Diluted EPS": 4.09,
        "Total Revenue": NaN,
        "Gross Profit": NaN,
        "Operating Income": NaN,
        "EBIT": NaN,
        "Net Income": NaN
    },
    "2021-05-31": {
        "Diluted EPS": 6.88,
        "Total Revenue": NaN,
        "Gross Profit": NaN,
        "Operating Income": NaN,
        "EBIT": NaN,
        "Net Income": NaN
    },
    "2021-02-28": {
        "Diluted EPS": 3.3,
        "Total Revenue": NaN,
        "Gross Profit": NaN,
        "Operating Income": NaN,
        "EBIT": NaN,
        "Net Income": 892
    },
    "2020-11-30": {
        "Diluted EPS": 4.55,
        "Total Revenue": NaN,
        "Gross Profit": NaN,
        "Operating Income": NaN,
        "EBIT": NaN,
        "Net Income": NaN
    },
    "2020-08-31": {
        "Diluted EPS": 4.72,
        "Total Revenue": NaN,
        "Gross Profit": NaN,
        "Operating Income": NaN,
        "EBIT": NaN,
        "Net Income": NaN
    },
    "2020-05-31": {
        "Diluted EPS": -1.27,
        "Total Revenue": NaN,
        "Gross Profit": NaN,
        "Operating Income": 475,
        "EBIT": NaN,
        "Net Income": -334
    },
    "2020-02-29": {
        "Diluted EPS": 1.2,
        "Total Revenue": NaN,
        "Gross Profit": NaN,
        "Operating Income": 411,
        "EBIT": NaN,
        "Net Income": 315
    },
    "2019-11-30": {
        "Diluted EPS": 2.13,
        "Total Revenue": NaN,
        "Gross Profit": NaN,
        "Operating Income": 554,
        "EBIT": NaN,
        "Net Income": 560
    },
    "2019-08-31": {
        "Diluted EPS": 2.84,
        "Total Revenue": NaN,
        "Gross Profit": NaN,
        "Operating Income": 977,
        "EBIT": NaN,
        "Net Income": 745
    },
    "2019-05-31": {
        "Diluted EPS": -7.38,
        "Total Revenue": NaN,
        "Gross Profit": NaN,
        "Operating Income": NaN,
        "EBIT": NaN,
        "Net Income": NaN
    },
    "2019-02-28": {
        "Diluted EPS": 2.8,
        "Total Revenue": NaN,
        "Gross Profit": NaN,
        "Operating Income": 911,
        "EBIT": NaN,
        "Net Income": 739
    },
    "2018-11-30": {
        "Diluted EPS": 3.51,
        "Total Revenue": NaN,
        "Gross Profit": NaN,
        "Operating Income": NaN,
        "EBIT": NaN,
        "Net Income": 935
    },
    "2018-08-31": {
        "Diluted EPS": 3.1,
        "Total Revenue": NaN,
        "Gross Profit": NaN,
        "Operating Income": NaN,
        "EBIT": NaN,
        "Net Income": 835
    },
    "2018-05-31": {
        "Diluted EPS": 4.17,
        "Total Revenue": NaN,
        "Gross Profit": NaN,
        "Operating Income": NaN,
        "EBIT": NaN,
        "Net Income": NaN
    },
    "2018-02-28": {
        "Diluted EPS": 7.59,
        "Total Revenue": NaN,
        "Gross Profit": NaN,
        "Operating Income": 858,
        "EBIT": NaN,
        "Net Income": NaN
    },
    "2017-11-30": {
        "Diluted EPS": 2.84,
        "Total Revenue": NaN,
        "Gross Profit": NaN,
        "Operating Income": NaN,
        "EBIT": NaN,
        "Net Income": 775
    },
    "2017-08-31": {
        "Diluted EPS": 2.19,
        "Total Revenue": NaN,
        "Gross Profit": NaN,
        "Operating Income": 971,
        "EBIT": NaN,
        "Net Income": 596
    },
    "2017-05-31": {
        "Diluted EPS": 3.76,
        "Total Revenue": NaN,
        "Gross Profit": NaN,
        "Operating Income": NaN,
        "EBIT": NaN,
        "Net Income": NaN
    },
    "2017-02-28": {
        "Diluted EPS": 2.07,
        "Total Revenue": NaN,
        "Gross Profit": NaN,
        "Operating Income": NaN,
        "EBIT": NaN,
        "Net Income": 562
    },
    "2016-11-30": {
        "Diluted EPS": 2.59,
        "Total Revenue": NaN,
        "Gross Profit": NaN,
        "Operating Income": NaN,
        "EBIT": NaN,
        "Net Income": 700
    },
    "2016-08-31": {
        "Diluted EPS": 2.65,
        "Total Revenue": NaN,
        "Gross Profit": NaN,
        "Operating Income": NaN,
        "EBIT": NaN,
        "Net Income": 715
    },
    "2016-05-31": {
        "Diluted EPS": -0.19,
        "Total Revenue": NaN,
        "Gross Profit": NaN,
        "Operating Income": -68,
        "EBIT": 599,
        "Net Income": -70
    },
    "2016-02-29": {
        "Diluted EPS": 1.84,
        "Total Revenue": NaN,
        "Gross Profit": NaN,
        "Operating Income": 864,
        "EBIT": NaN,
        "Net Income": 507
    },
    "2015-11-30": {
        "Diluted EPS": 2.44,
        "Total Revenue": NaN,
        "Gross Profit": NaN,
        "Operating Income": NaN,
        "EBIT": NaN,
        "Net Income": 691
    },
    "2015-08-31": {
        "Diluted EPS": 2.42,
        "Total Revenue": NaN,
        "Gross Profit": NaN,
        "Operating Income": NaN,
        "EBIT": NaN,
        "Net Income": 692
    },
    "2015-05-31": {
        "Diluted EPS": -3.1,
        "Total Revenue": NaN,
        "Gross Profit": NaN,
        "Operating Income": NaN,
        "EBIT": -664,
        "Net Income": -894
    },
    "2015-02-28": {
        "Diluted EPS": 2.18,
        "Total Revenue": NaN,
        "Gross Profit": NaN,
        "Operating Income": NaN,
        "EBIT": NaN,
        "Net Income": 628
    },
    "2014-11-30": {
        "Diluted EPS": 2.31,
        "Total Revenue": NaN,
        "Gross Profit": NaN,
        "Operating Income": NaN,
        "EBIT": NaN,
        "Net Income": 663
    },
    "2014-08-31": {
        "Diluted EPS": 2.26,
        "Total Revenue": NaN,
        "Gross Profit": NaN,
        "Operating Income": NaN,
        "EBIT": NaN,
        "Net Income": 653
    },
    "2014-05-31": {
        "Diluted EPS": 3.15,
        "Total Revenue": NaN,
        "Gross Profit": NaN,
        "Operating Income": NaN,
        "EBIT": NaN,
        "Net Income": 957
    },
    "2014-02-28": {
        "Diluted EPS": 1.23,
        "Total Revenue": NaN,
        "Gross Profit": NaN,
        "Operating Income": 641,
        "EBIT": NaN,
        "Net Income": 378
    },
    "2013-11-30": {
        "Diluted EPS": 1.57,
        "Total Revenue": NaN,
        "Gross Profit": NaN,
        "Operating Income": 827,
        "EBIT": NaN,
        "Net Income": 500
    },
    "2013-08-31": {
        "Diluted EPS": 1.53,
        "Total Revenue": NaN,
        "Gross Profit": NaN,
        "Operating Income": 795,
        "EBIT": NaN,
        "Net Income": 489
    },
    "2013-05-31": {
        "Diluted EPS": 4.58,
        "Total Revenue": NaN,
        "Gross Profit": NaN,
        "Operating Income": NaN,
        "EBIT": NaN,
        "Net Income": NaN
    },
    "2013-02-28": {
        "Diluted EPS": 1.13,
        "Total Revenue": NaN,
        "Gross Profit": NaN,
        "Operating Income": 589,
        "EBIT": NaN,
        "Net Income": 361
    },
    "2012-11-30": {
        "Diluted EPS": 1.39,
        "Total Revenue": NaN,
        "Gross Profit": NaN,
        "Operating Income": 718,
        "EBIT": NaN,
        "Net Income": 438
    },
    "2012-08-31": {
        "Diluted EPS": 1.45,
        "Total Revenue": NaN,
        "Gross Profit": NaN,
        "Operating Income": 742,
        "EBIT": NaN,
        "Net Income": 459
    },
    "2012-05-31": {
        "Diluted EPS": 1.73,
        "Total Revenue": NaN,
        "Gross Profit": NaN,
        "Operating Income": 856,
        "EBIT": NaN,
        "Net Income": 550
    },
    "2012-02-29": {
        "Diluted EPS": 1.65,
        "Total Revenue": NaN,
        "Gross Profit": NaN,
        "Operating Income": 813,
        "EBIT": NaN,
        "Net Income": 521
    },
    "2011-11-30": {
        "Diluted EPS": 1.57,
        "Total Revenue": NaN,
        "Gross Profit": NaN,
        "Operating Income": 780,
        "EBIT": NaN,
        "Net Income": 497
    },
    "2011-08-31": {
        "Diluted EPS": 1.46,
        "Total Revenue": NaN,
        "Gross Profit": NaN,
        "Operating Income": 737,
        "EBIT": NaN,
        "Net Income": 464
    },
    "2011-05-31": {
        "Diluted EPS": 1.75,
        "Total Revenue": NaN,
        "Gross Profit": NaN,
        "Operating Income": 888,
        "EBIT": NaN,
        "Net Income": 558
    },
    "2011-02-28": {
        "Diluted EPS": 0.73,
        "Total Revenue": NaN,
        "Gross Profit": NaN,
        "Operating Income": 393,
        "EBIT": 886,
        "Net Income": 231
    },
    "2010-11-30": {
        "Diluted EPS": 0.89,
        "Total Revenue": NaN,
        "Gross Profit": NaN,
        "Operating Income": 469,
        "EBIT": 971,
        "Net Income": 283
    },
    "2010-08-31": {
        "Diluted EPS": 1.2,
        "Total Revenue": NaN,
        "Gross Profit": NaN,
        "Operating Income": 628,
        "EBIT": NaN,
        "Net Income": 380
    },
    "2010-05-31": {
        "Diluted EPS": 1.32,
        "Total Revenue": NaN,
        "Gross Profit": NaN,
        "Operating Income": 696,
        "EBIT": NaN,
        "Net Income": 419
    },
    "2010-02-28": {
        "Diluted EPS": 0.76,
        "Total Revenue": NaN,
        "Gross Profit": NaN,
        "Operating Income": 416,
        "EBIT": 904,
        "Net Income": 239
    },
    "2009-11-30": {
        "Diluted EPS": 1.1,
        "Total Revenue": NaN,
        "Gross Profit": NaN,
        "Operating Income": 571,
        "EBIT": NaN,
        "Net Income": 345
    },
    "2009-08-31": {
        "Diluted EPS": 0.58,
        "Total Revenue": NaN,
        "Gross Profit": NaN,
        "Operating Income": 315,
        "EBIT": 810,
        "Net Income": 181
    },
    "2009-05-31": {
        "Diluted EPS": -2.81,
        "Total Revenue": NaN,
        "Gross Profit": NaN,
        "Operating Income": -849,
        "EBIT": -353,
        "Net Income": -876
    },
    "2009-02-28": {
        "Diluted EPS": 0.31,
        "Total Revenue": NaN,
        "Gross Profit": NaN,
        "Operating Income": 182,
        "EBIT": 678,
        "Net Income": 97
    },
    "2023-08-31": {
        "Tax Effect Of Unusual Items": -25410000.0,
        "Tax Rate For Calcs": 0.242,
        "Normalized EBITDA": 2766000000.0,
        "Total Unusual Items": -105000000.0,
        "Total Unusual Items Excluding Goodwill": -105000000.0,
        "Net Income From Continuing Operation Net Minority Interest": 1078000000.0,
        "Reconciled Depreciation": 1071000000.0,
        "Reconciled Cost Of Revenue": 16968000000.0,
        "EBITDA": 2661000000.0,
        "EBIT": 1590000000.0,
        "Net Interest Income": -91000000.0,
        "Normalized Income": 1157590000.0,
        "Net Income From Continuing And Discontinued Operation": 1078000000.0,
        "Total Expenses": 20091000000.0,
        "Rent Expense Supplemental": 1151000000.0,
        "Total Operating Income As Reported": 1485000000.0,
        "Diluted Average Shares": 254000000.0,
        "Basic Average Shares": 251000000.0,
        "Diluted EPS": 4.23,
        "Basic EPS": 4.28,
        "Diluted NI Availto Com Stockholders": 1077000000.0,
        "Net Income Common Stockholders": 1077000000.0,
        "Otherunder Preferred Stock Dividend": 1000000.0,
        "Net Income": 1078000000.0,
        "Net Income Including Noncontrolling Interests": 1078000000.0,
        "Net Income Continuous Operations": 1078000000.0,
        "Tax Provision": 345000000.0,
        "Pretax Income": 1423000000.0,
        "Other Income Expense": -76000000.0,
        "Other Non Operating Income Expenses": 29000000.0,
        "Special Income Charges": -105000000.0,
        "Restructuring And Mergern Acquisition": 105000000.0,
        "Net Non Operating Interest Income Expense": -91000000.0,
        "Total Other Finance Cost": 91000000.0,
        "Operating Income": 1590000000.0,
        "Operating Expense": 3123000000.0,
        "Other Operating Expenses": 3123000000.0,
        "Selling General And Administration": -39000000.0,
        "General And Administrative Expense": -39000000.0,
        "Salaries And Wages": -39000000.0,
        "Gross Profit": 4713000000.0,
        "Cost Of Revenue": 16968000000.0,
        "Total Revenue": 21681000000.0,
        "Operating Revenue": 21681000000.0
    },
    "2023-11-30": {
        "Tax Effect Of Unusual Items": -36395000.0,
        "Tax Rate For Calcs": 0.251,
        "Normalized EBITDA": 2606000000.0,
        "Total Unusual Items": -145000000.0,
        "Total Unusual Items Excluding Goodwill": -145000000.0,
        "Net Income From Continuing Operation Net Minority Interest": 900000000.0,
        "Reconciled Depreciation": 1040000000.0,
        "Reconciled Cost Of Revenue": 17588000000.0,
        "EBITDA": 2461000000.0,
        "EBIT": 1421000000.0,
        "Net Interest Income": -97000000.0,
        "Normalized Income": 1008605000.0,
        "Net Income From Continuing And Discontinued Operation": 900000000.0,
        "Total Expenses": 20744000000.0,
        "Rent Expense Supplemental": 1138000000.0,
        "Total Operating Income As Reported": 1276000000.0,
        "Diluted Average Shares": 253521127.0,
        "Basic Average Shares": 253000000.0,
        "Diluted EPS": 3.55,
        "Basic EPS": 3.557312,
        "Diluted NI Availto Com Stockholders": 898000000.0,
        "Net Income Common Stockholders": 898000000.0,
        "Otherunder Preferred Stock Dividend": 2000000.0,
        "Net Income": 900000000.0,
        "Net Income Including Noncontrolling Interests": 900000000.0,
        "Net Income Continuous Operations": 900000000.0,
        "Tax Provision": 302000000.0,
        "Pretax Income": 1202000000.0,
        "Other Income Expense": -122000000.0,
        "Other Non Operating Income Expenses": 23000000.0,
        "Special Income Charges": -145000000.0,
        "Restructuring And Mergern Acquisition": 145000000.0,
        "Net Non Operating Interest Income Expense": -97000000.0,
        "Total Other Finance Cost": 97000000.0,
        "Operating Income": 1421000000.0,
        "Operating Expense": 3156000000.0,
        "Other Operating Expenses": 3156000000.0,
        "Selling General And Administration": -41000000.0,
        "General And Administrative Expense": -41000000.0,
        "Salaries And Wages": -41000000.0,
        "Gross Profit": 4577000000.0,
        "Cost Of Revenue": 17588000000.0,
        "Total Revenue": 22165000000.0,
        "Operating Revenue": 22165000000.0
    },
    "2024-02-29": {
        "Tax Effect Of Unusual Items": -29298000.0,
        "Tax Rate For Calcs": 0.257,
        "Normalized EBITDA": 2543000000.0,
        "Total Unusual Items": -114000000.0,
        "Total Unusual Items Excluding Goodwill": -114000000.0,
        "Net Income From Continuing Operation Net Minority Interest": 879000000.0,
        "Reconciled Depreciation": 1072000000.0,
        "Reconciled Cost Of Revenue": 17199000000.0,
        "EBITDA": 2429000000.0,
        "EBIT": 1357000000.0,
        "Net Interest Income": -91000000.0,
        "Normalized Income": 963702000.0,
        "Net Income From Continuing And Discontinued Operation": 879000000.0,
        "Total Expenses": 20381000000.0,
        "Rent Expense Supplemental": 1145000000.0,
        "Total Operating Income As Reported": 1243000000.0,
        "Diluted Average Shares": 250000000.0,
        "Basic Average Shares": 247000000.0,
        "Diluted EPS": 3.51,
        "Basic EPS": 3.55,
        "Diluted NI Availto Com Stockholders": 878000000.0,
        "Net Income Common Stockholders": 878000000.0,
        "Otherunder Preferred Stock Dividend": 1000000.0,
        "Net Income": 879000000.0,
        "Net Income Including Noncontrolling Interests": 879000000.0,
        "Net Income Continuous Operations": 879000000.0,
        "Tax Provision": 304000000.0,
        "Pretax Income": 1183000000.0,
        "Other Income Expense": -83000000.0,
        "Other Non Operating Income Expenses": 31000000.0,
        "Special Income Charges": -114000000.0,
        "Restructuring And Mergern Acquisition": 114000000.0,
        "Net Non Operating Interest Income Expense": -91000000.0,
        "Total Other Finance Cost": 91000000.0,
        "Operating Income": 1357000000.0,
        "Operating Expense": 3182000000.0,
        "Other Operating Expenses": 3182000000.0,
        "Selling General And Administration": -40000000.0,
        "General And Administrative Expense": -40000000.0,
        "Salaries And Wages": -40000000.0,
        "Gross Profit": 4539000000.0,
        "Cost Of Revenue": 17199000000.0,
        "Total Revenue": 21738000000.0,
        "Operating Revenue": 21738000000.0
    },
    "2024-05-31": {
        "Tax Effect Of Unusual Items": -102440828.402367,
        "Tax Rate For Calcs": 0.273176,
        "Normalized EBITDA": 3692000000.0,
        "Total Unusual Items": -375000000.0,
        "Total Unusual Items Excluding Goodwill": -375000000.0,
        "Net Income From Continuing Operation Net Minority Interest": 1474000000.0,
        "Reconciled Depreciation": 1104000000.0,
        "Reconciled Cost Of Revenue": 16986000000.0,
        "EBITDA": 3317000000.0,
        "EBIT": 2213000000.0,
        "Net Interest Income": -96000000.0,
        "Normalized Income": 1746559171.597633,
        "Net Income From Continuing And Discontinued Operation": 1474000000.0,
        "Total Expenses": 20179000000.0,
        "Rent Expense Supplemental": 1137000000.0,
        "Total Operating Income As Reported": 1555000000.0,
        "Diluted Average Shares": 248148148.0,
        "Basic Average Shares": 248000000.0,
        "Diluted EPS": 5.94,
        "Basic EPS": 5.943548,
        "Diluted NI Availto Com Stockholders": 1472000000.0,
        "Net Income Common Stockholders": 1472000000.0,
        "Otherunder Preferred Stock Dividend": 2000000.0,
        "Net Income": 1474000000.0,
        "Net Income Including Noncontrolling Interests": 1474000000.0,
        "Net Income Continuous Operations": 1474000000.0,
        "Tax Provision": 554000000.0,
        "Pretax Income": 2028000000.0,
        "Other Income Expense": 194000000.0,
        "Other Non Operating Income Expenses": 569000000.0,
        "Special Income Charges": -375000000.0,
        "Restructuring And Mergern Acquisition": 218000000.0,
        "Net Non Operating Interest Income Expense": -96000000.0,
        "Total Other Finance Cost": NaN,
        "Operating Income": 1930000000.0,
        "Operating Expense": 3193000000.0,
        "Other Operating Expenses": 3193000000.0,
        "Selling General And Administration": -602000000.0,
        "General And Administrative Expense": -602000000.0,
        "Salaries And Wages": -602000000.0,
        "Gross Profit": 5123000000.0,
        "Cost Of Revenue": 16986000000.0,
        "Total Revenue": 22109000000.0,
        "Operating Revenue": 22109000000.0
    },
    "2024-08-31": {
        "Tax Effect Of Unusual Items": -31744000.0,
        "Tax Rate For Calcs": 0.248,
        "Normalized EBITDA": 2414000000.0,
        "Total Unusual Items": -128000000.0,
        "Total Unusual Items Excluding Goodwill": -128000000.0,
        "Net Income From Continuing Operation Net Minority Interest": 794000000.0,
        "Reconciled Depreciation": 1078000000.0,
        "Reconciled Cost Of Revenue": 17203000000.0,
        "EBITDA": 2286000000.0,
        "EBIT": 1208000000.0,
        "Net Interest Income": -84000000.0,
        "Normalized Income": 890256000.0,
        "Net Income From Continuing And Discontinued Operation": 794000000.0,
        "Total Expenses": 20371000000.0,
        "Rent Expense Supplemental": 1161000000.0,
        "Total Operating Income As Reported": 1080000000.0,
        "Diluted Average Shares": 247352025.0,
        "Basic Average Shares": 247000000.0,
        "Diluted EPS": 3.21,
        "Basic EPS": 3.214575,
        "Diluted NI Availto Com Stockholders": 793000000.0,
        "Net Income Common Stockholders": 793000000.0,
        "Otherunder Preferred Stock Dividend": 1000000.0,
        "Net Income": 794000000.0,
        "Net Income Including Noncontrolling Interests": 794000000.0,
        "Net Income Continuous Operations": 794000000.0,
        "Tax Provision": 262000000.0,
        "Pretax Income": 1056000000.0,
        "Other Income Expense": -68000000.0,
        "Other Non Operating Income Expenses": 60000000.0,
        "Special Income Charges": -128000000.0,
        "Restructuring And Mergern Acquisition": 128000000.0,
        "Net Non Operating Interest Income Expense": -84000000.0,
        "Total Other Finance Cost": 84000000.0,
        "Operating Income": 1208000000.0,
        "Operating Expense": 3168000000.0,
        "Other Operating Expenses": 3168000000.0,
        "Selling General And Administration": NaN,
        "General And Administrative Expense": NaN,
        "Salaries And Wages": NaN,
        "Gross Profit": 4376000000.0,
        "Cost Of Revenue": 17203000000.0,
        "Total Revenue": 21579000000.0,
        "Operating Revenue": 21579000000.0
    }
}