{
    "2023-03-31": {
        "Tax Effect Of Unusual Items": NaN,
        "Tax Rate For Calcs": NaN,
        "Normalized EBITDA": NaN,
        "Total Unusual Items": 0.0,
        "Total Unusual Items Excluding Goodwill": 0.0,
        "Net Income From Continuing Operation Net Minority Interest": NaN,
        "Reconciled Depreciation": NaN,
        "Reconciled Cost Of Revenue": NaN,
        "EBITDA": NaN,
        "EBIT": NaN,
        "Net Interest Income": NaN,
        "Interest Expense": NaN,
        "Normalized Income": NaN,
        "Net Income From Continuing And Discontinued Operation": NaN,
        "Total Expenses": NaN,
        "Total Operating Income As Reported": NaN,
        "Diluted Average Shares": 573000000.0,
        "Basic Average Shares": 572000000.0,
        "Diluted EPS": 0.51,
        "Basic EPS": 0.51,
        "Diluted NI Availto Com Stockholders": NaN,
        "Net Income Common Stockholders": NaN,
        "Net Income": NaN,
        "Minority Interests": NaN,
        "Net Income Including Noncontrolling Interests": NaN,
        "Net Income Discontinuous Operations": NaN,
        "Net Income Continuous Operations": NaN,
        "Tax Provision": NaN,
        "Pretax Income": NaN,
        "Other Income Expense": NaN,
        "Other Non Operating Income Expenses": NaN,
        "Special Income Charges": 0.0,
        "Other Special Charges": NaN,
        "Earnings From Equity Interest": NaN,
        "Net Non Operating Interest Income Expense": NaN,
        "Interest Expense Non Operating": NaN,
        "Operating Income": NaN,
        "Operating Expense": NaN,
        "Other Operating Expenses": NaN,
        "Other Taxes": NaN,
        "Depreciation Amortization Depletion Income Statement": 361000000.0,
        "Depreciation And Amortization In Income Statement": 361000000.0,
        "Depreciation Income Statement": 361000000.0,
        "Selling General And Administration": NaN,
        "General And Administrative Expense": NaN,
        "Salaries And Wages": NaN,
        "Gross Profit": NaN,
        "Cost Of Revenue": NaN,
        "Total Revenue": NaN,
        "Operating Revenue": NaN
    },
    "2022-12-31": {
        "Tax Effect Of Unusual Items": NaN,
        "Tax Rate For Calcs": NaN,
        "Normalized EBITDA": NaN,
        "Total Unusual Items": NaN,
        "Total Unusual Items Excluding Goodwill": NaN,
        "Net Income From Continuing Operation Net Minority Interest": NaN,
        "Reconciled Depreciation": NaN,
        "Reconciled Cost Of Revenue": NaN,
        "EBITDA": NaN,
        "EBIT": NaN,
        "Net Interest Income": NaN,
        "Interest Expense": NaN,
        "Normalized Income": NaN,
        "Net Income From Continuing And Discontinued Operation": NaN,
        "Total Expenses": NaN,
        "Total Operating Income As Reported": NaN,
        "Diluted Average Shares": NaN,
        "Basic Average Shares": NaN,
        "Diluted EPS": NaN,
        "Basic EPS": NaN,
        "Diluted NI Availto Com Stockholders": NaN,
        "Net Income Common Stockholders": NaN,
        "Net Income": NaN,
        "Minority Interests": NaN,
        "Net Income Including Noncontrolling Interests": NaN,
        "Net Income Discontinuous Operations": 0.0,
        "Net Income Continuous Operations": NaN,
        "Tax Provision": NaN,
        "Pretax Income": NaN,
        "Other Income Expense": NaN,
        "Other Non Operating Income Expenses": NaN,
        "Special Income Charges": NaN,
        "Gain On Sale Of Business": 0.0,
        "Other Special Charges": 16000000.0,
        "Earnings From Equity Interest": NaN,
        "Net Non Operating Interest Income Expense": NaN,
        "Interest Expense Non Operating": NaN,
        "Operating Income": NaN,
        "Operating Expense": NaN,
        "Other Operating Expenses": NaN,
        "Other Taxes": NaN,
        "Depreciation Amortization Depletion Income Statement": NaN,
        "Depreciation And Amortization In Income Statement": NaN,
        "Depreciation Income Statement": NaN,
        "Selling General And Administration": NaN,
        "General And Administrative Expense": NaN,
        "Salaries And Wages": NaN,
        "Gross Profit": NaN,
        "Cost Of Revenue": NaN,
        "Total Revenue": NaN,
        "Operating Revenue": NaN
    },
    "2022-09-30": {
        "Tax Effect Of Unusual Items": NaN,
        "Tax Rate For Calcs": NaN,
        "Normalized EBITDA": NaN,
        "Total Unusual Items": NaN,
        "Total Unusual Items Excluding Goodwill": NaN,
        "Net Income From Continuing Operation Net Minority Interest": NaN,
        "Reconciled Depreciation": NaN,
        "Reconciled Cost Of Revenue": NaN,
        "EBITDA": NaN,
        "EBIT": NaN,
        "Net Interest Income": NaN,
        "Interest Expense": NaN,
        "Normalized Income": NaN,
        "Net Income From Continuing And Discontinued Operation": NaN,
        "Total Expenses": NaN,
        "Total Operating Income As Reported": NaN,
        "Diluted Average Shares": 572000000.0,
        "Basic Average Shares": 571000000.0,
        "Diluted EPS": 0.58,
        "Basic EPS": 0.58,
        "Diluted NI Availto Com Stockholders": NaN,
        "Net Income Common Stockholders": NaN,
        "Net Income": NaN,
        "Minority Interests": NaN,
        "Net Income Including Noncontrolling Interests": NaN,
        "Net Income Discontinuous Operations": 0.0,
        "Net Income Continuous Operations": NaN,
        "Tax Provision": NaN,
        "Pretax Income": NaN,
        "Other Income Expense": NaN,
        "Other Non Operating Income Expenses": NaN,
        "Special Income Charges": NaN,
        "Gain On Sale Of Business": 0.0,
        "Other Special Charges": -1000000.0,
        "Earnings From Equity Interest": NaN,
        "Net Non Operating Interest Income Expense": NaN,
        "Interest Expense Non Operating": NaN,
        "Operating Income": NaN,
        "Operating Expense": NaN,
        "Other Operating Expenses": NaN,
        "Other Taxes": NaN,
        "Depreciation Amortization Depletion Income Statement": NaN,
        "Depreciation And Amortization In Income Statement": NaN,
        "Depreciation Income Statement": NaN,
        "Selling General And Administration": 0.0,
        "General And Administrative Expense": NaN,
        "Salaries And Wages": 0.0,
        "Gross Profit": NaN,
        "Cost Of Revenue": NaN,
        "Total Revenue": NaN,
        "Operating Revenue": NaN
    },
    "2022-06-30": {
        "Tax Effect Of Unusual Items": -23954000.0,
        "Tax Rate For Calcs": 0.203,
        "Normalized EBITDA": 955000000.0,
        "Total Unusual Items": -118000000.0,
        "Total Unusual Items Excluding Goodwill": -118000000.0,
        "Net Income From Continuing Operation Net Minority Interest": 187000000.0,
        "Reconciled Depreciation": 335000000.0,
        "Reconciled Cost Of Revenue": 1005000000.0,
        "EBITDA": 837000000.0,
        "EBIT": 489000000.0,
        "Net Interest Income": -248000000.0,
        "Interest Expense": 248000000.0,
        "Normalized Income": 281046000.0,
        "Net Income From Continuing And Discontinued Operation": 187000000.0,
        "Total Expenses": 2371000000.0,
        "Total Operating Income As Reported": 447000000.0,
        "Diluted Average Shares": 572000000.0,
        "Basic Average Shares": 571000000.0,
        "Diluted EPS": 0.33,
        "Basic EPS": 0.33,
        "Diluted NI Availto Com Stockholders": 187000000.0,
        "Net Income Common Stockholders": 187000000.0,
        "Net Income": 187000000.0,
        "Minority Interests": -5000000.0,
        "Net Income Including Noncontrolling Interests": 192000000.0,
        "Net Income Discontinuous Operations": NaN,
        "Net Income Continuous Operations": 192000000.0,
        "Tax Provision": 49000000.0,
        "Pretax Income": 241000000.0,
        "Other Income Expense": 42000000.0,
        "Other Non Operating Income Expenses": 160000000.0,
        "Special Income Charges": -118000000.0,
        "Gain On Sale Of Business": 0.0,
        "Other Special Charges": 118000000.0,
        "Earnings From Equity Interest": NaN,
        "Net Non Operating Interest Income Expense": -248000000.0,
        "Interest Expense Non Operating": 248000000.0,
        "Operating Income": 447000000.0,
        "Operating Expense": 1379000000.0,
        "Other Operating Expenses": 767000000.0,
        "Other Taxes": 264000000.0,
        "Depreciation Amortization Depletion Income Statement": 348000000.0,
        "Depreciation And Amortization In Income Statement": 348000000.0,
        "Depreciation Income Statement": 348000000.0,
        "Selling General And Administration": NaN,
        "General And Administrative Expense": NaN,
        "Salaries And Wages": NaN,
        "Gross Profit": 1826000000.0,
        "Cost Of Revenue": 992000000.0,
        "Total Revenue": 2818000000.0,
        "Operating Revenue": 2610000000.0
    },
    "2023-06-30": {
        "Tax Effect Of Unusual Items": NaN,
        "Tax Rate For Calcs": NaN,
        "Normalized EBITDA": NaN,
        "Total Unusual Items": -36000000.0,
        "Total Unusual Items Excluding Goodwill": -36000000.0,
        "Net Income From Continuing Operation Net Minority Interest": NaN,
        "Reconciled Depreciation": NaN,
        "Reconciled Cost Of Revenue": NaN,
        "EBITDA": NaN,
        "EBIT": NaN,
        "Net Interest Income": NaN,
        "Interest Expense": NaN,
        "Normalized Income": NaN,
        "Net Income From Continuing And Discontinued Operation": NaN,
        "Total Expenses": NaN,
        "Total Operating Income As Reported": NaN,
        "Diluted Average Shares": 574000000.0,
        "Basic Average Shares": 573000000.0,
        "Diluted EPS": 0.41,
        "Basic EPS": 0.41,
        "Diluted NI Availto Com Stockholders": NaN,
        "Net Income Common Stockholders": NaN,
        "Net Income": NaN,
        "Minority Interests": NaN,
        "Net Income Including Noncontrolling Interests": NaN,
        "Net Income Discontinuous Operations": NaN,
        "Net Income Continuous Operations": NaN,
        "Tax Provision": NaN,
        "Pretax Income": NaN,
        "Other Income Expense": NaN,
        "Other Non Operating Income Expenses": NaN,
        "Special Income Charges": -36000000.0,
        "Other Special Charges": 36000000.0,
        "Earnings From Equity Interest": NaN,
        "Net Non Operating Interest Income Expense": NaN,
        "Interest Expense Non Operating": NaN,
        "Operating Income": NaN,
        "Operating Expense": NaN,
        "Other Operating Expenses": NaN,
        "Other Taxes": NaN,
        "Depreciation Amortization Depletion Income Statement": 361000000.0,
        "Depreciation And Amortization In Income Statement": 361000000.0,
        "Depreciation Income Statement": 361000000.0,
        "Selling General And Administration": -59000000.0,
        "General And Administrative Expense": -59000000.0,
        "Salaries And Wages": -59000000.0,
        "Gross Profit": NaN,
        "Cost Of Revenue": NaN,
        "Total Revenue": NaN,
        "Operating Revenue": NaN
    },
    "2023-09-30": {
        "Tax Effect Of Unusual Items": 0.0,
        "Tax Rate For Calcs": 0.062,
        "Normalized EBITDA": 1099000000.0,
        "Total Unusual Items": 0.0,
        "Total Unusual Items Excluding Goodwill": 0.0,
        "Net Income From Continuing Operation Net Minority Interest": 421000000.0,
        "Reconciled Depreciation": 236000000.0,
        "Reconciled Cost Of Revenue": 1451000000.0,
        "EBITDA": 1099000000.0,
        "EBIT": 733000000.0,
        "Net Interest Income": -263000000.0,
        "Interest Expense": 263000000.0,
        "Normalized Income": 421000000.0,
        "Net Income From Continuing And Discontinued Operation": 400000000.0,
        "Total Expenses": 2821000000.0,
        "Total Operating Income As Reported": 666000000.0,
        "Diluted Average Shares": 574000000.0,
        "Basic Average Shares": 573000000.0,
        "Diluted EPS": 0.69,
        "Basic EPS": 0.7,
        "Diluted NI Availto Com Stockholders": 400000000.0,
        "Net Income Common Stockholders": 400000000.0,
        "Net Income": 400000000.0,
        "Minority Interests": -20000000.0,
        "Net Income Including Noncontrolling Interests": 420000000.0,
        "Net Income Discontinuous Operations": -21000000.0,
        "Net Income Continuous Operations": 441000000.0,
        "Tax Provision": 29000000.0,
        "Pretax Income": 470000000.0,
        "Other Income Expense": 67000000.0,
        "Other Non Operating Income Expenses": 24000000.0,
        "Special Income Charges": 0.0,
        "Other Special Charges": NaN,
        "Earnings From Equity Interest": 43000000.0,
        "Net Non Operating Interest Income Expense": -263000000.0,
        "Interest Expense Non Operating": 263000000.0,
        "Operating Income": 666000000.0,
        "Operating Expense": 1500000000.0,
        "Other Operating Expenses": 827000000.0,
        "Other Taxes": 307000000.0,
        "Depreciation Amortization Depletion Income Statement": 366000000.0,
        "Depreciation And Amortization In Income Statement": 366000000.0,
        "Depreciation Income Statement": 366000000.0,
        "Selling General And Administration": 0.0,
        "General And Administrative Expense": NaN,
        "Salaries And Wages": 0.0,
        "Gross Profit": 2166000000.0,
        "Cost Of Revenue": 1321000000.0,
        "Total Revenue": 3487000000.0,
        "Operating Revenue": 3377000000.0
    },
    "2023-12-31": {
        "Tax Effect Of Unusual Items": 0.0,
        "Tax Rate For Calcs": 0.278195,
        "Normalized EBITDA": 921000000.0,
        "Total Unusual Items": 0.0,
        "Total Unusual Items Excluding Goodwill": 0.0,
        "Net Income From Continuing Operation Net Minority Interest": 175000000.0,
        "Reconciled Depreciation": 387000000.0,
        "Reconciled Cost Of Revenue": 1020000000.0,
        "EBITDA": 921000000.0,
        "EBIT": 534000000.0,
        "Net Interest Income": -268000000.0,
        "Interest Expense": 268000000.0,
        "Normalized Income": 175000000.0,
        "Net Income From Continuing And Discontinued Operation": 175000000.0,
        "Total Expenses": 2578000000.0,
        "Total Operating Income As Reported": 568000000.0,
        "Diluted Average Shares": NaN,
        "Basic Average Shares": NaN,
        "Diluted EPS": NaN,
        "Basic EPS": NaN,
        "Diluted NI Availto Com Stockholders": 175000000.0,
        "Net Income Common Stockholders": 175000000.0,
        "Net Income": 175000000.0,
        "Minority Interests": -17000000.0,
        "Net Income Including Noncontrolling Interests": 192000000.0,
        "Net Income Discontinuous Operations": 0.0,
        "Net Income Continuous Operations": 192000000.0,
        "Tax Provision": 74000000.0,
        "Pretax Income": 266000000.0,
        "Other Income Expense": -34000000.0,
        "Other Non Operating Income Expenses": -75000000.0,
        "Special Income Charges": 0.0,
        "Other Special Charges": 0.0,
        "Earnings From Equity Interest": 41000000.0,
        "Net Non Operating Interest Income Expense": -268000000.0,
        "Interest Expense Non Operating": 268000000.0,
        "Operating Income": 568000000.0,
        "Operating Expense": 1544000000.0,
        "Other Operating Expenses": 888000000.0,
        "Other Taxes": 283000000.0,
        "Depreciation Amortization Depletion Income Statement": 373000000.0,
        "Depreciation And Amortization In Income Statement": 373000000.0,
        "Depreciation Income Statement": 373000000.0,
        "Selling General And Administration": 137000000.0,
        "General And Administrative Expense": 137000000.0,
        "Salaries And Wages": 137000000.0,
        "Gross Profit": 2112000000.0,
        "Cost Of Revenue": 1034000000.0,
        "Total Revenue": 3146000000.0,
        "Operating Revenue": 3044000000.0
    },
    "2024-03-31": {
        "Tax Effect Of Unusual Items": 0.0,
        "Tax Rate For Calcs": 0.336,
        "Normalized EBITDA": 953000000.0,
        "Total Unusual Items": NaN,
        "Total Unusual Items Excluding Goodwill": NaN,
        "Net Income From Continuing Operation Net Minority Interest": 253000000.0,
        "Reconciled Depreciation": 276000000.0,
        "Reconciled Cost Of Revenue": 1141000000.0,
        "EBITDA": 953000000.0,
        "EBIT": 677000000.0,
        "Net Interest Income": -275000000.0,
        "Interest Expense": 275000000.0,
        "Normalized Income": 253000000.0,
        "Net Income From Continuing And Discontinued Operation": 253000000.0,
        "Total Expenses": 2839000000.0,
        "Total Operating Income As Reported": 612000000.0,
        "Diluted Average Shares": 576000000.0,
        "Basic Average Shares": 574000000.0,
        "Diluted EPS": 0.44,
        "Basic EPS": 0.44,
        "Diluted NI Availto Com Stockholders": 253000000.0,
        "Net Income Common Stockholders": 253000000.0,
        "Net Income": 253000000.0,
        "Minority Interests": -14000000.0,
        "Net Income Including Noncontrolling Interests": 267000000.0,
        "Net Income Discontinuous Operations": NaN,
        "Net Income Continuous Operations": 267000000.0,
        "Tax Provision": 135000000.0,
        "Pretax Income": 402000000.0,
        "Other Income Expense": 229000000.0,
        "Other Non Operating Income Expenses": 208000000.0,
        "Special Income Charges": NaN,
        "Other Special Charges": NaN,
        "Earnings From Equity Interest": 21000000.0,
        "Net Non Operating Interest Income Expense": -275000000.0,
        "Interest Expense Non Operating": 275000000.0,
        "Operating Income": 448000000.0,
        "Operating Expense": 1698000000.0,
        "Other Operating Expenses": 1387000000.0,
        "Other Taxes": 311000000.0,
        "Depreciation Amortization Depletion Income Statement": NaN,
        "Depreciation And Amortization In Income Statement": NaN,
        "Depreciation Income Statement": NaN,
        "Selling General And Administration": NaN,
        "General And Administrative Expense": NaN,
        "Salaries And Wages": NaN,
        "Gross Profit": 2146000000.0,
        "Cost Of Revenue": 1141000000.0,
        "Total Revenue": 3287000000.0,
        "Operating Revenue": 3210000000.0
    },
    "2024-06-30": {
        "Tax Effect Of Unusual Items": -33915000.0,
        "Tax Rate For Calcs": 0.399,
        "Normalized EBITDA": 991000000.0,
        "Total Unusual Items": -85000000.0,
        "Total Unusual Items Excluding Goodwill": -85000000.0,
        "Net Income From Continuing Operation Net Minority Interest": 45000000.0,
        "Reconciled Depreciation": 487000000.0,
        "Reconciled Cost Of Revenue": 915000000.0,
        "EBITDA": 906000000.0,
        "EBIT": 419000000.0,
        "Net Interest Income": -256000000.0,
        "Interest Expense": 256000000.0,
        "Normalized Income": 96085000.0,
        "Net Income From Continuing And Discontinued Operation": 45000000.0,
        "Total Expenses": 2865000000.0,
        "Total Operating Income As Reported": 423000000.0,
        "Diluted Average Shares": 576000000.0,
        "Basic Average Shares": 575000000.0,
        "Diluted EPS": 0.08,
        "Basic EPS": 0.08,
        "Diluted NI Availto Com Stockholders": 45000000.0,
        "Net Income Common Stockholders": 45000000.0,
        "Net Income": 45000000.0,
        "Minority Interests": -53000000.0,
        "Net Income Including Noncontrolling Interests": 98000000.0,
        "Net Income Discontinuous Operations": NaN,
        "Net Income Continuous Operations": 98000000.0,
        "Tax Provision": 65000000.0,
        "Pretax Income": 163000000.0,
        "Other Income Expense": 4000000.0,
        "Other Non Operating Income Expenses": 67000000.0,
        "Special Income Charges": -85000000.0,
        "Other Special Charges": 85000000.0,
        "Earnings From Equity Interest": 22000000.0,
        "Net Non Operating Interest Income Expense": -256000000.0,
        "Interest Expense Non Operating": 256000000.0,
        "Operating Income": 415000000.0,
        "Operating Expense": 1860000000.0,
        "Other Operating Expenses": 1170000000.0,
        "Other Taxes": 293000000.0,
        "Depreciation Amortization Depletion Income Statement": 397000000.0,
        "Depreciation And Amortization In Income Statement": 397000000.0,
        "Depreciation Income Statement": 397000000.0,
        "Selling General And Administration": 0.0,
        "General And Administrative Expense": NaN,
        "Salaries And Wages": 0.0,
        "Gross Profit": 2275000000.0,
        "Cost Of Revenue": 1005000000.0,
        "Total Revenue": 3280000000.0,
        "Operating Revenue": 3196000000.0
    },
    "2024-09-30": {
        "Tax Effect Of Unusual Items": 0.0,
        "Tax Rate For Calcs": 0.168,
        "Normalized EBITDA": 1235000000.0,
        "Total Unusual Items": 0.0,
        "Total Unusual Items Excluding Goodwill": 0.0,
        "Net Income From Continuing Operation Net Minority Interest": 419000000.0,
        "Reconciled Depreciation": 434000000.0,
        "Reconciled Cost Of Revenue": 1191000000.0,
        "EBITDA": 1235000000.0,
        "EBIT": 801000000.0,
        "Net Interest Income": -241000000.0,
        "Interest Expense": 241000000.0,
        "Normalized Income": 419000000.0,
        "Net Income From Continuing And Discontinued Operation": 419000000.0,
        "Total Expenses": 3002000000.0,
        "Total Operating Income As Reported": 727000000.0,
        "Diluted Average Shares": 577000000.0,
        "Basic Average Shares": 576000000.0,
        "Diluted EPS": 0.73,
        "Basic EPS": 0.73,
        "Diluted NI Availto Com Stockholders": 419000000.0,
        "Net Income Common Stockholders": 419000000.0,
        "Net Income": 419000000.0,
        "Minority Interests": -47000000.0,
        "Net Income Including Noncontrolling Interests": 466000000.0,
        "Net Income Discontinuous Operations": 0.0,
        "Net Income Continuous Operations": 466000000.0,
        "Tax Provision": 94000000.0,
        "Pretax Income": 560000000.0,
        "Other Income Expense": 74000000.0,
        "Other Non Operating Income Expenses": 53000000.0,
        "Special Income Charges": 0.0,
        "Other Special Charges": NaN,
        "Earnings From Equity Interest": 21000000.0,
        "Net Non Operating Interest Income Expense": -241000000.0,
        "Interest Expense Non Operating": 241000000.0,
        "Operating Income": 727000000.0,
        "Operating Expense": 1777000000.0,
        "Other Operating Expenses": 1066000000.0,
        "Other Taxes": 311000000.0,
        "Depreciation Amortization Depletion Income Statement": 400000000.0,
        "Depreciation And Amortization In Income Statement": 400000000.0,
        "Depreciation Income Statement": 400000000.0,
        "Selling General And Administration": NaN,
        "General And Administrative Expense": NaN,
        "Salaries And Wages": NaN,
        "Gross Profit": 2504000000.0,
        "Cost Of Revenue": 1225000000.0,
        "Total Revenue": 3729000000.0,
        "Operating Revenue": 3625000000.0
    }
}