{
    "2023-03-31": {
        "Tax Effect Of Unusual Items": NaN,
        "Tax Rate For Calcs": NaN,
        "Normalized EBITDA": NaN,
        "Total Unusual Items": -908000.0,
        "Total Unusual Items Excluding Goodwill": -908000.0,
        "Net Income From Continuing Operation Net Minority Interest": NaN,
        "Reconciled Depreciation": NaN,
        "EBITDA": NaN,
        "EBIT": NaN,
        "Net Interest Income": NaN,
        "Interest Expense": NaN,
        "Interest Income": NaN,
        "Normalized Income": NaN,
        "Net Income From Continuing And Discontinued Operation": NaN,
        "Total Expenses": NaN,
        "Total Operating Income As Reported": NaN,
        "Diluted Average Shares": 44104000.0,
        "Basic Average Shares": 44104000.0,
        "Diluted EPS": -0.23,
        "Basic EPS": -0.23,
        "Diluted NI Availto Com Stockholders": NaN,
        "Average Dilution Earnings": NaN,
        "Net Income Common Stockholders": NaN,
        "Net Income": NaN,
        "Net Income Including Noncontrolling Interests": NaN,
        "Net Income Continuous Operations": NaN,
        "Tax Provision": NaN,
        "Pretax Income": NaN,
        "Other Income Expense": NaN,
        "Other Non Operating Income Expenses": NaN,
        "Special Income Charges": -908000.0,
        "Other Special Charges": NaN,
        "Write Off": 908000.0,
        "Impairment Of Capital Assets": 908000.0,
        "Gain On Sale Of Security": NaN,
        "Net Non Operating Interest Income Expense": NaN,
        "Interest Expense Non Operating": NaN,
        "Interest Income Non Operating": NaN,
        "Operating Income": NaN,
        "Operating Expense": NaN,
        "Other Operating Expenses": NaN,
        "Depreciation Amortization Depletion Income Statement": NaN,
        "Depreciation And Amortization In Income Statement": NaN,
        "Research And Development": NaN,
        "Selling General And Administration": NaN,
        "General And Administrative Expense": NaN,
        "Other Gand A": NaN,
        "Total Revenue": NaN,
        "Operating Revenue": NaN
    },
    "2022-12-31": {
        "Tax Effect Of Unusual Items": NaN,
        "Tax Rate For Calcs": NaN,
        "Normalized EBITDA": NaN,
        "Total Unusual Items": -2166000.0,
        "Total Unusual Items Excluding Goodwill": -2166000.0,
        "Net Income From Continuing Operation Net Minority Interest": NaN,
        "Reconciled Depreciation": NaN,
        "EBITDA": NaN,
        "EBIT": NaN,
        "Net Interest Income": NaN,
        "Interest Expense": NaN,
        "Interest Income": NaN,
        "Normalized Income": NaN,
        "Net Income From Continuing And Discontinued Operation": NaN,
        "Total Expenses": NaN,
        "Total Operating Income As Reported": NaN,
        "Diluted Average Shares": 43772000.0,
        "Basic Average Shares": 43772000.0,
        "Diluted EPS": -0.34,
        "Basic EPS": -0.34,
        "Diluted NI Availto Com Stockholders": NaN,
        "Average Dilution Earnings": NaN,
        "Net Income Common Stockholders": NaN,
        "Net Income": NaN,
        "Net Income Including Noncontrolling Interests": NaN,
        "Net Income Continuous Operations": NaN,
        "Tax Provision": NaN,
        "Pretax Income": NaN,
        "Other Income Expense": NaN,
        "Other Non Operating Income Expenses": NaN,
        "Special Income Charges": NaN,
        "Other Special Charges": NaN,
        "Write Off": NaN,
        "Impairment Of Capital Assets": NaN,
        "Gain On Sale Of Security": -2166000.0,
        "Net Non Operating Interest Income Expense": NaN,
        "Interest Expense Non Operating": NaN,
        "Interest Income Non Operating": NaN,
        "Operating Income": NaN,
        "Operating Expense": NaN,
        "Other Operating Expenses": NaN,
        "Depreciation Amortization Depletion Income Statement": NaN,
        "Depreciation And Amortization In Income Statement": NaN,
        "Research And Development": NaN,
        "Selling General And Administration": NaN,
        "General And Administrative Expense": NaN,
        "Other Gand A": NaN,
        "Total Revenue": NaN,
        "Operating Revenue": NaN
    },
    "2022-09-30": {
        "Tax Effect Of Unusual Items": NaN,
        "Tax Rate For Calcs": NaN,
        "Normalized EBITDA": NaN,
        "Total Unusual Items": 13909000.0,
        "Total Unusual Items Excluding Goodwill": 13909000.0,
        "Net Income From Continuing Operation Net Minority Interest": NaN,
        "Reconciled Depreciation": NaN,
        "EBITDA": NaN,
        "EBIT": NaN,
        "Net Interest Income": NaN,
        "Interest Expense": NaN,
        "Interest Income": NaN,
        "Normalized Income": NaN,
        "Net Income From Continuing And Discontinued Operation": NaN,
        "Total Expenses": NaN,
        "Total Operating Income As Reported": NaN,
        "Diluted Average Shares": NaN,
        "Basic Average Shares": NaN,
        "Diluted EPS": NaN,
        "Basic EPS": NaN,
        "Diluted NI Availto Com Stockholders": NaN,
        "Average Dilution Earnings": 819000.0,
        "Net Income Common Stockholders": NaN,
        "Net Income": NaN,
        "Net Income Including Noncontrolling Interests": NaN,
        "Net Income Continuous Operations": NaN,
        "Tax Provision": NaN,
        "Pretax Income": NaN,
        "Other Income Expense": NaN,
        "Other Non Operating Income Expenses": NaN,
        "Special Income Charges": NaN,
        "Other Special Charges": NaN,
        "Write Off": NaN,
        "Gain On Sale Of Security": 13909000.0,
        "Net Non Operating Interest Income Expense": NaN,
        "Interest Expense Non Operating": NaN,
        "Interest Income Non Operating": NaN,
        "Operating Income": NaN,
        "Operating Expense": NaN,
        "Other Operating Expenses": NaN,
        "Depreciation Amortization Depletion Income Statement": NaN,
        "Depreciation And Amortization In Income Statement": NaN,
        "Research And Development": NaN,
        "Selling General And Administration": NaN,
        "General And Administrative Expense": NaN,
        "Other Gand A": NaN,
        "Total Revenue": NaN,
        "Operating Revenue": NaN
    },
    "2022-06-30": {
        "Tax Effect Of Unusual Items": 0.0,
        "Tax Rate For Calcs": 0.0,
        "Normalized EBITDA": -13167801.0,
        "Total Unusual Items": 90820.0,
        "Total Unusual Items Excluding Goodwill": 90820.0,
        "Net Income From Continuing Operation Net Minority Interest": -13235774.0,
        "Reconciled Depreciation": 160751.0,
        "EBITDA": -13076981.0,
        "EBIT": -13237732.0,
        "Net Interest Income": 1406.0,
        "Interest Expense": -1958.0,
        "Interest Income": -552.0,
        "Normalized Income": -13326594.0,
        "Net Income From Continuing And Discontinued Operation": -13235774.0,
        "Total Expenses": 13355157.0,
        "Total Operating Income As Reported": -13355157.0,
        "Diluted Average Shares": 42784000.0,
        "Basic Average Shares": 42784000.0,
        "Diluted EPS": -0.3,
        "Basic EPS": -0.3,
        "Diluted NI Availto Com Stockholders": -13235774.0,
        "Average Dilution Earnings": NaN,
        "Net Income Common Stockholders": -13235774.0,
        "Net Income": -13235774.0,
        "Net Income Including Noncontrolling Interests": -13235774.0,
        "Net Income Continuous Operations": -13235774.0,
        "Tax Provision": NaN,
        "Pretax Income": -13235774.0,
        "Other Income Expense": 117977.0,
        "Other Non Operating Income Expenses": 27157.0,
        "Special Income Charges": NaN,
        "Write Off": NaN,
        "Gain On Sale Of Security": 90820.0,
        "Net Non Operating Interest Income Expense": 1406.0,
        "Interest Expense Non Operating": -1958.0,
        "Interest Income Non Operating": -552.0,
        "Operating Income": -13355157.0,
        "Operating Expense": 13355157.0,
        "Other Operating Expenses": 3070209.0,
        "Depreciation Amortization Depletion Income Statement": 35751.0,
        "Depreciation And Amortization In Income Statement": 35751.0,
        "Research And Development": NaN,
        "Selling General And Administration": 10116197.0,
        "General And Administrative Expense": 10116197.0,
        "Other Gand A": 10116197.0,
        "Total Revenue": 0.0,
        "Operating Revenue": 0.0
    },
    "2022-03-31": {
        "Diluted EPS": -0.79,
        "Total Revenue": NaN,
        "Gross Profit": -2,
        "Operating Income": -33,
        "EBIT": -33,
        "Net Income": -33
    },
    "2021-12-31": {
        "Diluted EPS": -0.28,
        "Total Revenue": NaN,
        "Gross Profit": -3,
        "Operating Income": -11,
        "EBIT": -11,
        "Net Income": -11
    },
    "2021-09-30": {
        "Diluted EPS": -0.24,
        "Total Revenue": NaN,
        "Gross Profit": -5,
        "Operating Income": -11,
        "EBIT": -11,
        "Net Income": -9
    },
    "2021-06-30": {
        "Diluted EPS": 0.0,
        "Total Revenue": NaN,
        "Gross Profit": NaN,
        "Operating Income": NaN,
        "EBIT": NaN,
        "Net Income": NaN
    },
    "2021-03-31": {
        "Diluted EPS": -0.11,
        "Total Revenue": NaN,
        "Gross Profit": -2,
        "Operating Income": -4,
        "EBIT": -4,
        "Net Income": -4
    },
    "2023-06-30": {
        "Tax Effect Of Unusual Items": 0.0,
        "Tax Rate For Calcs": 0.0,
        "Normalized EBITDA": -8349000.0,
        "Total Unusual Items": 0.0,
        "Total Unusual Items Excluding Goodwill": 0.0,
        "Net Income From Continuing Operation Net Minority Interest": -10252000.0,
        "Reconciled Depreciation": 92000.0,
        "EBITDA": -8349000.0,
        "EBIT": -8441000.0,
        "Net Interest Income": -1578000.0,
        "Interest Expense": 1811000.0,
        "Interest Income": 233000.0,
        "Normalized Income": -10252000.0,
        "Net Income From Continuing And Discontinued Operation": -10252000.0,
        "Total Expenses": 8686000.0,
        "Total Operating Income As Reported": -8686000.0,
        "Diluted Average Shares": NaN,
        "Basic Average Shares": NaN,
        "Diluted EPS": NaN,
        "Basic EPS": NaN,
        "Diluted NI Availto Com Stockholders": -10252000.0,
        "Average Dilution Earnings": NaN,
        "Net Income Common Stockholders": -10252000.0,
        "Net Income": -10252000.0,
        "Net Income Including Noncontrolling Interests": -10252000.0,
        "Net Income Continuous Operations": -10252000.0,
        "Tax Provision": 0.0,
        "Pretax Income": -10252000.0,
        "Other Income Expense": 12000.0,
        "Other Non Operating Income Expenses": 12000.0,
        "Special Income Charges": 0.0,
        "Other Special Charges": NaN,
        "Write Off": 0.0,
        "Impairment Of Capital Assets": 0.0,
        "Gain On Sale Of Security": 0.0,
        "Net Non Operating Interest Income Expense": -1578000.0,
        "Interest Expense Non Operating": 1811000.0,
        "Interest Income Non Operating": 233000.0,
        "Operating Income": -8686000.0,
        "Operating Expense": 8686000.0,
        "Other Operating Expenses": 1721000.0,
        "Depreciation Amortization Depletion Income Statement": 52000.0,
        "Depreciation And Amortization In Income Statement": 52000.0,
        "Research And Development": 139000.0,
        "Selling General And Administration": 6774000.0,
        "General And Administrative Expense": 6774000.0,
        "Other Gand A": 6774000.0,
        "Total Revenue": 0.0,
        "Operating Revenue": 0.0
    },
    "2023-09-30": {
        "Tax Effect Of Unusual Items": 0.0,
        "Tax Rate For Calcs": 0.0,
        "Normalized EBITDA": -7490000.0,
        "Total Unusual Items": NaN,
        "Total Unusual Items Excluding Goodwill": NaN,
        "Net Income From Continuing Operation Net Minority Interest": -9370000.0,
        "Reconciled Depreciation": 93000.0,
        "EBITDA": -7490000.0,
        "EBIT": -7583000.0,
        "Net Interest Income": -1655000.0,
        "Interest Expense": 1787000.0,
        "Interest Income": 132000.0,
        "Normalized Income": -9370000.0,
        "Net Income From Continuing And Discontinued Operation": -9370000.0,
        "Total Expenses": 7713000.0,
        "Total Operating Income As Reported": -7713000.0,
        "Diluted Average Shares": 44221000.0,
        "Basic Average Shares": 44221000.0,
        "Diluted EPS": -0.21,
        "Basic EPS": -0.21,
        "Diluted NI Availto Com Stockholders": -9370000.0,
        "Average Dilution Earnings": 0.0,
        "Net Income Common Stockholders": -9370000.0,
        "Net Income": -9370000.0,
        "Net Income Including Noncontrolling Interests": -9370000.0,
        "Net Income Continuous Operations": -9370000.0,
        "Tax Provision": 0.0,
        "Pretax Income": -9370000.0,
        "Other Income Expense": -2000.0,
        "Other Non Operating Income Expenses": -2000.0,
        "Special Income Charges": NaN,
        "Other Special Charges": NaN,
        "Write Off": NaN,
        "Impairment Of Capital Assets": NaN,
        "Gain On Sale Of Security": NaN,
        "Net Non Operating Interest Income Expense": -1655000.0,
        "Interest Expense Non Operating": 1787000.0,
        "Interest Income Non Operating": 132000.0,
        "Operating Income": -7713000.0,
        "Operating Expense": 7713000.0,
        "Other Operating Expenses": 1583000.0,
        "Depreciation Amortization Depletion Income Statement": 53000.0,
        "Depreciation And Amortization In Income Statement": 53000.0,
        "Research And Development": 39000.0,
        "Selling General And Administration": 6038000.0,
        "General And Administrative Expense": 6038000.0,
        "Other Gand A": 6038000.0,
        "Total Revenue": 0.0,
        "Operating Revenue": 0.0
    },
    "2023-12-31": {
        "Tax Effect Of Unusual Items": 0.0,
        "Tax Rate For Calcs": 0.0,
        "Normalized EBITDA": -8784000.0,
        "Total Unusual Items": NaN,
        "Total Unusual Items Excluding Goodwill": NaN,
        "Net Income From Continuing Operation Net Minority Interest": -10616000.0,
        "Reconciled Depreciation": 93000.0,
        "EBITDA": -8784000.0,
        "EBIT": -8877000.0,
        "Net Interest Income": -1729000.0,
        "Interest Expense": 1739000.0,
        "Interest Income": 10000.0,
        "Normalized Income": -10616000.0,
        "Net Income From Continuing And Discontinued Operation": -10616000.0,
        "Total Expenses": 8886000.0,
        "Total Operating Income As Reported": -8886000.0,
        "Diluted Average Shares": 44237000.0,
        "Basic Average Shares": 44237000.0,
        "Diluted EPS": -0.24,
        "Basic EPS": -0.24,
        "Diluted NI Availto Com Stockholders": -10616000.0,
        "Average Dilution Earnings": NaN,
        "Net Income Common Stockholders": -10616000.0,
        "Net Income": -10616000.0,
        "Net Income Including Noncontrolling Interests": -10616000.0,
        "Net Income Continuous Operations": -10616000.0,
        "Tax Provision": 0.0,
        "Pretax Income": -10616000.0,
        "Other Income Expense": -1000.0,
        "Other Non Operating Income Expenses": -1000.0,
        "Special Income Charges": NaN,
        "Other Special Charges": NaN,
        "Write Off": NaN,
        "Impairment Of Capital Assets": NaN,
        "Gain On Sale Of Security": NaN,
        "Net Non Operating Interest Income Expense": -1729000.0,
        "Interest Expense Non Operating": 1739000.0,
        "Interest Income Non Operating": 10000.0,
        "Operating Income": -8886000.0,
        "Operating Expense": 8886000.0,
        "Other Operating Expenses": 1431000.0,
        "Depreciation Amortization Depletion Income Statement": 53000.0,
        "Depreciation And Amortization In Income Statement": 53000.0,
        "Research And Development": 6000.0,
        "Selling General And Administration": 7396000.0,
        "General And Administrative Expense": 7396000.0,
        "Other Gand A": 7396000.0,
        "Total Revenue": 0.0,
        "Operating Revenue": 0.0
    },
    "2024-03-31": {
        "Tax Effect Of Unusual Items": 0.0,
        "Tax Rate For Calcs": 0.0,
        "Normalized EBITDA": -4037000.0,
        "Total Unusual Items": -20953000.0,
        "Total Unusual Items Excluding Goodwill": -20953000.0,
        "Net Income From Continuing Operation Net Minority Interest": -25905000.0,
        "Reconciled Depreciation": 93000.0,
        "EBITDA": -24990000.0,
        "EBIT": -25083000.0,
        "Net Interest Income": -749000.0,
        "Interest Expense": 822000.0,
        "Interest Income": 73000.0,
        "Normalized Income": -4952000.0,
        "Net Income From Continuing And Discontinued Operation": -25905000.0,
        "Total Expenses": 4205000.0,
        "Total Operating Income As Reported": -4205000.0,
        "Diluted Average Shares": 58513000.0,
        "Basic Average Shares": 58513000.0,
        "Diluted EPS": -0.44,
        "Basic EPS": -0.44,
        "Diluted NI Availto Com Stockholders": -25905000.0,
        "Average Dilution Earnings": NaN,
        "Net Income Common Stockholders": -25905000.0,
        "Net Income": -25905000.0,
        "Net Income Including Noncontrolling Interests": -25905000.0,
        "Net Income Continuous Operations": -25905000.0,
        "Tax Provision": 0.0,
        "Pretax Income": -25905000.0,
        "Other Income Expense": -20951000.0,
        "Other Non Operating Income Expenses": 2000.0,
        "Special Income Charges": -20953000.0,
        "Other Special Charges": 20953000.0,
        "Write Off": 0.0,
        "Impairment Of Capital Assets": 0.0,
        "Gain On Sale Of Security": NaN,
        "Net Non Operating Interest Income Expense": -749000.0,
        "Interest Expense Non Operating": 822000.0,
        "Interest Income Non Operating": 73000.0,
        "Operating Income": -4205000.0,
        "Operating Expense": 4205000.0,
        "Other Operating Expenses": 1155000.0,
        "Depreciation Amortization Depletion Income Statement": 53000.0,
        "Depreciation And Amortization In Income Statement": 53000.0,
        "Research And Development": 0.0,
        "Selling General And Administration": 2997000.0,
        "General And Administrative Expense": 2997000.0,
        "Other Gand A": 2997000.0,
        "Total Revenue": 0.0,
        "Operating Revenue": 0.0
    },
    "2024-06-30": {
        "Tax Effect Of Unusual Items": 0.0,
        "Tax Rate For Calcs": 0.0,
        "Normalized EBITDA": -9970000.0,
        "Total Unusual Items": 749000.0,
        "Total Unusual Items Excluding Goodwill": 749000.0,
        "Net Income From Continuing Operation Net Minority Interest": -16122000.0,
        "Reconciled Depreciation": 5050000.0,
        "EBITDA": -9221000.0,
        "EBIT": -14271000.0,
        "Net Interest Income": -1814000.0,
        "Interest Expense": 1851000.0,
        "Interest Income": 37000.0,
        "Normalized Income": -16871000.0,
        "Net Income From Continuing And Discontinued Operation": -16122000.0,
        "Total Expenses": 15056000.0,
        "Total Operating Income As Reported": -15056000.0,
        "Diluted Average Shares": NaN,
        "Basic Average Shares": NaN,
        "Diluted EPS": NaN,
        "Basic EPS": NaN,
        "Diluted NI Availto Com Stockholders": -16122000.0,
        "Average Dilution Earnings": NaN,
        "Net Income Common Stockholders": -16122000.0,
        "Net Income": -16122000.0,
        "Net Income Including Noncontrolling Interests": -16122000.0,
        "Net Income Continuous Operations": -16122000.0,
        "Tax Provision": 0.0,
        "Pretax Income": -16122000.0,
        "Other Income Expense": 748000.0,
        "Other Non Operating Income Expenses": -1000.0,
        "Special Income Charges": 0.0,
        "Other Special Charges": 0.0,
        "Write Off": NaN,
        "Impairment Of Capital Assets": 0.0,
        "Gain On Sale Of Security": NaN,
        "Net Non Operating Interest Income Expense": -1814000.0,
        "Interest Expense Non Operating": 1851000.0,
        "Interest Income Non Operating": 37000.0,
        "Operating Income": -15056000.0,
        "Operating Expense": 15056000.0,
        "Other Operating Expenses": 2462000.0,
        "Depreciation Amortization Depletion Income Statement": 5011000.0,
        "Depreciation And Amortization In Income Statement": 5011000.0,
        "Research And Development": 0.0,
        "Selling General And Administration": 7583000.0,
        "General And Administrative Expense": 7583000.0,
        "Other Gand A": 7583000.0,
        "Total Revenue": 0.0,
        "Operating Revenue": 0.0
    }
}