{
    "2023-03-31": {
        "Tax Effect Of Unusual Items": NaN,
        "Tax Rate For Calcs": NaN,
        "Normalized EBITDA": NaN,
        "Total Unusual Items": NaN,
        "Total Unusual Items Excluding Goodwill": NaN,
        "Net Income From Continuing Operation Net Minority Interest": NaN,
        "Reconciled Depreciation": NaN,
        "Reconciled Cost Of Revenue": NaN,
        "EBITDA": NaN,
        "EBIT": NaN,
        "Net Interest Income": NaN,
        "Interest Expense": NaN,
        "Interest Income": NaN,
        "Normalized Income": NaN,
        "Net Income From Continuing And Discontinued Operation": NaN,
        "Total Expenses": NaN,
        "Total Operating Income As Reported": NaN,
        "Diluted Average Shares": NaN,
        "Basic Average Shares": NaN,
        "Diluted EPS": NaN,
        "Basic EPS": NaN,
        "Diluted NI Availto Com Stockholders": NaN,
        "Net Income Common Stockholders": NaN,
        "Net Income": NaN,
        "Net Income Including Noncontrolling Interests": NaN,
        "Net Income Continuous Operations": NaN,
        "Pretax Income": NaN,
        "Other Income Expense": NaN,
        "Gain On Sale Of Security": NaN,
        "Net Non Operating Interest Income Expense": NaN,
        "Total Other Finance Cost": NaN,
        "Interest Expense Non Operating": NaN,
        "Interest Income Non Operating": NaN,
        "Operating Income": NaN,
        "Operating Expense": NaN,
        "Depreciation Amortization Depletion Income Statement": 72000.0,
        "Depreciation And Amortization In Income Statement": 72000.0,
        "Amortization": 72000.0,
        "Amortization Of Intangibles Income Statement": 72000.0,
        "Research And Development": NaN,
        "Selling General And Administration": NaN,
        "Selling And Marketing Expense": NaN,
        "General And Administrative Expense": NaN,
        "Other Gand A": NaN,
        "Gross Profit": NaN,
        "Cost Of Revenue": NaN,
        "Total Revenue": NaN,
        "Operating Revenue": NaN
    },
    "2022-12-31": {
        "Tax Effect Of Unusual Items": NaN,
        "Tax Rate For Calcs": NaN,
        "Normalized EBITDA": NaN,
        "Total Unusual Items": NaN,
        "Total Unusual Items Excluding Goodwill": NaN,
        "Net Income From Continuing Operation Net Minority Interest": NaN,
        "Reconciled Depreciation": NaN,
        "Reconciled Cost Of Revenue": NaN,
        "EBITDA": NaN,
        "EBIT": NaN,
        "Net Interest Income": NaN,
        "Interest Expense": NaN,
        "Interest Income": NaN,
        "Normalized Income": NaN,
        "Net Income From Continuing And Discontinued Operation": NaN,
        "Total Expenses": NaN,
        "Total Operating Income As Reported": NaN,
        "Diluted Average Shares": NaN,
        "Basic Average Shares": NaN,
        "Diluted EPS": NaN,
        "Basic EPS": NaN,
        "Diluted NI Availto Com Stockholders": NaN,
        "Net Income Common Stockholders": NaN,
        "Net Income": NaN,
        "Net Income Including Noncontrolling Interests": NaN,
        "Net Income Continuous Operations": NaN,
        "Pretax Income": NaN,
        "Other Income Expense": NaN,
        "Gain On Sale Of Security": NaN,
        "Net Non Operating Interest Income Expense": NaN,
        "Total Other Finance Cost": 70000.0,
        "Interest Expense Non Operating": NaN,
        "Interest Income Non Operating": NaN,
        "Operating Income": NaN,
        "Operating Expense": NaN,
        "Depreciation Amortization Depletion Income Statement": NaN,
        "Depreciation And Amortization In Income Statement": NaN,
        "Amortization": NaN,
        "Amortization Of Intangibles Income Statement": NaN,
        "Research And Development": NaN,
        "Selling General And Administration": NaN,
        "Selling And Marketing Expense": NaN,
        "General And Administrative Expense": NaN,
        "Other Gand A": NaN,
        "Gross Profit": NaN,
        "Cost Of Revenue": NaN,
        "Total Revenue": NaN,
        "Operating Revenue": NaN
    },
    "2022-09-30": {
        "Tax Effect Of Unusual Items": NaN,
        "Tax Rate For Calcs": NaN,
        "Normalized EBITDA": NaN,
        "Total Unusual Items": NaN,
        "Total Unusual Items Excluding Goodwill": NaN,
        "Net Income From Continuing Operation Net Minority Interest": NaN,
        "Reconciled Depreciation": 64000.0,
        "Reconciled Cost Of Revenue": NaN,
        "EBITDA": NaN,
        "EBIT": NaN,
        "Net Interest Income": NaN,
        "Interest Expense": NaN,
        "Interest Income": NaN,
        "Normalized Income": NaN,
        "Net Income From Continuing And Discontinued Operation": NaN,
        "Total Expenses": NaN,
        "Total Operating Income As Reported": NaN,
        "Diluted Average Shares": NaN,
        "Basic Average Shares": NaN,
        "Diluted EPS": NaN,
        "Basic EPS": NaN,
        "Diluted NI Availto Com Stockholders": NaN,
        "Net Income Common Stockholders": NaN,
        "Net Income": NaN,
        "Net Income Including Noncontrolling Interests": NaN,
        "Net Income Continuous Operations": NaN,
        "Pretax Income": NaN,
        "Other Income Expense": NaN,
        "Gain On Sale Of Security": NaN,
        "Net Non Operating Interest Income Expense": NaN,
        "Total Other Finance Cost": 64000.0,
        "Interest Expense Non Operating": NaN,
        "Interest Income Non Operating": NaN,
        "Operating Income": NaN,
        "Operating Expense": NaN,
        "Depreciation Amortization Depletion Income Statement": 64000.0,
        "Depreciation And Amortization In Income Statement": 64000.0,
        "Amortization": 64000.0,
        "Amortization Of Intangibles Income Statement": 64000.0,
        "Research And Development": NaN,
        "Selling General And Administration": NaN,
        "Selling And Marketing Expense": NaN,
        "General And Administrative Expense": NaN,
        "Other Gand A": NaN,
        "Gross Profit": NaN,
        "Cost Of Revenue": NaN,
        "Total Revenue": NaN,
        "Operating Revenue": NaN
    },
    "2022-06-30": {
        "Tax Effect Of Unusual Items": 0.0,
        "Tax Rate For Calcs": 0.0,
        "Normalized EBITDA": -5008000.0,
        "Total Unusual Items": -7000.0,
        "Total Unusual Items Excluding Goodwill": -7000.0,
        "Net Income From Continuing Operation Net Minority Interest": -5072000.0,
        "Reconciled Depreciation": NaN,
        "Reconciled Cost Of Revenue": NaN,
        "EBITDA": -5015000.0,
        "EBIT": -5015000.0,
        "Net Interest Income": -56000.0,
        "Interest Expense": 57000.0,
        "Interest Income": 9000.0,
        "Normalized Income": -5065000.0,
        "Net Income From Continuing And Discontinued Operation": -5072000.0,
        "Total Expenses": 5009000.0,
        "Total Operating Income As Reported": -5009000.0,
        "Diluted Average Shares": 26052000.0,
        "Basic Average Shares": 26052000.0,
        "Diluted EPS": -0.19,
        "Basic EPS": -0.19,
        "Diluted NI Availto Com Stockholders": -5072000.0,
        "Net Income Common Stockholders": -5072000.0,
        "Net Income": -5072000.0,
        "Net Income Including Noncontrolling Interests": -5072000.0,
        "Net Income Continuous Operations": -5072000.0,
        "Pretax Income": -5072000.0,
        "Other Income Expense": -7000.0,
        "Gain On Sale Of Security": -7000.0,
        "Net Non Operating Interest Income Expense": -56000.0,
        "Total Other Finance Cost": 8000.0,
        "Interest Expense Non Operating": 57000.0,
        "Interest Income Non Operating": 9000.0,
        "Operating Income": -5009000.0,
        "Operating Expense": 5009000.0,
        "Depreciation Amortization Depletion Income Statement": NaN,
        "Depreciation And Amortization In Income Statement": NaN,
        "Amortization": NaN,
        "Amortization Of Intangibles Income Statement": NaN,
        "Research And Development": 1131000.0,
        "Selling General And Administration": 3878000.0,
        "Selling And Marketing Expense": NaN,
        "General And Administrative Expense": 3878000.0,
        "Other Gand A": 3878000.0,
        "Gross Profit": NaN,
        "Cost Of Revenue": NaN,
        "Total Revenue": 0.0,
        "Operating Revenue": 0.0
    },
    "2022-03-31": {
        "Diluted EPS": -0.14,
        "Total Revenue": NaN,
        "Gross Profit": NaN,
        "Operating Income": -4,
        "EBIT": -4,
        "Net Income": -4
    },
    "2021-12-31": {
        "Diluted EPS": -0.18,
        "Total Revenue": NaN,
        "Gross Profit": NaN,
        "Operating Income": -4,
        "EBIT": -4,
        "Net Income": -4
    },
    "2021-09-30": {
        "Diluted EPS": -0.16,
        "Total Revenue": NaN,
        "Gross Profit": NaN,
        "Operating Income": -4,
        "EBIT": -4,
        "Net Income": -4
    },
    "2021-06-30": {
        "Diluted EPS": -0.15,
        "Total Revenue": NaN,
        "Gross Profit": NaN,
        "Operating Income": -4,
        "EBIT": -4,
        "Net Income": -4
    },
    "2021-03-31": {
        "Diluted EPS": -0.18,
        "Total Revenue": NaN,
        "Gross Profit": NaN,
        "Operating Income": -5,
        "EBIT": -5,
        "Net Income": -5
    },
    "2020-12-31": {
        "Diluted EPS": -0.12,
        "Total Revenue": NaN,
        "Gross Profit": NaN,
        "Operating Income": -4,
        "EBIT": -4,
        "Net Income": -3
    },
    "2020-09-30": {
        "Diluted EPS": -0.24,
        "Total Revenue": NaN,
        "Gross Profit": NaN,
        "Operating Income": -6,
        "EBIT": -6,
        "Net Income": -6
    },
    "2020-06-30": {
        "Diluted EPS": -0.21,
        "Total Revenue": NaN,
        "Gross Profit": NaN,
        "Operating Income": -5,
        "EBIT": -5,
        "Net Income": -5
    },
    "2020-03-31": {
        "Diluted EPS": -0.19,
        "Total Revenue": NaN,
        "Gross Profit": NaN,
        "Operating Income": -4,
        "EBIT": -4,
        "Net Income": -4
    },
    "2019-12-31": {
        "Diluted EPS": -0.18,
        "Total Revenue": NaN,
        "Gross Profit": NaN,
        "Operating Income": -4,
        "EBIT": -4,
        "Net Income": -4
    },
    "2019-09-30": {
        "Diluted EPS": -0.09,
        "Total Revenue": NaN,
        "Gross Profit": NaN,
        "Operating Income": -2,
        "EBIT": -2,
        "Net Income": -2
    },
    "2019-06-30": {
        "Diluted EPS": -0.24,
        "Total Revenue": NaN,
        "Gross Profit": NaN,
        "Operating Income": -5,
        "EBIT": -5,
        "Net Income": -5
    },
    "2019-03-31": {
        "Diluted EPS": -0.13,
        "Total Revenue": NaN,
        "Gross Profit": NaN,
        "Operating Income": -3,
        "EBIT": -3,
        "Net Income": -3
    },
    "2018-12-31": {
        "Diluted EPS": -0.15,
        "Total Revenue": NaN,
        "Gross Profit": NaN,
        "Operating Income": -3,
        "EBIT": -3,
        "Net Income": -3
    },
    "2018-09-30": {
        "Diluted EPS": -0.14,
        "Total Revenue": NaN,
        "Gross Profit": NaN,
        "Operating Income": -3,
        "EBIT": -3,
        "Net Income": -3
    },
    "2018-06-30": {
        "Diluted EPS": -0.14,
        "Total Revenue": NaN,
        "Gross Profit": NaN,
        "Operating Income": -3,
        "EBIT": -3,
        "Net Income": -3
    },
    "2018-03-31": {
        "Diluted EPS": -0.09,
        "Total Revenue": NaN,
        "Gross Profit": NaN,
        "Operating Income": -2,
        "EBIT": -2,
        "Net Income": -2
    },
    "2017-12-31": {
        "Diluted EPS": -0.15,
        "Total Revenue": NaN,
        "Gross Profit": NaN,
        "Operating Income": -3,
        "EBIT": -3,
        "Net Income": -2
    },
    "2017-09-30": {
        "Diluted EPS": -0.15,
        "Total Revenue": NaN,
        "Gross Profit": NaN,
        "Operating Income": -2,
        "EBIT": -2,
        "Net Income": -2
    },
    "2017-06-30": {
        "Diluted EPS": -0.11,
        "Total Revenue": NaN,
        "Gross Profit": NaN,
        "Operating Income": -1,
        "EBIT": -1,
        "Net Income": -2
    },
    "2017-03-31": {
        "Diluted EPS": -0.06,
        "Total Revenue": NaN,
        "Gross Profit": NaN,
        "Operating Income": -1,
        "EBIT": -1,
        "Net Income": -1
    },
    "2016-12-31": {
        "Diluted EPS": -0.08,
        "Total Revenue": NaN,
        "Gross Profit": NaN,
        "Operating Income": -1,
        "EBIT": -1,
        "Net Income": -1
    },
    "2016-09-30": {
        "Diluted EPS": -0.04,
        "Total Revenue": NaN,
        "Gross Profit": NaN,
        "Operating Income": -1,
        "EBIT": -1,
        "Net Income": -1
    },
    "2016-06-30": {
        "Diluted EPS": -0.06,
        "Total Revenue": NaN,
        "Gross Profit": NaN,
        "Operating Income": -1,
        "EBIT": -1,
        "Net Income": -1
    },
    "2016-03-31": {
        "Diluted EPS": -0.04,
        "Total Revenue": NaN,
        "Gross Profit": NaN,
        "Operating Income": 0,
        "EBIT": 0,
        "Net Income": 0
    },
    "2015-12-31": {
        "Diluted EPS": -0.04,
        "Total Revenue": NaN,
        "Gross Profit": NaN,
        "Operating Income": -1,
        "EBIT": -1,
        "Net Income": -1
    },
    "2015-09-30": {
        "Diluted EPS": -0.01,
        "Total Revenue": NaN,
        "Gross Profit": NaN,
        "Operating Income": 0,
        "EBIT": 0,
        "Net Income": 0
    },
    "2015-06-30": {
        "Diluted EPS": -0.02,
        "Total Revenue": NaN,
        "Gross Profit": NaN,
        "Operating Income": -1,
        "EBIT": -1,
        "Net Income": 0
    },
    "2015-03-31": {
        "Diluted EPS": 0.01,
        "Total Revenue": NaN,
        "Gross Profit": NaN,
        "Operating Income": 0,
        "EBIT": 0,
        "Net Income": 0
    },
    "2014-12-31": {
        "Diluted EPS": 0.16,
        "Total Revenue": NaN,
        "Gross Profit": NaN,
        "Operating Income": -1,
        "EBIT": -1,
        "Net Income": 1
    },
    "2014-09-30": {
        "Diluted EPS": 0.03,
        "Total Revenue": NaN,
        "Gross Profit": NaN,
        "Operating Income": -1,
        "EBIT": -1,
        "Net Income": 0
    },
    "2014-06-30": {
        "Diluted EPS": -0.08,
        "Total Revenue": NaN,
        "Gross Profit": NaN,
        "Operating Income": -1,
        "EBIT": -1,
        "Net Income": -1
    },
    "2014-03-31": {
        "Diluted EPS": -0.33,
        "Total Revenue": NaN,
        "Gross Profit": NaN,
        "Operating Income": -1,
        "EBIT": -1,
        "Net Income": -3
    },
    "2013-12-31": {
        "Diluted EPS": 0.08,
        "Total Revenue": NaN,
        "Gross Profit": NaN,
        "Operating Income": 0,
        "EBIT": 0,
        "Net Income": 1
    },
    "2013-09-30": {
        "Diluted EPS": -0.21,
        "Total Revenue": NaN,
        "Gross Profit": NaN,
        "Operating Income": 0,
        "EBIT": 0,
        "Net Income": -2
    },
    "2013-06-30": {
        "Diluted EPS": 0.78,
        "Total Revenue": NaN,
        "Gross Profit": NaN,
        "Operating Income": -1,
        "EBIT": -1,
        "Net Income": 7
    },
    "2013-03-31": {
        "Diluted EPS": -0.48,
        "Total Revenue": NaN,
        "Gross Profit": NaN,
        "Operating Income": -1,
        "EBIT": -1,
        "Net Income": -4
    },
    "2012-12-31": {
        "Diluted EPS": -0.81,
        "Total Revenue": NaN,
        "Gross Profit": NaN,
        "Operating Income": -1,
        "EBIT": -1,
        "Net Income": -7
    },
    "2012-09-30": {
        "Diluted EPS": -0.09,
        "Total Revenue": NaN,
        "Gross Profit": NaN,
        "Operating Income": -1,
        "EBIT": -1,
        "Net Income": -1
    },
    "2012-06-30": {
        "Diluted EPS": -0.06,
        "Total Revenue": NaN,
        "Gross Profit": NaN,
        "Operating Income": -1,
        "EBIT": -1,
        "Net Income": -1
    },
    "2012-03-31": {
        "Diluted EPS": 0.33,
        "Total Revenue": NaN,
        "Gross Profit": NaN,
        "Operating Income": -1,
        "EBIT": -1,
        "Net Income": 3
    },
    "2011-12-31": {
        "Diluted EPS": 0.54,
        "Total Revenue": NaN,
        "Gross Profit": NaN,
        "Operating Income": -1,
        "EBIT": -1,
        "Net Income": 4
    },
    "2011-09-30": {
        "Diluted EPS": -0.51,
        "Total Revenue": NaN,
        "Gross Profit": NaN,
        "Operating Income": -1,
        "EBIT": -1,
        "Net Income": -3
    },
    "2011-06-30": {
        "Diluted EPS": -0.03,
        "Total Revenue": NaN,
        "Gross Profit": NaN,
        "Operating Income": -1,
        "EBIT": -1,
        "Net Income": 0
    },
    "2011-03-31": {
        "Diluted EPS": 0.57,
        "Total Revenue": NaN,
        "Gross Profit": NaN,
        "Operating Income": -1,
        "EBIT": -1,
        "Net Income": 5
    },
    "2010-12-31": {
        "Diluted EPS": -1.17,
        "Total Revenue": NaN,
        "Gross Profit": NaN,
        "Operating Income": -3,
        "EBIT": -3,
        "Net Income": -7
    },
    "2010-09-30": {
        "Diluted EPS": 0.24,
        "Total Revenue": NaN,
        "Gross Profit": NaN,
        "Operating Income": 2,
        "EBIT": 2,
        "Net Income": 2
    },
    "2010-06-30": {
        "Diluted EPS": -0.54,
        "Total Revenue": NaN,
        "Gross Profit": NaN,
        "Operating Income": -3,
        "EBIT": -3,
        "Net Income": -3
    },
    "2010-03-31": {
        "Diluted EPS": 0.0,
        "Total Revenue": NaN,
        "Gross Profit": NaN,
        "Operating Income": 0,
        "EBIT": 0,
        "Net Income": 0
    },
    "2009-12-31": {
        "Diluted EPS": 1.08,
        "Total Revenue": NaN,
        "Gross Profit": NaN,
        "Operating Income": 0,
        "EBIT": 0,
        "Net Income": 0
    },
    "2009-09-30": {
        "Diluted EPS": -0.54,
        "Total Revenue": NaN,
        "Gross Profit": NaN,
        "Operating Income": 0,
        "EBIT": 0,
        "Net Income": 0
    },
    "2009-06-30": {
        "Diluted EPS": -0.54,
        "Total Revenue": NaN,
        "Gross Profit": NaN,
        "Operating Income": -1,
        "EBIT": -1,
        "Net Income": -1
    },
    "2009-03-31": {
        "Diluted EPS": -1.08,
        "Total Revenue": NaN,
        "Gross Profit": NaN,
        "Operating Income": -2,
        "EBIT": -2,
        "Net Income": -2
    },
    "2023-06-30": {
        "Tax Effect Of Unusual Items": NaN,
        "Tax Rate For Calcs": NaN,
        "Normalized EBITDA": NaN,
        "Total Unusual Items": NaN,
        "Total Unusual Items Excluding Goodwill": NaN,
        "Net Income From Continuing Operation Net Minority Interest": NaN,
        "Reconciled Depreciation": NaN,
        "Reconciled Cost Of Revenue": NaN,
        "EBITDA": NaN,
        "EBIT": NaN,
        "Net Interest Income": NaN,
        "Interest Expense": NaN,
        "Interest Income": NaN,
        "Normalized Income": NaN,
        "Net Income From Continuing And Discontinued Operation": NaN,
        "Total Expenses": NaN,
        "Total Operating Income As Reported": NaN,
        "Diluted Average Shares": NaN,
        "Basic Average Shares": NaN,
        "Diluted EPS": NaN,
        "Basic EPS": NaN,
        "Diluted NI Availto Com Stockholders": NaN,
        "Net Income Common Stockholders": NaN,
        "Net Income": NaN,
        "Net Income Including Noncontrolling Interests": NaN,
        "Net Income Continuous Operations": NaN,
        "Pretax Income": NaN,
        "Other Income Expense": NaN,
        "Gain On Sale Of Security": NaN,
        "Net Non Operating Interest Income Expense": NaN,
        "Total Other Finance Cost": 73000.0,
        "Interest Expense Non Operating": NaN,
        "Interest Income Non Operating": NaN,
        "Operating Income": NaN,
        "Operating Expense": NaN,
        "Depreciation Amortization Depletion Income Statement": NaN,
        "Depreciation And Amortization In Income Statement": NaN,
        "Amortization": NaN,
        "Amortization Of Intangibles Income Statement": NaN,
        "Research And Development": NaN,
        "Selling General And Administration": NaN,
        "Selling And Marketing Expense": NaN,
        "General And Administrative Expense": NaN,
        "Other Gand A": NaN,
        "Gross Profit": NaN,
        "Cost Of Revenue": NaN,
        "Total Revenue": NaN,
        "Operating Revenue": NaN
    },
    "2023-09-30": {
        "Tax Effect Of Unusual Items": 0.0,
        "Tax Rate For Calcs": 0.0,
        "Normalized EBITDA": -915000.0,
        "Total Unusual Items": -24000.0,
        "Total Unusual Items Excluding Goodwill": -24000.0,
        "Net Income From Continuing Operation Net Minority Interest": -1867000.0,
        "Reconciled Depreciation": 0.0,
        "Reconciled Cost Of Revenue": 403000.0,
        "EBITDA": -939000.0,
        "EBIT": -1011000.0,
        "Net Interest Income": -754000.0,
        "Interest Expense": 856000.0,
        "Interest Income": 102000.0,
        "Normalized Income": -1843000.0,
        "Net Income From Continuing And Discontinued Operation": -1867000.0,
        "Total Expenses": 7604000.0,
        "Total Operating Income As Reported": -1017000.0,
        "Diluted Average Shares": 26458000.0,
        "Basic Average Shares": 26458000.0,
        "Diluted EPS": -0.07,
        "Basic EPS": -0.07,
        "Diluted NI Availto Com Stockholders": -1867000.0,
        "Net Income Common Stockholders": -1867000.0,
        "Net Income": -1867000.0,
        "Net Income Including Noncontrolling Interests": -1867000.0,
        "Net Income Continuous Operations": -1867000.0,
        "Pretax Income": -1867000.0,
        "Other Income Expense": -24000.0,
        "Gain On Sale Of Security": -24000.0,
        "Net Non Operating Interest Income Expense": -754000.0,
        "Total Other Finance Cost": NaN,
        "Interest Expense Non Operating": 856000.0,
        "Interest Income Non Operating": 102000.0,
        "Operating Income": -1089000.0,
        "Operating Expense": 7273000.0,
        "Depreciation Amortization Depletion Income Statement": 72000.0,
        "Depreciation And Amortization In Income Statement": 72000.0,
        "Amortization": 72000.0,
        "Amortization Of Intangibles Income Statement": 72000.0,
        "Research And Development": 12000.0,
        "Selling General And Administration": 7189000.0,
        "Selling And Marketing Expense": 3384000.0,
        "General And Administrative Expense": 3805000.0,
        "Other Gand A": 3805000.0,
        "Gross Profit": 6184000.0,
        "Cost Of Revenue": 331000.0,
        "Total Revenue": 6515000.0,
        "Operating Revenue": 6919000.0
    },
    "2023-12-31": {
        "Tax Effect Of Unusual Items": 0.0,
        "Tax Rate For Calcs": 0.0,
        "Normalized EBITDA": -1703000.0,
        "Total Unusual Items": 6000.0,
        "Total Unusual Items Excluding Goodwill": 6000.0,
        "Net Income From Continuing Operation Net Minority Interest": -2682000.0,
        "Reconciled Depreciation": 70000.0,
        "Reconciled Cost Of Revenue": 685000.0,
        "EBITDA": -1697000.0,
        "EBIT": -1767000.0,
        "Net Interest Income": -800000.0,
        "Interest Expense": 915000.0,
        "Interest Income": 115000.0,
        "Normalized Income": -2688000.0,
        "Net Income From Continuing And Discontinued Operation": -2682000.0,
        "Total Expenses": 11623000.0,
        "Total Operating Income As Reported": -1818000.0,
        "Diluted Average Shares": 26833000.0,
        "Basic Average Shares": 26833000.0,
        "Diluted EPS": -0.1,
        "Basic EPS": -0.1,
        "Diluted NI Availto Com Stockholders": -2682000.0,
        "Net Income Common Stockholders": -2682000.0,
        "Net Income": -2682000.0,
        "Net Income Including Noncontrolling Interests": -2682000.0,
        "Net Income Continuous Operations": -2682000.0,
        "Pretax Income": -2682000.0,
        "Other Income Expense": 6000.0,
        "Gain On Sale Of Security": 6000.0,
        "Net Non Operating Interest Income Expense": -800000.0,
        "Total Other Finance Cost": NaN,
        "Interest Expense Non Operating": 915000.0,
        "Interest Income Non Operating": 115000.0,
        "Operating Income": -1888000.0,
        "Operating Expense": 10938000.0,
        "Depreciation Amortization Depletion Income Statement": 70000.0,
        "Depreciation And Amortization In Income Statement": 70000.0,
        "Amortization": 70000.0,
        "Amortization Of Intangibles Income Statement": 70000.0,
        "Research And Development": 32000.0,
        "Selling General And Administration": 10836000.0,
        "Selling And Marketing Expense": 3868000.0,
        "General And Administrative Expense": 6968000.0,
        "Other Gand A": 6968000.0,
        "Gross Profit": 9050000.0,
        "Cost Of Revenue": 685000.0,
        "Total Revenue": 9735000.0,
        "Operating Revenue": 9735000.0
    },
    "2024-03-31": {
        "Tax Effect Of Unusual Items": -10290.0,
        "Tax Rate For Calcs": 0.21,
        "Normalized EBITDA": 14643000.0,
        "Total Unusual Items": -49000.0,
        "Total Unusual Items Excluding Goodwill": -49000.0,
        "Net Income From Continuing Operation Net Minority Interest": 12837000.0,
        "Reconciled Depreciation": 723000.0,
        "Reconciled Cost Of Revenue": 550000.0,
        "EBITDA": 14594000.0,
        "EBIT": 13871000.0,
        "Net Interest Income": -837000.0,
        "Interest Expense": 1034000.0,
        "Interest Income": 197000.0,
        "Normalized Income": 12875710.0,
        "Net Income From Continuing And Discontinued Operation": 12837000.0,
        "Total Expenses": 11654000.0,
        "Total Operating Income As Reported": 13743000.0,
        "Diluted Average Shares": 31091000.0,
        "Basic Average Shares": 27045000.0,
        "Diluted EPS": 0.41,
        "Basic EPS": 0.47,
        "Diluted NI Availto Com Stockholders": 12837000.0,
        "Net Income Common Stockholders": 12837000.0,
        "Net Income": 12837000.0,
        "Net Income Including Noncontrolling Interests": 12837000.0,
        "Net Income Continuous Operations": 12837000.0,
        "Pretax Income": 12837000.0,
        "Other Income Expense": -49000.0,
        "Gain On Sale Of Security": -49000.0,
        "Net Non Operating Interest Income Expense": -837000.0,
        "Total Other Finance Cost": NaN,
        "Interest Expense Non Operating": 1034000.0,
        "Interest Income Non Operating": 197000.0,
        "Operating Income": 13723000.0,
        "Operating Expense": 11104000.0,
        "Depreciation Amortization Depletion Income Statement": 20000.0,
        "Depreciation And Amortization In Income Statement": 20000.0,
        "Amortization": 20000.0,
        "Amortization Of Intangibles Income Statement": 20000.0,
        "Research And Development": 3000.0,
        "Selling General And Administration": 11081000.0,
        "Selling And Marketing Expense": 5209000.0,
        "General And Administrative Expense": 5872000.0,
        "Other Gand A": 5872000.0,
        "Gross Profit": 24827000.0,
        "Cost Of Revenue": 550000.0,
        "Total Revenue": 25377000.0,
        "Operating Revenue": 25377000.0
    },
    "2024-06-30": {
        "Tax Effect Of Unusual Items": 0.0,
        "Tax Rate For Calcs": 0.0,
        "Normalized EBITDA": -4466000.0,
        "Total Unusual Items": -17000.0,
        "Total Unusual Items Excluding Goodwill": -17000.0,
        "Net Income From Continuing Operation Net Minority Interest": -5553000.0,
        "Reconciled Depreciation": 26000.0,
        "Reconciled Cost Of Revenue": 608000.0,
        "EBITDA": -4483000.0,
        "EBIT": -4509000.0,
        "Net Interest Income": -497000.0,
        "Interest Expense": 1044000.0,
        "Interest Income": 570000.0,
        "Normalized Income": -5536000.0,
        "Net Income From Continuing And Discontinued Operation": -5553000.0,
        "Total Expenses": 12301000.0,
        "Total Operating Income As Reported": -5039000.0,
        "Diluted Average Shares": 27297000.0,
        "Basic Average Shares": 27297000.0,
        "Diluted EPS": -0.2,
        "Basic EPS": -0.2,
        "Diluted NI Availto Com Stockholders": -5553000.0,
        "Net Income Common Stockholders": -5553000.0,
        "Net Income": -5553000.0,
        "Net Income Including Noncontrolling Interests": -5553000.0,
        "Net Income Continuous Operations": -5553000.0,
        "Pretax Income": -5553000.0,
        "Other Income Expense": -17000.0,
        "Gain On Sale Of Security": -17000.0,
        "Net Non Operating Interest Income Expense": -497000.0,
        "Total Other Finance Cost": 23000.0,
        "Interest Expense Non Operating": 1044000.0,
        "Interest Income Non Operating": 570000.0,
        "Operating Income": -5039000.0,
        "Operating Expense": 11693000.0,
        "Depreciation Amortization Depletion Income Statement": NaN,
        "Depreciation And Amortization In Income Statement": NaN,
        "Amortization": NaN,
        "Amortization Of Intangibles Income Statement": NaN,
        "Research And Development": 157000.0,
        "Selling General And Administration": 11536000.0,
        "Selling And Marketing Expense": 4672000.0,
        "General And Administrative Expense": 6864000.0,
        "Other Gand A": 6864000.0,
        "Gross Profit": 6654000.0,
        "Cost Of Revenue": 608000.0,
        "Total Revenue": 7262000.0,
        "Operating Revenue": 9466000.0
    },
    "2024-09-30": {
        "Tax Effect Of Unusual Items": 0.0,
        "Tax Rate For Calcs": 0.0,
        "Normalized EBITDA": -4682000.0,
        "Total Unusual Items": -3000.0,
        "Total Unusual Items Excluding Goodwill": -3000.0,
        "Net Income From Continuing Operation Net Minority Interest": -5735000.0,
        "Reconciled Depreciation": 25000.0,
        "Reconciled Cost Of Revenue": 1353000.0,
        "EBITDA": -4685000.0,
        "EBIT": -4710000.0,
        "Net Interest Income": -509000.0,
        "Interest Expense": 1025000.0,
        "Interest Income": 516000.0,
        "Normalized Income": -5732000.0,
        "Net Income From Continuing And Discontinued Operation": -5735000.0,
        "Total Expenses": 12197000.0,
        "Total Operating Income As Reported": -5202000.0,
        "Diluted Average Shares": 27371000.0,
        "Basic Average Shares": 27371000.0,
        "Diluted EPS": -0.21,
        "Basic EPS": -0.21,
        "Diluted NI Availto Com Stockholders": -5735000.0,
        "Net Income Common Stockholders": -5735000.0,
        "Net Income": -5735000.0,
        "Net Income Including Noncontrolling Interests": -5735000.0,
        "Net Income Continuous Operations": -5735000.0,
        "Pretax Income": -5735000.0,
        "Other Income Expense": -3000.0,
        "Gain On Sale Of Security": -3000.0,
        "Net Non Operating Interest Income Expense": -509000.0,
        "Total Other Finance Cost": NaN,
        "Interest Expense Non Operating": 1025000.0,
        "Interest Income Non Operating": 516000.0,
        "Operating Income": -5223000.0,
        "Operating Expense": 10840000.0,
        "Depreciation Amortization Depletion Income Statement": 21000.0,
        "Depreciation And Amortization In Income Statement": 21000.0,
        "Amortization": 21000.0,
        "Amortization Of Intangibles Income Statement": 21000.0,
        "Research And Development": 97000.0,
        "Selling General And Administration": 10722000.0,
        "Selling And Marketing Expense": 4601000.0,
        "General And Administrative Expense": 6121000.0,
        "Other Gand A": 6121000.0,
        "Gross Profit": 5617000.0,
        "Cost Of Revenue": 1357000.0,
        "Total Revenue": 6974000.0,
        "Operating Revenue": 7986000.0
    }
}