{
    "2023-04-30": {
        "Tax Effect Of Unusual Items": NaN,
        "Tax Rate For Calcs": NaN,
        "Normalized EBITDA": NaN,
        "Total Unusual Items": -127000000.0,
        "Total Unusual Items Excluding Goodwill": -127000000.0,
        "Net Income From Continuing Operation Net Minority Interest": NaN,
        "Reconciled Depreciation": NaN,
        "Reconciled Cost Of Revenue": NaN,
        "EBITDA": NaN,
        "EBIT": NaN,
        "Net Interest Income": NaN,
        "Interest Expense": NaN,
        "Normalized Income": NaN,
        "Net Income From Continuing And Discontinued Operation": NaN,
        "Total Expenses": NaN,
        "Total Operating Income As Reported": NaN,
        "Diluted Average Shares": NaN,
        "Basic Average Shares": NaN,
        "Diluted EPS": NaN,
        "Basic EPS": NaN,
        "Diluted NI Availto Com Stockholders": NaN,
        "Net Income Common Stockholders": NaN,
        "Otherunder Preferred Stock Dividend": NaN,
        "Net Income": NaN,
        "Net Income Including Noncontrolling Interests": NaN,
        "Net Income Discontinuous Operations": 0.0,
        "Net Income Continuous Operations": NaN,
        "Tax Provision": NaN,
        "Pretax Income": NaN,
        "Other Non Operating Income Expenses": NaN,
        "Special Income Charges": -127000000.0,
        "Impairment Of Capital Assets": 127000000.0,
        "Net Non Operating Interest Income Expense": NaN,
        "Interest Expense Non Operating": NaN,
        "Operating Income": NaN,
        "Operating Expense": NaN,
        "Depreciation And Amortization In Income Statement": NaN,
        "Depreciation Income Statement": NaN,
        "Selling General And Administration": NaN,
        "General And Administrative Expense": NaN,
        "Gross Profit": NaN,
        "Cost Of Revenue": NaN,
        "Total Revenue": NaN,
        "Operating Revenue": NaN
    },
    "2023-01-31": {
        "Tax Effect Of Unusual Items": NaN,
        "Tax Rate For Calcs": NaN,
        "Normalized EBITDA": NaN,
        "Total Unusual Items": NaN,
        "Total Unusual Items Excluding Goodwill": NaN,
        "Net Income From Continuing Operation Net Minority Interest": NaN,
        "Reconciled Depreciation": NaN,
        "Reconciled Cost Of Revenue": NaN,
        "EBITDA": NaN,
        "EBIT": NaN,
        "Net Interest Income": NaN,
        "Interest Expense": NaN,
        "Normalized Income": NaN,
        "Net Income From Continuing And Discontinued Operation": NaN,
        "Total Expenses": NaN,
        "Total Operating Income As Reported": NaN,
        "Diluted Average Shares": NaN,
        "Basic Average Shares": NaN,
        "Diluted EPS": NaN,
        "Basic EPS": NaN,
        "Diluted NI Availto Com Stockholders": NaN,
        "Net Income Common Stockholders": NaN,
        "Otherunder Preferred Stock Dividend": NaN,
        "Net Income": NaN,
        "Net Income Including Noncontrolling Interests": NaN,
        "Net Income Discontinuous Operations": 0.0,
        "Net Income Continuous Operations": NaN,
        "Tax Provision": NaN,
        "Pretax Income": NaN,
        "Other Non Operating Income Expenses": NaN,
        "Special Income Charges": NaN,
        "Impairment Of Capital Assets": NaN,
        "Net Non Operating Interest Income Expense": NaN,
        "Interest Expense Non Operating": NaN,
        "Operating Income": NaN,
        "Operating Expense": NaN,
        "Depreciation And Amortization In Income Statement": NaN,
        "Depreciation Income Statement": NaN,
        "Selling General And Administration": NaN,
        "General And Administrative Expense": NaN,
        "Gross Profit": NaN,
        "Cost Of Revenue": NaN,
        "Total Revenue": NaN,
        "Operating Revenue": NaN
    },
    "2022-10-31": {
        "Tax Effect Of Unusual Items": NaN,
        "Tax Rate For Calcs": NaN,
        "Normalized EBITDA": NaN,
        "Total Unusual Items": NaN,
        "Total Unusual Items Excluding Goodwill": NaN,
        "Net Income From Continuing Operation Net Minority Interest": NaN,
        "Reconciled Depreciation": NaN,
        "Reconciled Cost Of Revenue": NaN,
        "EBITDA": NaN,
        "EBIT": NaN,
        "Net Interest Income": NaN,
        "Interest Expense": NaN,
        "Normalized Income": NaN,
        "Net Income From Continuing And Discontinued Operation": NaN,
        "Total Expenses": NaN,
        "Total Operating Income As Reported": NaN,
        "Diluted Average Shares": NaN,
        "Basic Average Shares": NaN,
        "Diluted EPS": NaN,
        "Basic EPS": NaN,
        "Diluted NI Availto Com Stockholders": NaN,
        "Net Income Common Stockholders": NaN,
        "Otherunder Preferred Stock Dividend": NaN,
        "Net Income": NaN,
        "Net Income Including Noncontrolling Interests": NaN,
        "Net Income Discontinuous Operations": 0.0,
        "Net Income Continuous Operations": NaN,
        "Tax Provision": NaN,
        "Pretax Income": NaN,
        "Other Non Operating Income Expenses": NaN,
        "Special Income Charges": NaN,
        "Impairment Of Capital Assets": NaN,
        "Net Non Operating Interest Income Expense": NaN,
        "Interest Expense Non Operating": NaN,
        "Operating Income": NaN,
        "Operating Expense": NaN,
        "Depreciation And Amortization In Income Statement": NaN,
        "Depreciation Income Statement": NaN,
        "Selling General And Administration": NaN,
        "General And Administrative Expense": NaN,
        "Gross Profit": NaN,
        "Cost Of Revenue": NaN,
        "Total Revenue": NaN,
        "Operating Revenue": NaN
    },
    "2022-07-31": {
        "Tax Effect Of Unusual Items": 0.0,
        "Tax Rate For Calcs": 0.249032,
        "Normalized EBITDA": 892000000.0,
        "Total Unusual Items": NaN,
        "Total Unusual Items Excluding Goodwill": NaN,
        "Net Income From Continuing Operation Net Minority Interest": 582000000.0,
        "Reconciled Depreciation": 77000000.0,
        "Reconciled Cost Of Revenue": 5536000000.0,
        "EBITDA": 892000000.0,
        "EBIT": 815000000.0,
        "Net Interest Income": -40000000.0,
        "Interest Expense": 40000000.0,
        "Normalized Income": 582000000.0,
        "Net Income From Continuing And Discontinued Operation": 580000000.0,
        "Total Expenses": 7157000000.0,
        "Total Operating Income As Reported": 814000000.0,
        "Diluted Average Shares": 213800000.0,
        "Basic Average Shares": 212300000.0,
        "Diluted EPS": 2.7,
        "Basic EPS": 2.73,
        "Diluted NI Availto Com Stockholders": 580000000.0,
        "Net Income Common Stockholders": 580000000.0,
        "Otherunder Preferred Stock Dividend": 0.0,
        "Net Income": 580000000.0,
        "Net Income Including Noncontrolling Interests": 580000000.0,
        "Net Income Discontinuous Operations": -2000000.0,
        "Net Income Continuous Operations": 582000000.0,
        "Tax Provision": 193000000.0,
        "Pretax Income": 775000000.0,
        "Other Non Operating Income Expenses": 1000000.0,
        "Special Income Charges": NaN,
        "Impairment Of Capital Assets": NaN,
        "Net Non Operating Interest Income Expense": -40000000.0,
        "Interest Expense Non Operating": 40000000.0,
        "Operating Income": 814000000.0,
        "Operating Expense": 1621000000.0,
        "Depreciation And Amortization In Income Statement": 77000000.0,
        "Depreciation Income Statement": 77000000.0,
        "Selling General And Administration": 1544000000.0,
        "General And Administrative Expense": 1544000000.0,
        "Gross Profit": 2435000000.0,
        "Cost Of Revenue": 5536000000.0,
        "Total Revenue": 7971000000.0,
        "Operating Revenue": 7971000000.0
    },
    "2022-04-30": {
        "Diluted EPS": 25.0,
        "Total Revenue": NaN,
        "Gross Profit": NaN,
        "Operating Income": 712,
        "EBIT": 790,
        "Net Income": 546
    },
    "2022-01-31": {
        "Diluted EPS": 0.0,
        "Total Revenue": NaN,
        "Gross Profit": NaN,
        "Operating Income": NaN,
        "Net Income": NaN
    },
    "2021-10-31": {
        "Diluted EPS": 25.1,
        "Total Revenue": NaN,
        "Gross Profit": NaN,
        "Operating Income": 739,
        "EBIT": 813,
        "Net Income": 560
    },
    "2021-07-31": {
        "Diluted EPS": 0.0,
        "Total Revenue": NaN,
        "Gross Profit": NaN,
        "Operating Income": NaN,
        "EBIT": NaN,
        "Net Income": NaN
    },
    "2021-04-30": {
        "Diluted EPS": 16.4,
        "Total Revenue": NaN,
        "Gross Profit": NaN,
        "Operating Income": 520,
        "EBIT": 593,
        "Net Income": 369
    },
    "2021-01-31": {
        "Diluted EPS": 0.0,
        "Total Revenue": NaN,
        "Gross Profit": NaN,
        "Operating Income": NaN,
        "EBIT": NaN,
        "Net Income": NaN
    },
    "2020-10-31": {
        "Diluted EPS": 14.9,
        "Total Revenue": NaN,
        "Gross Profit": NaN,
        "Operating Income": 450,
        "EBIT": 518,
        "Net Income": 335
    },
    "2020-07-31": {
        "Diluted EPS": 0.0,
        "Total Revenue": NaN,
        "Gross Profit": NaN,
        "Operating Income": NaN,
        "EBIT": NaN,
        "Net Income": NaN
    },
    "2019-07-31": {
        "Diluted EPS": 0.0,
        "Total Revenue": NaN,
        "Gross Profit": NaN,
        "Operating Income": NaN,
        "EBIT": NaN,
        "Net Income": NaN
    },
    "2018-07-31": {
        "Diluted EPS": 0.0,
        "Total Revenue": NaN,
        "Gross Profit": NaN,
        "Operating Income": NaN,
        "EBIT": NaN,
        "Net Income": NaN
    },
    "2018-01-31": {
        "Diluted EPS": 0.0,
        "Total Revenue": NaN,
        "Gross Profit": NaN,
        "Operating Income": NaN,
        "EBIT": NaN,
        "Net Income": NaN
    },
    "2017-07-31": {
        "Diluted EPS": 0.0,
        "Total Revenue": NaN,
        "Gross Profit": NaN,
        "Operating Income": NaN,
        "EBIT": NaN,
        "Net Income": NaN
    },
    "2017-01-31": {
        "Diluted EPS": 0.0,
        "Total Revenue": NaN,
        "Gross Profit": NaN,
        "Operating Income": NaN,
        "EBIT": NaN,
        "Net Income": NaN
    },
    "2016-07-31": {
        "Diluted EPS": 0.0,
        "Total Revenue": NaN,
        "Gross Profit": NaN,
        "Operating Income": NaN,
        "EBIT": NaN,
        "Net Income": NaN
    },
    "2016-01-31": {
        "Diluted EPS": 0.0,
        "Total Revenue": NaN,
        "Gross Profit": NaN,
        "Operating Income": NaN,
        "EBIT": NaN,
        "Net Income": NaN
    },
    "2015-07-31": {
        "Diluted EPS": 0.0,
        "Total Revenue": NaN,
        "Gross Profit": NaN,
        "Operating Income": NaN,
        "EBIT": NaN,
        "Net Income": NaN
    },
    "2015-01-31": {
        "Diluted EPS": 0.0,
        "Total Revenue": NaN,
        "Gross Profit": NaN,
        "Operating Income": NaN,
        "EBIT": NaN,
        "Net Income": NaN
    },
    "2014-07-31": {
        "Diluted EPS": 0.0,
        "Total Revenue": NaN,
        "Gross Profit": NaN,
        "Operating Income": NaN,
        "EBIT": NaN,
        "Net Income": NaN
    },
    "2014-01-31": {
        "Diluted EPS": 0.0,
        "Total Revenue": NaN,
        "Gross Profit": NaN,
        "Operating Income": NaN,
        "EBIT": NaN,
        "Net Income": NaN
    },
    "2013-07-31": {
        "Diluted EPS": 0.0,
        "Total Revenue": NaN,
        "Gross Profit": NaN,
        "Operating Income": NaN,
        "EBIT": NaN,
        "Net Income": NaN
    },
    "2013-01-31": {
        "Diluted EPS": 0.0,
        "Total Revenue": NaN,
        "Gross Profit": NaN,
        "Operating Income": NaN,
        "EBIT": NaN,
        "Net Income": NaN
    },
    "2012-07-31": {
        "Diluted EPS": 0.0,
        "Total Revenue": NaN,
        "Gross Profit": NaN,
        "Operating Income": NaN,
        "EBIT": NaN,
        "Net Income": NaN
    },
    "2012-01-31": {
        "Diluted EPS": 0.0,
        "Total Revenue": NaN,
        "Gross Profit": NaN,
        "Operating Income": NaN,
        "EBIT": NaN,
        "Net Income": NaN
    },
    "2011-07-31": {
        "Diluted EPS": 0.0,
        "Total Revenue": NaN,
        "Gross Profit": NaN,
        "Operating Income": NaN,
        "EBIT": NaN,
        "Net Income": NaN
    },
    "2011-04-30": {
        "Diluted EPS": 0.0,
        "Total Revenue": NaN,
        "Gross Profit": NaN,
        "Operating Income": NaN,
        "EBIT": NaN,
        "Net Income": NaN
    },
    "2011-01-31": {
        "Diluted EPS": 0.0,
        "Total Revenue": NaN,
        "Gross Profit": NaN,
        "Operating Income": NaN,
        "EBIT": NaN,
        "Net Income": NaN
    },
    "2010-07-31": {
        "Diluted EPS": 0.0,
        "Total Revenue": NaN,
        "Gross Profit": NaN,
        "Operating Income": NaN,
        "EBIT": NaN,
        "Net Income": NaN
    },
    "2010-01-31": {
        "Diluted EPS": 0.0,
        "Total Revenue": NaN,
        "Gross Profit": NaN,
        "Operating Income": NaN,
        "EBIT": NaN,
        "Net Income": NaN
    },
    "2009-07-31": {
        "Diluted EPS": 0.0,
        "Total Revenue": NaN,
        "Gross Profit": NaN,
        "Operating Income": NaN,
        "EBIT": NaN,
        "Net Income": NaN
    },
    "2009-01-31": {
        "Diluted EPS": 0.0,
        "Total Revenue": NaN,
        "Gross Profit": NaN,
        "Operating Income": NaN,
        "EBIT": NaN,
        "Net Income": NaN
    },
    "2023-07-31": {
        "Tax Effect Of Unusual Items": NaN,
        "Tax Rate For Calcs": NaN,
        "Normalized EBITDA": NaN,
        "Total Unusual Items": 2000000.0,
        "Total Unusual Items Excluding Goodwill": 2000000.0,
        "Net Income From Continuing Operation Net Minority Interest": NaN,
        "Reconciled Depreciation": NaN,
        "Reconciled Cost Of Revenue": NaN,
        "EBITDA": NaN,
        "EBIT": NaN,
        "Net Interest Income": NaN,
        "Interest Expense": NaN,
        "Normalized Income": NaN,
        "Net Income From Continuing And Discontinued Operation": NaN,
        "Total Expenses": NaN,
        "Total Operating Income As Reported": NaN,
        "Diluted Average Shares": NaN,
        "Basic Average Shares": NaN,
        "Diluted EPS": NaN,
        "Basic EPS": NaN,
        "Diluted NI Availto Com Stockholders": NaN,
        "Net Income Common Stockholders": NaN,
        "Otherunder Preferred Stock Dividend": NaN,
        "Net Income": NaN,
        "Net Income Including Noncontrolling Interests": NaN,
        "Net Income Discontinuous Operations": 0.0,
        "Net Income Continuous Operations": NaN,
        "Tax Provision": NaN,
        "Pretax Income": NaN,
        "Other Non Operating Income Expenses": -4000000.0,
        "Special Income Charges": 2000000.0,
        "Impairment Of Capital Assets": -2000000.0,
        "Net Non Operating Interest Income Expense": NaN,
        "Interest Expense Non Operating": NaN,
        "Operating Income": NaN,
        "Operating Expense": NaN,
        "Depreciation And Amortization In Income Statement": NaN,
        "Depreciation Income Statement": NaN,
        "Selling General And Administration": NaN,
        "General And Administrative Expense": NaN,
        "Gross Profit": NaN,
        "Cost Of Revenue": NaN,
        "Total Revenue": NaN,
        "Operating Revenue": NaN
    },
    "2023-10-31": {
        "Tax Effect Of Unusual Items": 0.0,
        "Tax Rate For Calcs": 0.248915,
        "Normalized EBITDA": 816000000.0,
        "Total Unusual Items": NaN,
        "Total Unusual Items Excluding Goodwill": NaN,
        "Net Income From Continuing Operation Net Minority Interest": 519000000.0,
        "Reconciled Depreciation": 80000000.0,
        "Reconciled Cost Of Revenue": 5377000000.0,
        "EBITDA": 816000000.0,
        "EBIT": 736000000.0,
        "Net Interest Income": -45000000.0,
        "Interest Expense": 45000000.0,
        "Normalized Income": 519000000.0,
        "Net Income From Continuing And Discontinued Operation": 519000000.0,
        "Total Expenses": 6969000000.0,
        "Total Operating Income As Reported": 739000000.0,
        "Diluted Average Shares": 204600000.0,
        "Basic Average Shares": 203800000.0,
        "Diluted EPS": 2.54,
        "Basic EPS": 2.55,
        "Diluted NI Availto Com Stockholders": 519000000.0,
        "Net Income Common Stockholders": 519000000.0,
        "Otherunder Preferred Stock Dividend": 0.0,
        "Net Income": 519000000.0,
        "Net Income Including Noncontrolling Interests": 519000000.0,
        "Net Income Discontinuous Operations": NaN,
        "Net Income Continuous Operations": 519000000.0,
        "Tax Provision": 172000000.0,
        "Pretax Income": 691000000.0,
        "Other Non Operating Income Expenses": -3000000.0,
        "Special Income Charges": NaN,
        "Impairment Of Capital Assets": NaN,
        "Net Non Operating Interest Income Expense": -45000000.0,
        "Interest Expense Non Operating": 45000000.0,
        "Operating Income": 739000000.0,
        "Operating Expense": 1592000000.0,
        "Depreciation And Amortization In Income Statement": 80000000.0,
        "Depreciation Income Statement": 80000000.0,
        "Selling General And Administration": 1512000000.0,
        "General And Administrative Expense": 1512000000.0,
        "Gross Profit": 2331000000.0,
        "Cost Of Revenue": 5377000000.0,
        "Total Revenue": 7708000000.0,
        "Operating Revenue": 7708000000.0
    },
    "2024-01-31": {
        "Tax Effect Of Unusual Items": 0.0,
        "Tax Rate For Calcs": 0.256,
        "Normalized EBITDA": 560000000.0,
        "Total Unusual Items": NaN,
        "Total Unusual Items Excluding Goodwill": NaN,
        "Net Income From Continuing Operation Net Minority Interest": 322000000.0,
        "Reconciled Depreciation": 83000000.0,
        "Reconciled Cost Of Revenue": 4644000000.0,
        "EBITDA": 560000000.0,
        "EBIT": 477000000.0,
        "Net Interest Income": -44000000.0,
        "Interest Expense": 44000000.0,
        "Normalized Income": 322000000.0,
        "Net Income From Continuing And Discontinued Operation": 322000000.0,
        "Total Expenses": 6196000000.0,
        "Total Operating Income As Reported": 477000000.0,
        "Diluted Average Shares": 203900000.0,
        "Basic Average Shares": 203400000.0,
        "Diluted EPS": 1.58,
        "Basic EPS": 1.58,
        "Diluted NI Availto Com Stockholders": 322000000.0,
        "Net Income Common Stockholders": 322000000.0,
        "Otherunder Preferred Stock Dividend": 0.0,
        "Net Income": 322000000.0,
        "Net Income Including Noncontrolling Interests": 322000000.0,
        "Net Income Discontinuous Operations": NaN,
        "Net Income Continuous Operations": 322000000.0,
        "Tax Provision": 111000000.0,
        "Pretax Income": 433000000.0,
        "Other Non Operating Income Expenses": NaN,
        "Special Income Charges": NaN,
        "Impairment Of Capital Assets": NaN,
        "Net Non Operating Interest Income Expense": -44000000.0,
        "Interest Expense Non Operating": 44000000.0,
        "Operating Income": 477000000.0,
        "Operating Expense": 1552000000.0,
        "Depreciation And Amortization In Income Statement": 83000000.0,
        "Depreciation Income Statement": 83000000.0,
        "Selling General And Administration": 1469000000.0,
        "General And Administrative Expense": 1469000000.0,
        "Gross Profit": 2029000000.0,
        "Cost Of Revenue": 4644000000.0,
        "Total Revenue": 6673000000.0,
        "Operating Revenue": 6673000000.0
    },
    "2024-04-30": {
        "Tax Effect Of Unusual Items": 0.0,
        "Tax Rate For Calcs": 0.238,
        "Normalized EBITDA": 709000000.0,
        "Total Unusual Items": 0.0,
        "Total Unusual Items Excluding Goodwill": 0.0,
        "Net Income From Continuing Operation Net Minority Interest": 443000000.0,
        "Reconciled Depreciation": 85000000.0,
        "Reconciled Cost Of Revenue": 5076000000.0,
        "EBITDA": 709000000.0,
        "EBIT": 624000000.0,
        "Net Interest Income": -43000000.0,
        "Interest Expense": 43000000.0,
        "Normalized Income": 443000000.0,
        "Net Income From Continuing And Discontinued Operation": 443000000.0,
        "Total Expenses": 6683000000.0,
        "Total Operating Income As Reported": 625000000.0,
        "Diluted Average Shares": 203200000.0,
        "Basic Average Shares": 202600000.0,
        "Diluted EPS": 2.18,
        "Basic EPS": 2.19,
        "Diluted NI Availto Com Stockholders": 443000000.0,
        "Net Income Common Stockholders": 443000000.0,
        "Otherunder Preferred Stock Dividend": 0.0,
        "Net Income": 443000000.0,
        "Net Income Including Noncontrolling Interests": 443000000.0,
        "Net Income Discontinuous Operations": NaN,
        "Net Income Continuous Operations": 443000000.0,
        "Tax Provision": 138000000.0,
        "Pretax Income": 581000000.0,
        "Other Non Operating Income Expenses": -1000000.0,
        "Special Income Charges": 0.0,
        "Impairment Of Capital Assets": 0.0,
        "Net Non Operating Interest Income Expense": -43000000.0,
        "Interest Expense Non Operating": 43000000.0,
        "Operating Income": 625000000.0,
        "Operating Expense": 1607000000.0,
        "Depreciation And Amortization In Income Statement": 85000000.0,
        "Depreciation Income Statement": 85000000.0,
        "Selling General And Administration": 1522000000.0,
        "General And Administrative Expense": 1522000000.0,
        "Gross Profit": 2232000000.0,
        "Cost Of Revenue": 5076000000.0,
        "Total Revenue": 7308000000.0,
        "Operating Revenue": 7308000000.0
    },
    "2024-07-31": {
        "Tax Effect Of Unusual Items": 0.0,
        "Tax Rate For Calcs": 0.21,
        "Normalized EBITDA": 893000000.0,
        "Total Unusual Items": 0.0,
        "Total Unusual Items Excluding Goodwill": 0.0,
        "Net Income From Continuing Operation Net Minority Interest": 451000000.0,
        "Reconciled Depreciation": 87000000.0,
        "Reconciled Cost Of Revenue": 5485000000.0,
        "EBITDA": 893000000.0,
        "EBIT": 806000000.0,
        "Net Interest Income": -47000000.0,
        "Interest Expense": 47000000.0,
        "Normalized Income": 451000000.0,
        "Net Income From Continuing And Discontinued Operation": 451000000.0,
        "Total Expenses": 7135000000.0,
        "Total Operating Income As Reported": 811000000.0,
        "Diluted Average Shares": 202300000.0,
        "Basic Average Shares": 201700000.0,
        "Diluted EPS": 2.23,
        "Basic EPS": 2.24,
        "Diluted NI Availto Com Stockholders": 451000000.0,
        "Net Income Common Stockholders": 451000000.0,
        "Otherunder Preferred Stock Dividend": 0.0,
        "Net Income": 451000000.0,
        "Net Income Including Noncontrolling Interests": 451000000.0,
        "Net Income Discontinuous Operations": NaN,
        "Net Income Continuous Operations": 451000000.0,
        "Tax Provision": 308000000.0,
        "Pretax Income": 759000000.0,
        "Other Non Operating Income Expenses": -5000000.0,
        "Special Income Charges": 0.0,
        "Impairment Of Capital Assets": 0.0,
        "Net Non Operating Interest Income Expense": -47000000.0,
        "Interest Expense Non Operating": 47000000.0,
        "Operating Income": 811000000.0,
        "Operating Expense": 1650000000.0,
        "Depreciation And Amortization In Income Statement": 87000000.0,
        "Depreciation Income Statement": 87000000.0,
        "Selling General And Administration": 1563000000.0,
        "General And Administrative Expense": 1563000000.0,
        "Gross Profit": 2461000000.0,
        "Cost Of Revenue": 5485000000.0,
        "Total Revenue": 7946000000.0,
        "Operating Revenue": 7946000000.0
    },
    "2024-10-31": {
        "Tax Effect Of Unusual Items": 0.0,
        "Tax Rate For Calcs": 0.247,
        "Normalized EBITDA": 760000000.0,
        "Total Unusual Items": NaN,
        "Total Unusual Items Excluding Goodwill": NaN,
        "Net Income From Continuing Operation Net Minority Interest": 470000000.0,
        "Reconciled Depreciation": 90000000.0,
        "Reconciled Cost Of Revenue": 5432000000.0,
        "EBITDA": 760000000.0,
        "EBIT": 670000000.0,
        "Net Interest Income": -46000000.0,
        "Interest Expense": 46000000.0,
        "Normalized Income": 470000000.0,
        "Net Income From Continuing And Discontinued Operation": 470000000.0,
        "Total Expenses": 7107000000.0,
        "Total Operating Income As Reported": 665000000.0,
        "Diluted Average Shares": 201300000.0,
        "Basic Average Shares": 200800000.0,
        "Diluted EPS": 2.34,
        "Basic EPS": 2.34,
        "Diluted NI Availto Com Stockholders": 470000000.0,
        "Net Income Common Stockholders": 470000000.0,
        "Otherunder Preferred Stock Dividend": 0.0,
        "Net Income": 470000000.0,
        "Net Income Including Noncontrolling Interests": 470000000.0,
        "Net Income Discontinuous Operations": NaN,
        "Net Income Continuous Operations": 470000000.0,
        "Tax Provision": 154000000.0,
        "Pretax Income": 624000000.0,
        "Other Non Operating Income Expenses": 5000000.0,
        "Special Income Charges": NaN,
        "Impairment Of Capital Assets": NaN,
        "Net Non Operating Interest Income Expense": -46000000.0,
        "Interest Expense Non Operating": 46000000.0,
        "Operating Income": 665000000.0,
        "Operating Expense": 1675000000.0,
        "Depreciation And Amortization In Income Statement": 90000000.0,
        "Depreciation Income Statement": 90000000.0,
        "Selling General And Administration": 1585000000.0,
        "General And Administrative Expense": 1585000000.0,
        "Gross Profit": 2340000000.0,
        "Cost Of Revenue": 5432000000.0,
        "Total Revenue": 7772000000.0,
        "Operating Revenue": 7772000000.0
    }
}