{
    "2023-03-31": {
        "Tax Effect Of Unusual Items": NaN,
        "Tax Rate For Calcs": NaN,
        "Normalized EBITDA": NaN,
        "Total Unusual Items": 533000.0,
        "Total Unusual Items Excluding Goodwill": 533000.0,
        "Net Income From Continuing Operation Net Minority Interest": NaN,
        "Reconciled Depreciation": NaN,
        "Reconciled Cost Of Revenue": NaN,
        "EBITDA": NaN,
        "EBIT": NaN,
        "Net Interest Income": NaN,
        "Interest Expense": NaN,
        "Interest Income": NaN,
        "Normalized Income": NaN,
        "Net Income From Continuing And Discontinued Operation": NaN,
        "Total Expenses": NaN,
        "Total Operating Income As Reported": NaN,
        "Diluted Average Shares": 43766536.0,
        "Basic Average Shares": 43763243.0,
        "Diluted EPS": 0.48,
        "Basic EPS": 0.48,
        "Diluted NI Availto Com Stockholders": NaN,
        "Net Income Common Stockholders": NaN,
        "Net Income": NaN,
        "Net Income Including Noncontrolling Interests": NaN,
        "Net Income Continuous Operations": NaN,
        "Tax Provision": NaN,
        "Pretax Income": NaN,
        "Other Income Expense": 534000.0,
        "Other Non Operating Income Expenses": 1000.0,
        "Gain On Sale Of Security": 533000.0,
        "Net Non Operating Interest Income Expense": NaN,
        "Interest Expense Non Operating": NaN,
        "Interest Income Non Operating": NaN,
        "Operating Income": NaN,
        "Operating Expense": NaN,
        "Research And Development": NaN,
        "Selling General And Administration": NaN,
        "General And Administrative Expense": NaN,
        "Other Gand A": NaN,
        "Salaries And Wages": NaN,
        "Gross Profit": NaN,
        "Cost Of Revenue": NaN,
        "Total Revenue": NaN,
        "Operating Revenue": NaN
    },
    "2022-12-31": {
        "Tax Effect Of Unusual Items": NaN,
        "Tax Rate For Calcs": NaN,
        "Normalized EBITDA": NaN,
        "Total Unusual Items": -590000.0,
        "Total Unusual Items Excluding Goodwill": -590000.0,
        "Net Income From Continuing Operation Net Minority Interest": NaN,
        "Reconciled Depreciation": NaN,
        "Reconciled Cost Of Revenue": NaN,
        "EBITDA": NaN,
        "EBIT": NaN,
        "Net Interest Income": NaN,
        "Interest Expense": NaN,
        "Interest Income": NaN,
        "Normalized Income": NaN,
        "Net Income From Continuing And Discontinued Operation": NaN,
        "Total Expenses": NaN,
        "Total Operating Income As Reported": NaN,
        "Diluted Average Shares": NaN,
        "Basic Average Shares": NaN,
        "Diluted EPS": NaN,
        "Basic EPS": NaN,
        "Diluted NI Availto Com Stockholders": NaN,
        "Net Income Common Stockholders": NaN,
        "Net Income": NaN,
        "Net Income Including Noncontrolling Interests": NaN,
        "Net Income Continuous Operations": NaN,
        "Tax Provision": NaN,
        "Pretax Income": NaN,
        "Other Income Expense": NaN,
        "Other Non Operating Income Expenses": -1000.0,
        "Gain On Sale Of Security": -590000.0,
        "Net Non Operating Interest Income Expense": NaN,
        "Interest Expense Non Operating": NaN,
        "Interest Income Non Operating": NaN,
        "Operating Income": NaN,
        "Operating Expense": NaN,
        "Research And Development": NaN,
        "Selling General And Administration": NaN,
        "General And Administrative Expense": 2394000.0,
        "Other Gand A": 1190000.0,
        "Salaries And Wages": 1204000.0,
        "Gross Profit": NaN,
        "Cost Of Revenue": NaN,
        "Total Revenue": NaN,
        "Operating Revenue": NaN
    },
    "2022-09-30": {
        "Tax Effect Of Unusual Items": NaN,
        "Tax Rate For Calcs": NaN,
        "Normalized EBITDA": NaN,
        "Total Unusual Items": -590000.0,
        "Total Unusual Items Excluding Goodwill": -590000.0,
        "Net Income From Continuing Operation Net Minority Interest": NaN,
        "Reconciled Depreciation": NaN,
        "Reconciled Cost Of Revenue": NaN,
        "EBITDA": NaN,
        "EBIT": NaN,
        "Net Interest Income": NaN,
        "Interest Expense": NaN,
        "Interest Income": NaN,
        "Normalized Income": NaN,
        "Net Income From Continuing And Discontinued Operation": NaN,
        "Total Expenses": NaN,
        "Total Operating Income As Reported": NaN,
        "Diluted Average Shares": NaN,
        "Basic Average Shares": NaN,
        "Diluted EPS": NaN,
        "Basic EPS": NaN,
        "Diluted NI Availto Com Stockholders": NaN,
        "Net Income Common Stockholders": NaN,
        "Net Income": NaN,
        "Net Income Including Noncontrolling Interests": NaN,
        "Net Income Continuous Operations": NaN,
        "Tax Provision": NaN,
        "Pretax Income": NaN,
        "Other Income Expense": NaN,
        "Other Non Operating Income Expenses": -1000.0,
        "Gain On Sale Of Security": -590000.0,
        "Net Non Operating Interest Income Expense": NaN,
        "Interest Expense Non Operating": NaN,
        "Interest Income Non Operating": NaN,
        "Operating Income": NaN,
        "Operating Expense": NaN,
        "Research And Development": NaN,
        "Selling General And Administration": NaN,
        "General And Administrative Expense": 2128000.0,
        "Other Gand A": 1149000.0,
        "Salaries And Wages": 979000.0,
        "Gross Profit": NaN,
        "Cost Of Revenue": NaN,
        "Total Revenue": NaN,
        "Operating Revenue": NaN
    },
    "2022-06-30": {
        "Tax Effect Of Unusual Items": -751448.0,
        "Tax Rate For Calcs": 0.232,
        "Normalized EBITDA": 1936000.0,
        "Total Unusual Items": -3239000.0,
        "Total Unusual Items Excluding Goodwill": -3239000.0,
        "Net Income From Continuing Operation Net Minority Interest": -3104000.0,
        "Reconciled Depreciation": 2706000.0,
        "Reconciled Cost Of Revenue": 116819000.0,
        "EBITDA": -1303000.0,
        "EBIT": -4009000.0,
        "Net Interest Income": 714000.0,
        "Interest Expense": 33000.0,
        "Interest Income": 747000.0,
        "Normalized Income": -616448.0,
        "Net Income From Continuing And Discontinued Operation": -3104000.0,
        "Total Expenses": 119311000.0,
        "Total Operating Income As Reported": -1515000.0,
        "Diluted Average Shares": 43763243.0,
        "Basic Average Shares": 43763243.0,
        "Diluted EPS": -0.07,
        "Basic EPS": -0.07,
        "Diluted NI Availto Com Stockholders": -3104000.0,
        "Net Income Common Stockholders": -3104000.0,
        "Net Income": -3104000.0,
        "Net Income Including Noncontrolling Interests": -3104000.0,
        "Net Income Continuous Operations": -3104000.0,
        "Tax Provision": -938000.0,
        "Pretax Income": -4042000.0,
        "Other Income Expense": -3241000.0,
        "Other Non Operating Income Expenses": -2000.0,
        "Gain On Sale Of Security": -3239000.0,
        "Net Non Operating Interest Income Expense": 714000.0,
        "Interest Expense Non Operating": 33000.0,
        "Interest Income Non Operating": 747000.0,
        "Operating Income": -1515000.0,
        "Operating Expense": 2492000.0,
        "Research And Development": 755000.0,
        "Selling General And Administration": 1737000.0,
        "General And Administrative Expense": 1737000.0,
        "Other Gand A": 1036000.0,
        "Salaries And Wages": 701000.0,
        "Gross Profit": 977000.0,
        "Cost Of Revenue": 116819000.0,
        "Total Revenue": 117796000.0,
        "Operating Revenue": 117796000.0
    },
    "2023-06-30": {
        "Tax Effect Of Unusual Items": 8820.0,
        "Tax Rate For Calcs": 0.21,
        "Normalized EBITDA": -7248000.0,
        "Total Unusual Items": 42000.0,
        "Total Unusual Items Excluding Goodwill": 42000.0,
        "Net Income From Continuing Operation Net Minority Interest": -9859000.0,
        "Reconciled Depreciation": 2604000.0,
        "Reconciled Cost Of Revenue": 93900000.0,
        "EBITDA": -7206000.0,
        "EBIT": -9810000.0,
        "Net Interest Income": 1698000.0,
        "Interest Expense": 34000.0,
        "Interest Income": 1732000.0,
        "Normalized Income": -9892180.0,
        "Net Income From Continuing And Discontinued Operation": -9859000.0,
        "Total Expenses": 96891000.0,
        "Total Operating Income As Reported": -11583000.0,
        "Diluted Average Shares": 43763243.0,
        "Basic Average Shares": 43763243.0,
        "Diluted EPS": -0.23,
        "Basic EPS": -0.23,
        "Diluted NI Availto Com Stockholders": -9859000.0,
        "Net Income Common Stockholders": -9859000.0,
        "Net Income": -9859000.0,
        "Net Income Including Noncontrolling Interests": -9859000.0,
        "Net Income Continuous Operations": -9859000.0,
        "Tax Provision": 15000.0,
        "Pretax Income": -9844000.0,
        "Other Income Expense": 41000.0,
        "Other Non Operating Income Expenses": -1000.0,
        "Gain On Sale Of Security": 42000.0,
        "Net Non Operating Interest Income Expense": 1698000.0,
        "Interest Expense Non Operating": 34000.0,
        "Interest Income Non Operating": 1732000.0,
        "Operating Income": -11583000.0,
        "Operating Expense": 2991000.0,
        "Research And Development": 1007000.0,
        "Selling General And Administration": 1984000.0,
        "General And Administrative Expense": NaN,
        "Other Gand A": NaN,
        "Salaries And Wages": NaN,
        "Gross Profit": -8592000.0,
        "Cost Of Revenue": 93900000.0,
        "Total Revenue": 85308000.0,
        "Operating Revenue": 85308000.0
    },
    "2023-09-30": {
        "Tax Effect Of Unusual Items": 0.0,
        "Tax Rate For Calcs": 0.004304,
        "Normalized EBITDA": 5405000.0,
        "Total Unusual Items": NaN,
        "Total Unusual Items Excluding Goodwill": NaN,
        "Net Income From Continuing Operation Net Minority Interest": 2776000.0,
        "Reconciled Depreciation": 2581000.0,
        "Reconciled Cost Of Revenue": 112882000.0,
        "EBITDA": 5405000.0,
        "EBIT": 2824000.0,
        "Net Interest Income": 2491000.0,
        "Interest Expense": 36000.0,
        "Interest Income": 2527000.0,
        "Normalized Income": 2776000.0,
        "Net Income From Continuing And Discontinued Operation": 2776000.0,
        "Total Expenses": 116455000.0,
        "Total Operating Income As Reported": 297000.0,
        "Diluted Average Shares": 43765709.0,
        "Basic Average Shares": 43763243.0,
        "Diluted EPS": 0.06,
        "Basic EPS": 0.06,
        "Diluted NI Availto Com Stockholders": 2776000.0,
        "Net Income Common Stockholders": 2776000.0,
        "Net Income": 2776000.0,
        "Net Income Including Noncontrolling Interests": 2776000.0,
        "Net Income Continuous Operations": 2776000.0,
        "Tax Provision": 12000.0,
        "Pretax Income": 2788000.0,
        "Other Income Expense": NaN,
        "Other Non Operating Income Expenses": NaN,
        "Gain On Sale Of Security": NaN,
        "Net Non Operating Interest Income Expense": 2491000.0,
        "Interest Expense Non Operating": 36000.0,
        "Interest Income Non Operating": 2527000.0,
        "Operating Income": 297000.0,
        "Operating Expense": 3573000.0,
        "Research And Development": 1163000.0,
        "Selling General And Administration": 2410000.0,
        "General And Administrative Expense": NaN,
        "Other Gand A": NaN,
        "Salaries And Wages": NaN,
        "Gross Profit": 3870000.0,
        "Cost Of Revenue": 112882000.0,
        "Total Revenue": 116752000.0,
        "Operating Revenue": 116752000.0
    },
    "2023-12-31": {
        "Tax Effect Of Unusual Items": 0.0,
        "Tax Rate For Calcs": 0.21,
        "Normalized EBITDA": 25998000.0,
        "Total Unusual Items": 0.0,
        "Total Unusual Items Excluding Goodwill": 0.0,
        "Net Income From Continuing Operation Net Minority Interest": 23384000.0,
        "Reconciled Depreciation": 2612000.0,
        "Reconciled Cost Of Revenue": 67931000.0,
        "EBITDA": 25998000.0,
        "EBIT": 23386000.0,
        "Net Interest Income": 2947000.0,
        "Interest Expense": 35000.0,
        "Interest Income": 2982000.0,
        "Normalized Income": 23384000.0,
        "Net Income From Continuing And Discontinued Operation": 23384000.0,
        "Total Expenses": 71606000.0,
        "Total Operating Income As Reported": 20403000.0,
        "Diluted Average Shares": NaN,
        "Basic Average Shares": NaN,
        "Diluted EPS": NaN,
        "Basic EPS": NaN,
        "Diluted NI Availto Com Stockholders": 23384000.0,
        "Net Income Common Stockholders": 23384000.0,
        "Net Income": 23384000.0,
        "Net Income Including Noncontrolling Interests": 23384000.0,
        "Net Income Continuous Operations": 23384000.0,
        "Tax Provision": -33000.0,
        "Pretax Income": 23351000.0,
        "Other Income Expense": 1000.0,
        "Other Non Operating Income Expenses": NaN,
        "Gain On Sale Of Security": 0.0,
        "Net Non Operating Interest Income Expense": 2947000.0,
        "Interest Expense Non Operating": 35000.0,
        "Interest Income Non Operating": 2982000.0,
        "Operating Income": 20403000.0,
        "Operating Expense": 3675000.0,
        "Research And Development": 1156000.0,
        "Selling General And Administration": 2519000.0,
        "General And Administrative Expense": NaN,
        "Other Gand A": NaN,
        "Salaries And Wages": NaN,
        "Gross Profit": 24078000.0,
        "Cost Of Revenue": 67931000.0,
        "Total Revenue": 92009000.0,
        "Operating Revenue": 92009000.0
    },
    "2024-03-31": {
        "Tax Effect Of Unusual Items": 0.0,
        "Tax Rate For Calcs": 0.127,
        "Normalized EBITDA": 7612000.0,
        "Total Unusual Items": NaN,
        "Total Unusual Items Excluding Goodwill": NaN,
        "Net Income From Continuing Operation Net Minority Interest": 4330000.0,
        "Reconciled Depreciation": 2615000.0,
        "Reconciled Cost Of Revenue": 53274000.0,
        "EBITDA": 7612000.0,
        "EBIT": 4997000.0,
        "Net Interest Income": 2765000.0,
        "Interest Expense": 35000.0,
        "Interest Income": 2800000.0,
        "Normalized Income": 4330000.0,
        "Net Income From Continuing And Discontinued Operation": 4330000.0,
        "Total Expenses": 56083000.0,
        "Total Operating Income As Reported": 2198000.0,
        "Diluted Average Shares": 43763243.0,
        "Basic Average Shares": 43763243.0,
        "Diluted EPS": 0.1,
        "Basic EPS": 0.1,
        "Diluted NI Availto Com Stockholders": 4330000.0,
        "Net Income Common Stockholders": 4330000.0,
        "Net Income": 4330000.0,
        "Net Income Including Noncontrolling Interests": 4330000.0,
        "Net Income Continuous Operations": 4330000.0,
        "Tax Provision": 632000.0,
        "Pretax Income": 4962000.0,
        "Other Income Expense": -1000.0,
        "Other Non Operating Income Expenses": -1000.0,
        "Gain On Sale Of Security": NaN,
        "Net Non Operating Interest Income Expense": 2765000.0,
        "Interest Expense Non Operating": 35000.0,
        "Interest Income Non Operating": 2800000.0,
        "Operating Income": 2198000.0,
        "Operating Expense": 2809000.0,
        "Research And Development": 906000.0,
        "Selling General And Administration": 1903000.0,
        "General And Administrative Expense": NaN,
        "Other Gand A": NaN,
        "Salaries And Wages": NaN,
        "Gross Profit": 5007000.0,
        "Cost Of Revenue": 53274000.0,
        "Total Revenue": 58281000.0,
        "Operating Revenue": 58281000.0
    },
    "2024-06-30": {
        "Tax Effect Of Unusual Items": 0.0,
        "Tax Rate For Calcs": 0.000627,
        "Normalized EBITDA": 11756000.0,
        "Total Unusual Items": NaN,
        "Total Unusual Items Excluding Goodwill": NaN,
        "Net Income From Continuing Operation Net Minority Interest": 9571000.0,
        "Reconciled Depreciation": 2145000.0,
        "Reconciled Cost Of Revenue": 63752000.0,
        "EBITDA": 11756000.0,
        "EBIT": 9611000.0,
        "Net Interest Income": 1487000.0,
        "Interest Expense": 34000.0,
        "Interest Income": 1521000.0,
        "Normalized Income": 9571000.0,
        "Net Income From Continuing And Discontinued Operation": 9571000.0,
        "Total Expenses": 66958000.0,
        "Total Operating Income As Reported": 5451000.0,
        "Diluted Average Shares": 43763243.0,
        "Basic Average Shares": 43763243.0,
        "Diluted EPS": 0.22,
        "Basic EPS": 0.22,
        "Diluted NI Availto Com Stockholders": 9571000.0,
        "Net Income Common Stockholders": 9571000.0,
        "Net Income": 9571000.0,
        "Net Income Including Noncontrolling Interests": 9571000.0,
        "Net Income Continuous Operations": 9571000.0,
        "Tax Provision": 6000.0,
        "Pretax Income": 9577000.0,
        "Other Income Expense": 2639000.0,
        "Other Non Operating Income Expenses": 2639000.0,
        "Gain On Sale Of Security": NaN,
        "Net Non Operating Interest Income Expense": 1487000.0,
        "Interest Expense Non Operating": 34000.0,
        "Interest Income Non Operating": 1521000.0,
        "Operating Income": 5451000.0,
        "Operating Expense": 3206000.0,
        "Research And Development": 916000.0,
        "Selling General And Administration": 2290000.0,
        "General And Administrative Expense": NaN,
        "Other Gand A": NaN,
        "Salaries And Wages": NaN,
        "Gross Profit": 8657000.0,
        "Cost Of Revenue": 63752000.0,
        "Total Revenue": 72409000.0,
        "Operating Revenue": 72409000.0
    }
}