{
    "2023-03-31": {
        "Tax Effect Of Unusual Items": NaN,
        "Tax Rate For Calcs": NaN,
        "Normalized EBITDA": NaN,
        "Total Unusual Items": NaN,
        "Total Unusual Items Excluding Goodwill": NaN,
        "Net Income From Continuing Operation Net Minority Interest": NaN,
        "Reconciled Depreciation": NaN,
        "Reconciled Cost Of Revenue": NaN,
        "EBITDA": NaN,
        "EBIT": NaN,
        "Net Interest Income": NaN,
        "Interest Expense": NaN,
        "Normalized Income": NaN,
        "Net Income From Continuing And Discontinued Operation": NaN,
        "Total Expenses": NaN,
        "Total Operating Income As Reported": NaN,
        "Diluted Average Shares": NaN,
        "Basic Average Shares": NaN,
        "Diluted EPS": NaN,
        "Basic EPS": NaN,
        "Diluted NI Availto Com Stockholders": NaN,
        "Net Income Common Stockholders": NaN,
        "Otherunder Preferred Stock Dividend": NaN,
        "Net Income": NaN,
        "Net Income Including Noncontrolling Interests": NaN,
        "Net Income Continuous Operations": NaN,
        "Tax Provision": NaN,
        "Pretax Income": NaN,
        "Other Income Expense": NaN,
        "Other Non Operating Income Expenses": NaN,
        "Special Income Charges": NaN,
        "Gain On Sale Of Ppe": NaN,
        "Other Special Charges": NaN,
        "Impairment Of Capital Assets": NaN,
        "Restructuring And Mergern Acquisition": NaN,
        "Gain On Sale Of Security": NaN,
        "Net Non Operating Interest Income Expense": NaN,
        "Interest Expense Non Operating": NaN,
        "Operating Income": NaN,
        "Operating Expense": NaN,
        "Research And Development": NaN,
        "Selling General And Administration": NaN,
        "Selling And Marketing Expense": NaN,
        "General And Administrative Expense": NaN,
        "Other Gand A": NaN,
        "Salaries And Wages": 2217000.0,
        "Gross Profit": NaN,
        "Cost Of Revenue": NaN,
        "Total Revenue": NaN,
        "Operating Revenue": NaN
    },
    "2022-12-31": {
        "Tax Effect Of Unusual Items": NaN,
        "Tax Rate For Calcs": NaN,
        "Normalized EBITDA": NaN,
        "Total Unusual Items": NaN,
        "Total Unusual Items Excluding Goodwill": NaN,
        "Net Income From Continuing Operation Net Minority Interest": NaN,
        "Reconciled Depreciation": NaN,
        "Reconciled Cost Of Revenue": NaN,
        "EBITDA": NaN,
        "EBIT": NaN,
        "Net Interest Income": NaN,
        "Interest Expense": NaN,
        "Normalized Income": NaN,
        "Net Income From Continuing And Discontinued Operation": NaN,
        "Total Expenses": NaN,
        "Total Operating Income As Reported": NaN,
        "Diluted Average Shares": 1973426.0,
        "Basic Average Shares": 1973426.0,
        "Diluted EPS": -76.8,
        "Basic EPS": -76.8,
        "Diluted NI Availto Com Stockholders": NaN,
        "Net Income Common Stockholders": NaN,
        "Net Income": NaN,
        "Net Income Including Noncontrolling Interests": NaN,
        "Net Income Continuous Operations": NaN,
        "Tax Provision": NaN,
        "Pretax Income": NaN,
        "Other Income Expense": NaN,
        "Other Non Operating Income Expenses": NaN,
        "Special Income Charges": NaN,
        "Gain On Sale Of Ppe": NaN,
        "Other Special Charges": NaN,
        "Restructuring And Mergern Acquisition": NaN,
        "Gain On Sale Of Security": NaN,
        "Net Non Operating Interest Income Expense": NaN,
        "Interest Expense Non Operating": NaN,
        "Operating Income": NaN,
        "Operating Expense": NaN,
        "Research And Development": NaN,
        "Selling General And Administration": NaN,
        "Selling And Marketing Expense": NaN,
        "General And Administrative Expense": NaN,
        "Other Gand A": NaN,
        "Salaries And Wages": NaN,
        "Gross Profit": NaN,
        "Cost Of Revenue": NaN,
        "Total Revenue": NaN,
        "Operating Revenue": NaN
    },
    "2022-09-30": {
        "Tax Effect Of Unusual Items": NaN,
        "Tax Rate For Calcs": NaN,
        "Normalized EBITDA": NaN,
        "Total Unusual Items": NaN,
        "Total Unusual Items Excluding Goodwill": NaN,
        "Net Income From Continuing Operation Net Minority Interest": NaN,
        "Reconciled Depreciation": NaN,
        "Reconciled Cost Of Revenue": 0.0,
        "EBITDA": NaN,
        "EBIT": NaN,
        "Net Interest Income": NaN,
        "Interest Expense": NaN,
        "Normalized Income": NaN,
        "Net Income From Continuing And Discontinued Operation": NaN,
        "Total Expenses": NaN,
        "Total Operating Income As Reported": NaN,
        "Diluted Average Shares": 1444064.0,
        "Basic Average Shares": 1444064.0,
        "Diluted EPS": -83.01,
        "Basic EPS": -83.01,
        "Diluted NI Availto Com Stockholders": NaN,
        "Net Income Common Stockholders": NaN,
        "Net Income": NaN,
        "Net Income Including Noncontrolling Interests": NaN,
        "Net Income Continuous Operations": NaN,
        "Tax Provision": NaN,
        "Pretax Income": NaN,
        "Other Income Expense": NaN,
        "Other Non Operating Income Expenses": NaN,
        "Special Income Charges": NaN,
        "Gain On Sale Of Ppe": NaN,
        "Other Special Charges": 30454000.0,
        "Restructuring And Mergern Acquisition": 0.0,
        "Gain On Sale Of Security": NaN,
        "Net Non Operating Interest Income Expense": NaN,
        "Interest Expense Non Operating": NaN,
        "Operating Income": NaN,
        "Operating Expense": NaN,
        "Research And Development": NaN,
        "Selling General And Administration": NaN,
        "Selling And Marketing Expense": NaN,
        "General And Administrative Expense": NaN,
        "Other Gand A": NaN,
        "Salaries And Wages": 839000.0,
        "Gross Profit": 0.0,
        "Cost Of Revenue": 0.0,
        "Total Revenue": NaN,
        "Operating Revenue": NaN
    },
    "2022-06-30": {
        "Tax Effect Of Unusual Items": 2063200.0,
        "Tax Rate For Calcs": 0.4,
        "Normalized EBITDA": -139409000.0,
        "Total Unusual Items": 5158000.0,
        "Total Unusual Items Excluding Goodwill": 5158000.0,
        "Net Income From Continuing Operation Net Minority Interest": -141694000.0,
        "Reconciled Depreciation": 4993000.0,
        "Reconciled Cost Of Revenue": NaN,
        "EBITDA": -134251000.0,
        "EBIT": -139244000.0,
        "Net Interest Income": -2441000.0,
        "Interest Expense": 2441000.0,
        "Normalized Income": -144788800.0,
        "Net Income From Continuing And Discontinued Operation": -141694000.0,
        "Total Expenses": 137466000.0,
        "Total Operating Income As Reported": -137466000.0,
        "Diluted Average Shares": 4033974.0,
        "Basic Average Shares": 4033974.0,
        "Diluted EPS": -35.2,
        "Basic EPS": -35.2,
        "Diluted NI Availto Com Stockholders": -141694000.0,
        "Net Income Common Stockholders": -141694000.0,
        "Net Income": -141694000.0,
        "Net Income Including Noncontrolling Interests": -141694000.0,
        "Net Income Continuous Operations": -141694000.0,
        "Tax Provision": 9000.0,
        "Pretax Income": -141685000.0,
        "Other Income Expense": -1778000.0,
        "Other Non Operating Income Expenses": -6936000.0,
        "Special Income Charges": NaN,
        "Gain On Sale Of Ppe": NaN,
        "Restructuring And Mergern Acquisition": NaN,
        "Gain On Sale Of Security": 5158000.0,
        "Net Non Operating Interest Income Expense": -2441000.0,
        "Interest Expense Non Operating": 2441000.0,
        "Operating Income": -137466000.0,
        "Operating Expense": 137466000.0,
        "Research And Development": 98015000.0,
        "Selling General And Administration": 39451000.0,
        "Selling And Marketing Expense": 6198000.0,
        "General And Administrative Expense": 33253000.0,
        "Other Gand A": 33253000.0,
        "Salaries And Wages": NaN,
        "Gross Profit": NaN,
        "Cost Of Revenue": NaN,
        "Total Revenue": 0.0,
        "Operating Revenue": 0.0
    },
    "2022-03-31": {
        "Diluted EPS": -0.48,
        "Total Revenue": NaN,
        "Gross Profit": NaN,
        "Operating Income": -149,
        "EBIT": -144,
        "Net Income": -153
    },
    "2021-12-31": {
        "Diluted EPS": -0.35,
        "Total Revenue": NaN,
        "Gross Profit": NaN,
        "Operating Income": -121,
        "EBIT": -122,
        "Net Income": -84
    },
    "2021-09-30": {
        "Diluted EPS": -1.06,
        "Total Revenue": NaN,
        "Gross Profit": NaN,
        "Operating Income": -186,
        "EBIT": -183,
        "Net Income": -304
    },
    "2021-06-30": {
        "Diluted EPS": -0.32,
        "Total Revenue": NaN,
        "Gross Profit": NaN,
        "Operating Income": -28,
        "EBIT": -27,
        "Net Income": -53
    },
    "2021-03-31": {
        "Diluted EPS": -0.48,
        "Total Revenue": NaN,
        "Gross Profit": NaN,
        "Operating Income": -19,
        "EBIT": -18,
        "Net Income": -76
    },
    "2020-12-31": {
        "Diluted EPS": 0.0,
        "Total Revenue": NaN,
        "Gross Profit": NaN,
        "Operating Income": NaN,
        "EBIT": NaN,
        "Net Income": NaN
    },
    "2020-09-30": {
        "Diluted EPS": -0.21,
        "Total Revenue": NaN,
        "Gross Profit": NaN,
        "Operating Income": -18,
        "EBIT": -15,
        "Net Income": -33
    },
    "2020-06-30": {
        "Diluted EPS": 0.0,
        "Total Revenue": NaN,
        "Gross Profit": NaN,
        "Operating Income": NaN,
        "EBIT": NaN,
        "Net Income": NaN
    },
    "2023-06-30": {
        "Tax Effect Of Unusual Items": NaN,
        "Tax Rate For Calcs": NaN,
        "Normalized EBITDA": NaN,
        "Total Unusual Items": NaN,
        "Total Unusual Items Excluding Goodwill": NaN,
        "Net Income From Continuing Operation Net Minority Interest": NaN,
        "Reconciled Depreciation": NaN,
        "Reconciled Cost Of Revenue": NaN,
        "EBITDA": NaN,
        "EBIT": NaN,
        "Net Interest Income": NaN,
        "Interest Expense": NaN,
        "Normalized Income": NaN,
        "Net Income From Continuing And Discontinued Operation": NaN,
        "Total Expenses": NaN,
        "Total Operating Income As Reported": NaN,
        "Diluted Average Shares": 124674.0,
        "Basic Average Shares": 124674.0,
        "Diluted EPS": -1002.0,
        "Basic EPS": -1002.0,
        "Diluted NI Availto Com Stockholders": NaN,
        "Net Income Common Stockholders": NaN,
        "Otherunder Preferred Stock Dividend": NaN,
        "Net Income": NaN,
        "Net Income Including Noncontrolling Interests": NaN,
        "Net Income Continuous Operations": NaN,
        "Tax Provision": NaN,
        "Pretax Income": NaN,
        "Other Income Expense": NaN,
        "Other Non Operating Income Expenses": NaN,
        "Special Income Charges": NaN,
        "Gain On Sale Of Ppe": NaN,
        "Other Special Charges": NaN,
        "Impairment Of Capital Assets": 0.0,
        "Restructuring And Mergern Acquisition": NaN,
        "Gain On Sale Of Security": NaN,
        "Net Non Operating Interest Income Expense": NaN,
        "Interest Expense Non Operating": NaN,
        "Operating Income": NaN,
        "Operating Expense": NaN,
        "Research And Development": NaN,
        "Selling General And Administration": NaN,
        "Selling And Marketing Expense": NaN,
        "General And Administrative Expense": NaN,
        "Other Gand A": NaN,
        "Salaries And Wages": 159000.0,
        "Gross Profit": NaN,
        "Cost Of Revenue": NaN,
        "Total Revenue": NaN,
        "Operating Revenue": NaN
    },
    "2023-09-30": {
        "Tax Effect Of Unusual Items": 0.0,
        "Tax Rate For Calcs": 0.0,
        "Normalized EBITDA": -53927000.0,
        "Total Unusual Items": -9749000.0,
        "Total Unusual Items Excluding Goodwill": -9749000.0,
        "Net Income From Continuing Operation Net Minority Interest": -78046000.0,
        "Reconciled Depreciation": 14211000.0,
        "Reconciled Cost Of Revenue": 16131000.0,
        "EBITDA": -63676000.0,
        "EBIT": -77887000.0,
        "Net Interest Income": -159000.0,
        "Interest Expense": 159000.0,
        "Normalized Income": -68297000.0,
        "Net Income From Continuing And Discontinued Operation": -78046000.0,
        "Total Expenses": 67065000.0,
        "Total Operating Income As Reported": -66447000.0,
        "Diluted Average Shares": 172062.0,
        "Basic Average Shares": 172062.0,
        "Diluted EPS": -453.59,
        "Basic EPS": -453.59,
        "Diluted NI Availto Com Stockholders": -78046000.0,
        "Net Income Common Stockholders": -78046000.0,
        "Otherunder Preferred Stock Dividend": 0.0,
        "Net Income": -78046000.0,
        "Net Income Including Noncontrolling Interests": -78046000.0,
        "Net Income Continuous Operations": -78046000.0,
        "Tax Provision": 0.0,
        "Pretax Income": -78046000.0,
        "Other Income Expense": -11373000.0,
        "Other Non Operating Income Expenses": -1624000.0,
        "Special Income Charges": -32046000.0,
        "Gain On Sale Of Ppe": 0.0,
        "Other Special Charges": 32113000.0,
        "Impairment Of Capital Assets": 0.0,
        "Restructuring And Mergern Acquisition": -67000.0,
        "Gain On Sale Of Security": 22297000.0,
        "Net Non Operating Interest Income Expense": -159000.0,
        "Interest Expense Non Operating": 159000.0,
        "Operating Income": -66514000.0,
        "Operating Expense": 50934000.0,
        "Research And Development": 21593000.0,
        "Selling General And Administration": 29341000.0,
        "Selling And Marketing Expense": 5318000.0,
        "General And Administrative Expense": 24023000.0,
        "Other Gand A": 24023000.0,
        "Salaries And Wages": NaN,
        "Gross Profit": -15580000.0,
        "Cost Of Revenue": 16131000.0,
        "Total Revenue": 551000.0,
        "Operating Revenue": 551000.0
    },
    "2023-12-31": {
        "Tax Effect Of Unusual Items": 42662340.0,
        "Tax Rate For Calcs": 0.21,
        "Normalized EBITDA": -266767000.0,
        "Total Unusual Items": 203154000.0,
        "Total Unusual Items Excluding Goodwill": 203154000.0,
        "Net Income From Continuing Operation Net Minority Interest": -83797000.0,
        "Reconciled Depreciation": 17792000.0,
        "Reconciled Cost Of Revenue": 19863000.0,
        "EBITDA": -63613000.0,
        "EBIT": -81405000.0,
        "Net Interest Income": -2311000.0,
        "Interest Expense": 2311000.0,
        "Normalized Income": -244288660.0,
        "Net Income From Continuing And Discontinued Operation": -83797000.0,
        "Total Expenses": 67258000.0,
        "Total Operating Income As Reported": -67780000.0,
        "Diluted Average Shares": NaN,
        "Basic Average Shares": NaN,
        "Diluted EPS": NaN,
        "Basic EPS": NaN,
        "Diluted NI Availto Com Stockholders": -83797000.0,
        "Net Income Common Stockholders": -83797000.0,
        "Otherunder Preferred Stock Dividend": NaN,
        "Net Income": -83797000.0,
        "Net Income Including Noncontrolling Interests": -83797000.0,
        "Net Income Continuous Operations": -83797000.0,
        "Tax Provision": 81000.0,
        "Pretax Income": -83716000.0,
        "Other Income Expense": -14380000.0,
        "Other Non Operating Income Expenses": -217534000.0,
        "Special Income Charges": 201333000.0,
        "Gain On Sale Of Ppe": -755000.0,
        "Other Special Charges": -202088000.0,
        "Impairment Of Capital Assets": NaN,
        "Restructuring And Mergern Acquisition": 0.0,
        "Gain On Sale Of Security": 1821000.0,
        "Net Non Operating Interest Income Expense": -2311000.0,
        "Interest Expense Non Operating": 2311000.0,
        "Operating Income": -67025000.0,
        "Operating Expense": 47395000.0,
        "Research And Development": 27351000.0,
        "Selling General And Administration": 20044000.0,
        "Selling And Marketing Expense": 4754000.0,
        "General And Administrative Expense": 15290000.0,
        "Other Gand A": 15290000.0,
        "Salaries And Wages": NaN,
        "Gross Profit": -19630000.0,
        "Cost Of Revenue": 19863000.0,
        "Total Revenue": 233000.0,
        "Operating Revenue": 233000.0
    },
    "2024-03-31": {
        "Tax Effect Of Unusual Items": 0.0,
        "Tax Rate For Calcs": 0.0,
        "Normalized EBITDA": -24688000.0,
        "Total Unusual Items": 2267000.0,
        "Total Unusual Items Excluding Goodwill": 2267000.0,
        "Net Income From Continuing Operation Net Minority Interest": -48217000.0,
        "Reconciled Depreciation": 18477000.0,
        "Reconciled Cost Of Revenue": 20687000.0,
        "EBITDA": -22421000.0,
        "EBIT": -40898000.0,
        "Net Interest Income": -7319000.0,
        "Interest Expense": 7319000.0,
        "Normalized Income": -50484000.0,
        "Net Income From Continuing And Discontinued Operation": -48217000.0,
        "Total Expenses": 43697000.0,
        "Total Operating Income As Reported": -43608000.0,
        "Diluted Average Shares": 1837958.0,
        "Basic Average Shares": 1837958.0,
        "Diluted EPS": -26.4,
        "Basic EPS": -26.4,
        "Diluted NI Availto Com Stockholders": -48217000.0,
        "Net Income Common Stockholders": -48217000.0,
        "Otherunder Preferred Stock Dividend": NaN,
        "Net Income": -48217000.0,
        "Net Income Including Noncontrolling Interests": -48217000.0,
        "Net Income Continuous Operations": -48217000.0,
        "Tax Provision": 0.0,
        "Pretax Income": -48217000.0,
        "Other Income Expense": 2797000.0,
        "Other Non Operating Income Expenses": 530000.0,
        "Special Income Charges": -25611000.0,
        "Gain On Sale Of Ppe": 87000.0,
        "Other Special Charges": 25698000.0,
        "Impairment Of Capital Assets": NaN,
        "Restructuring And Mergern Acquisition": 0.0,
        "Gain On Sale Of Security": 27878000.0,
        "Net Non Operating Interest Income Expense": -7319000.0,
        "Interest Expense Non Operating": 7319000.0,
        "Operating Income": -43695000.0,
        "Operating Expense": 23010000.0,
        "Research And Development": 6688000.0,
        "Selling General And Administration": 16322000.0,
        "Selling And Marketing Expense": 2474000.0,
        "General And Administrative Expense": 13848000.0,
        "Other Gand A": 13848000.0,
        "Salaries And Wages": NaN,
        "Gross Profit": -20685000.0,
        "Cost Of Revenue": 20687000.0,
        "Total Revenue": 2000.0,
        "Operating Revenue": 2000.0
    },
    "2024-06-30": {
        "Tax Effect Of Unusual Items": -13059270.0,
        "Tax Rate For Calcs": 0.21,
        "Normalized EBITDA": -24331000.0,
        "Total Unusual Items": -62187000.0,
        "Total Unusual Items Excluding Goodwill": -62187000.0,
        "Net Income From Continuing Operation Net Minority Interest": -108685000.0,
        "Reconciled Depreciation": 18938000.0,
        "Reconciled Cost Of Revenue": 20970000.0,
        "EBITDA": -86518000.0,
        "EBIT": -105456000.0,
        "Net Interest Income": -3225000.0,
        "Interest Expense": 3225000.0,
        "Normalized Income": -59557270.0,
        "Net Income From Continuing And Discontinued Operation": -108685000.0,
        "Total Expenses": 43270000.0,
        "Total Operating Income As Reported": -50609000.0,
        "Diluted Average Shares": 8778200.0,
        "Basic Average Shares": 8778200.0,
        "Diluted EPS": -12.4,
        "Basic EPS": -12.4,
        "Diluted NI Availto Com Stockholders": -108685000.0,
        "Net Income Common Stockholders": -108685000.0,
        "Otherunder Preferred Stock Dividend": NaN,
        "Net Income": -108685000.0,
        "Net Income Including Noncontrolling Interests": -108685000.0,
        "Net Income Continuous Operations": -108685000.0,
        "Tax Provision": 4000.0,
        "Pretax Income": -108681000.0,
        "Other Income Expense": -62479000.0,
        "Other Non Operating Income Expenses": -292000.0,
        "Special Income Charges": -54610000.0,
        "Gain On Sale Of Ppe": -16000.0,
        "Other Special Charges": 46978000.0,
        "Impairment Of Capital Assets": 7616000.0,
        "Restructuring And Mergern Acquisition": 0.0,
        "Gain On Sale Of Security": -7577000.0,
        "Net Non Operating Interest Income Expense": -3225000.0,
        "Interest Expense Non Operating": 3225000.0,
        "Operating Income": -42977000.0,
        "Operating Expense": 22300000.0,
        "Research And Development": 3317000.0,
        "Selling General And Administration": 18983000.0,
        "Selling And Marketing Expense": 1782000.0,
        "General And Administrative Expense": 17201000.0,
        "Other Gand A": 17201000.0,
        "Salaries And Wages": NaN,
        "Gross Profit": -20677000.0,
        "Cost Of Revenue": 20970000.0,
        "Total Revenue": 293000.0,
        "Operating Revenue": 293000.0
    },
    "2024-09-30": {
        "Tax Effect Of Unusual Items": -679.985068,
        "Tax Rate For Calcs": 1.3e-05,
        "Normalized EBITDA": -4171000.0,
        "Total Unusual Items": -52826000.0,
        "Total Unusual Items Excluding Goodwill": -52826000.0,
        "Net Income From Continuing Operation Net Minority Interest": -77686000.0,
        "Reconciled Depreciation": 18036000.0,
        "Reconciled Cost Of Revenue": 21453000.0,
        "EBITDA": -56997000.0,
        "EBIT": -75033000.0,
        "Net Interest Income": -2654000.0,
        "Interest Expense": 2654000.0,
        "Normalized Income": -24860679.985068,
        "Net Income From Continuing And Discontinued Operation": -77686000.0,
        "Total Expenses": 22577000.0,
        "Total Operating Income As Reported": -25207000.0,
        "Diluted Average Shares": 15379402.0,
        "Basic Average Shares": 15379402.0,
        "Diluted EPS": -5.32,
        "Basic EPS": -5.32,
        "Diluted NI Availto Com Stockholders": -81839000.0,
        "Net Income Common Stockholders": -81839000.0,
        "Otherunder Preferred Stock Dividend": 4153000.0,
        "Net Income": -77686000.0,
        "Net Income Including Noncontrolling Interests": -77686000.0,
        "Net Income Continuous Operations": -77686000.0,
        "Tax Provision": -1000.0,
        "Pretax Income": -77687000.0,
        "Other Income Expense": -52465000.0,
        "Other Non Operating Income Expenses": 361000.0,
        "Special Income Charges": -61767000.0,
        "Gain On Sale Of Ppe": -2582000.0,
        "Other Special Charges": 59128000.0,
        "Impairment Of Capital Assets": 57000.0,
        "Restructuring And Mergern Acquisition": 0.0,
        "Gain On Sale Of Security": 8941000.0,
        "Net Non Operating Interest Income Expense": -2654000.0,
        "Interest Expense Non Operating": 2654000.0,
        "Operating Income": -22568000.0,
        "Operating Expense": 1124000.0,
        "Research And Development": -9755000.0,
        "Selling General And Administration": 10879000.0,
        "Selling And Marketing Expense": 2601000.0,
        "General And Administrative Expense": 8278000.0,
        "Other Gand A": 8278000.0,
        "Salaries And Wages": NaN,
        "Gross Profit": -21444000.0,
        "Cost Of Revenue": 21453000.0,
        "Total Revenue": 9000.0,
        "Operating Revenue": 9000.0
    }
}