{
    "2023-03-31": {
        "Tax Effect Of Unusual Items": NaN,
        "Tax Rate For Calcs": NaN,
        "Normalized EBITDA": NaN,
        "Total Unusual Items": NaN,
        "Total Unusual Items Excluding Goodwill": NaN,
        "Net Income From Continuing Operation Net Minority Interest": NaN,
        "Reconciled Depreciation": NaN,
        "EBITDA": NaN,
        "EBIT": NaN,
        "Net Interest Income": NaN,
        "Interest Income": NaN,
        "Normalized Income": NaN,
        "Net Income From Continuing And Discontinued Operation": NaN,
        "Total Expenses": NaN,
        "Total Operating Income As Reported": NaN,
        "Diluted Average Shares": 41811087.0,
        "Basic Average Shares": 41811087.0,
        "Diluted EPS": -0.73,
        "Basic EPS": -0.73,
        "Diluted NI Availto Com Stockholders": NaN,
        "Net Income Common Stockholders": NaN,
        "Net Income": NaN,
        "Net Income Including Noncontrolling Interests": NaN,
        "Net Income Continuous Operations": NaN,
        "Tax Provision": NaN,
        "Pretax Income": NaN,
        "Other Income Expense": NaN,
        "Other Non Operating Income Expenses": NaN,
        "Special Income Charges": NaN,
        "Impairment Of Capital Assets": NaN,
        "Net Non Operating Interest Income Expense": NaN,
        "Interest Income Non Operating": NaN,
        "Operating Income": NaN,
        "Operating Expense": NaN,
        "Research And Development": NaN,
        "Selling General And Administration": NaN,
        "General And Administrative Expense": NaN,
        "Other Gand A": NaN,
        "Salaries And Wages": NaN,
        "Total Revenue": NaN,
        "Operating Revenue": NaN
    },
    "2022-12-31": {
        "Tax Effect Of Unusual Items": NaN,
        "Tax Rate For Calcs": NaN,
        "Normalized EBITDA": NaN,
        "Total Unusual Items": NaN,
        "Total Unusual Items Excluding Goodwill": NaN,
        "Net Income From Continuing Operation Net Minority Interest": NaN,
        "Reconciled Depreciation": NaN,
        "EBITDA": NaN,
        "EBIT": NaN,
        "Net Interest Income": NaN,
        "Interest Expense": 0.0,
        "Interest Income": NaN,
        "Normalized Income": NaN,
        "Net Income From Continuing And Discontinued Operation": NaN,
        "Total Expenses": NaN,
        "Total Operating Income As Reported": NaN,
        "Diluted Average Shares": NaN,
        "Basic Average Shares": NaN,
        "Diluted EPS": NaN,
        "Basic EPS": NaN,
        "Diluted NI Availto Com Stockholders": NaN,
        "Net Income Common Stockholders": NaN,
        "Net Income": NaN,
        "Net Income Including Noncontrolling Interests": NaN,
        "Net Income Continuous Operations": NaN,
        "Tax Provision": NaN,
        "Pretax Income": NaN,
        "Other Income Expense": NaN,
        "Other Non Operating Income Expenses": NaN,
        "Special Income Charges": NaN,
        "Impairment Of Capital Assets": NaN,
        "Net Non Operating Interest Income Expense": NaN,
        "Interest Expense Non Operating": 0.0,
        "Interest Income Non Operating": NaN,
        "Operating Income": NaN,
        "Operating Expense": NaN,
        "Research And Development": NaN,
        "Selling General And Administration": NaN,
        "General And Administrative Expense": NaN,
        "Other Gand A": NaN,
        "Salaries And Wages": NaN,
        "Total Revenue": NaN,
        "Operating Revenue": NaN
    },
    "2022-09-30": {
        "Tax Effect Of Unusual Items": NaN,
        "Tax Rate For Calcs": NaN,
        "Normalized EBITDA": NaN,
        "Net Income From Continuing Operation Net Minority Interest": NaN,
        "Reconciled Depreciation": NaN,
        "EBITDA": NaN,
        "EBIT": NaN,
        "Net Interest Income": NaN,
        "Interest Expense": 0.0,
        "Interest Income": NaN,
        "Normalized Income": NaN,
        "Net Income From Continuing And Discontinued Operation": NaN,
        "Total Expenses": NaN,
        "Total Operating Income As Reported": NaN,
        "Diluted Average Shares": 41672621.0,
        "Basic Average Shares": 41672621.0,
        "Diluted EPS": -0.62,
        "Basic EPS": -0.62,
        "Diluted NI Availto Com Stockholders": NaN,
        "Net Income Common Stockholders": NaN,
        "Net Income": NaN,
        "Net Income Including Noncontrolling Interests": NaN,
        "Net Income Continuous Operations": NaN,
        "Tax Provision": NaN,
        "Pretax Income": NaN,
        "Other Income Expense": NaN,
        "Other Non Operating Income Expenses": NaN,
        "Net Non Operating Interest Income Expense": NaN,
        "Interest Expense Non Operating": 0.0,
        "Interest Income Non Operating": NaN,
        "Operating Income": NaN,
        "Operating Expense": NaN,
        "Research And Development": NaN,
        "Selling General And Administration": NaN,
        "General And Administrative Expense": NaN,
        "Other Gand A": NaN,
        "Salaries And Wages": NaN,
        "Total Revenue": NaN,
        "Operating Revenue": NaN
    },
    "2022-06-30": {
        "Tax Effect Of Unusual Items": 0.0,
        "Tax Rate For Calcs": 0.0,
        "Normalized EBITDA": -26494000.0,
        "Net Income From Continuing Operation Net Minority Interest": -27313000.0,
        "Reconciled Depreciation": 819000.0,
        "EBITDA": -26494000.0,
        "EBIT": -27313000.0,
        "Net Interest Income": 1875000.0,
        "Interest Expense": 0.0,
        "Interest Income": 1875000.0,
        "Normalized Income": -27313000.0,
        "Net Income From Continuing And Discontinued Operation": -27313000.0,
        "Total Expenses": 33678000.0,
        "Total Operating Income As Reported": -29188000.0,
        "Diluted Average Shares": 41515305.0,
        "Basic Average Shares": 41515305.0,
        "Diluted EPS": -0.66,
        "Basic EPS": -0.66,
        "Diluted NI Availto Com Stockholders": -27313000.0,
        "Net Income Common Stockholders": -27313000.0,
        "Net Income": -27313000.0,
        "Net Income Including Noncontrolling Interests": -27313000.0,
        "Net Income Continuous Operations": -27313000.0,
        "Tax Provision": NaN,
        "Pretax Income": -27313000.0,
        "Other Income Expense": NaN,
        "Other Non Operating Income Expenses": NaN,
        "Net Non Operating Interest Income Expense": 1875000.0,
        "Interest Expense Non Operating": 0.0,
        "Interest Income Non Operating": 1875000.0,
        "Operating Income": -29188000.0,
        "Operating Expense": 33678000.0,
        "Research And Development": 25974000.0,
        "Selling General And Administration": 7704000.0,
        "General And Administrative Expense": 7704000.0,
        "Other Gand A": 3227000.0,
        "Salaries And Wages": 4477000.0,
        "Total Revenue": 4490000.0,
        "Operating Revenue": 4490000.0
    },
    "2022-03-31": {
        "Diluted EPS": -0.65,
        "Total Revenue": 4,
        "Gross Profit": 4,
        "Operating Income": -28,
        "EBIT": -27,
        "Net Income": -27
    },
    "2021-12-31": {
        "Diluted EPS": -0.77,
        "Total Revenue": 1,
        "Gross Profit": 1,
        "Operating Income": -28,
        "EBIT": -27,
        "Net Income": -29
    },
    "2021-09-30": {
        "Diluted EPS": -0.71,
        "Total Revenue": 0,
        "Gross Profit": 0,
        "Operating Income": -26,
        "EBIT": -25,
        "Net Income": -26
    },
    "2021-06-30": {
        "Diluted EPS": -0.63,
        "Total Revenue": 0,
        "Gross Profit": 0,
        "Operating Income": -23,
        "EBIT": -22,
        "Net Income": -23
    },
    "2021-03-31": {
        "Diluted EPS": -0.62,
        "Total Revenue": 0,
        "Gross Profit": 0,
        "Operating Income": -23,
        "EBIT": -22,
        "Net Income": -23
    },
    "2020-12-31": {
        "Diluted EPS": 2.5,
        "Total Revenue": 0,
        "Gross Profit": 0,
        "Operating Income": -21,
        "EBIT": -20,
        "Net Income": -21
    },
    "2020-09-30": {
        "Diluted EPS": -3.12,
        "Total Revenue": 0,
        "Gross Profit": 0,
        "Operating Income": -18,
        "EBIT": -18,
        "Net Income": -18
    },
    "2020-06-30": {
        "Diluted EPS": -2.9,
        "Total Revenue": NaN,
        "Gross Profit": NaN,
        "Operating Income": -16,
        "EBIT": -15,
        "Net Income": -16
    },
    "2020-03-31": {
        "Diluted EPS": -2.71,
        "Total Revenue": NaN,
        "Gross Profit": NaN,
        "Operating Income": -14,
        "EBIT": -13,
        "Net Income": -14
    },
    "2019-12-31": {
        "Diluted EPS": 0.0,
        "Total Revenue": NaN,
        "Gross Profit": NaN,
        "Operating Income": NaN,
        "EBIT": NaN,
        "Net Income": NaN
    },
    "2019-09-30": {
        "Diluted EPS": -3.05,
        "Total Revenue": NaN,
        "Gross Profit": NaN,
        "Operating Income": -13,
        "EBIT": -13,
        "Net Income": -13
    },
    "2023-06-30": {
        "Tax Effect Of Unusual Items": 0.0,
        "Tax Rate For Calcs": 0.21,
        "Normalized EBITDA": -31174000.0,
        "Total Unusual Items": 0.0,
        "Total Unusual Items Excluding Goodwill": 0.0,
        "Net Income From Continuing Operation Net Minority Interest": -29487000.0,
        "Reconciled Depreciation": 876000.0,
        "EBITDA": -31174000.0,
        "EBIT": -32050000.0,
        "Net Interest Income": 2793000.0,
        "Interest Income": 2793000.0,
        "Normalized Income": -29487000.0,
        "Net Income From Continuing And Discontinued Operation": -29487000.0,
        "Total Expenses": 37649000.0,
        "Total Operating Income As Reported": -32050000.0,
        "Diluted Average Shares": 41825555.0,
        "Basic Average Shares": 41825555.0,
        "Diluted EPS": -0.7,
        "Basic EPS": -0.7,
        "Diluted NI Availto Com Stockholders": -29487000.0,
        "Net Income Common Stockholders": -29487000.0,
        "Net Income": -29487000.0,
        "Net Income Including Noncontrolling Interests": -29487000.0,
        "Net Income Continuous Operations": -29487000.0,
        "Tax Provision": 942000.0,
        "Pretax Income": -28545000.0,
        "Other Income Expense": 712000.0,
        "Other Non Operating Income Expenses": 712000.0,
        "Special Income Charges": 0.0,
        "Impairment Of Capital Assets": 0.0,
        "Net Non Operating Interest Income Expense": 2793000.0,
        "Interest Income Non Operating": 2793000.0,
        "Operating Income": -32050000.0,
        "Operating Expense": 37649000.0,
        "Research And Development": 29248000.0,
        "Selling General And Administration": 8401000.0,
        "General And Administrative Expense": 8401000.0,
        "Other Gand A": 2850000.0,
        "Salaries And Wages": 5551000.0,
        "Total Revenue": 5599000.0,
        "Operating Revenue": 5599000.0
    },
    "2023-09-30": {
        "Tax Effect Of Unusual Items": 0.0,
        "Tax Rate For Calcs": 0.21,
        "Normalized EBITDA": -16217000.0,
        "Total Unusual Items": NaN,
        "Total Unusual Items Excluding Goodwill": NaN,
        "Net Income From Continuing Operation Net Minority Interest": -14345000.0,
        "Reconciled Depreciation": 864000.0,
        "EBITDA": -16217000.0,
        "EBIT": -17081000.0,
        "Net Interest Income": 2753000.0,
        "Interest Income": 2753000.0,
        "Normalized Income": -14345000.0,
        "Net Income From Continuing And Discontinued Operation": -14345000.0,
        "Total Expenses": 34559000.0,
        "Total Operating Income As Reported": -17081000.0,
        "Diluted Average Shares": 42025938.0,
        "Basic Average Shares": 42025938.0,
        "Diluted EPS": -0.34,
        "Basic EPS": -0.34,
        "Diluted NI Availto Com Stockholders": -14345000.0,
        "Net Income Common Stockholders": -14345000.0,
        "Net Income": -14345000.0,
        "Net Income Including Noncontrolling Interests": -14345000.0,
        "Net Income Continuous Operations": -14345000.0,
        "Tax Provision": 738000.0,
        "Pretax Income": -13607000.0,
        "Other Income Expense": 721000.0,
        "Other Non Operating Income Expenses": 721000.0,
        "Special Income Charges": NaN,
        "Impairment Of Capital Assets": NaN,
        "Net Non Operating Interest Income Expense": 2753000.0,
        "Interest Income Non Operating": 2753000.0,
        "Operating Income": -17081000.0,
        "Operating Expense": 34559000.0,
        "Research And Development": 26251000.0,
        "Selling General And Administration": 8308000.0,
        "General And Administrative Expense": 8308000.0,
        "Other Gand A": 3129000.0,
        "Salaries And Wages": 5179000.0,
        "Total Revenue": 17478000.0,
        "Operating Revenue": 17478000.0
    },
    "2023-12-31": {
        "Tax Effect Of Unusual Items": 0.0,
        "Tax Rate For Calcs": 0.21,
        "Normalized EBITDA": -24606000.0,
        "Total Unusual Items": NaN,
        "Total Unusual Items Excluding Goodwill": NaN,
        "Net Income From Continuing Operation Net Minority Interest": -24106000.0,
        "Reconciled Depreciation": 852000.0,
        "EBITDA": -24606000.0,
        "EBIT": -25458000.0,
        "Net Interest Income": 2660000.0,
        "Interest Income": 2660000.0,
        "Normalized Income": -24106000.0,
        "Net Income From Continuing And Discontinued Operation": -24106000.0,
        "Total Expenses": 31227000.0,
        "Total Operating Income As Reported": -25458000.0,
        "Diluted Average Shares": NaN,
        "Basic Average Shares": NaN,
        "Diluted EPS": NaN,
        "Basic EPS": NaN,
        "Diluted NI Availto Com Stockholders": -24106000.0,
        "Net Income Common Stockholders": -24106000.0,
        "Net Income": -24106000.0,
        "Net Income Including Noncontrolling Interests": -24106000.0,
        "Net Income Continuous Operations": -24106000.0,
        "Tax Provision": 1986000.0,
        "Pretax Income": -22120000.0,
        "Other Income Expense": 678000.0,
        "Other Non Operating Income Expenses": 678000.0,
        "Special Income Charges": NaN,
        "Impairment Of Capital Assets": NaN,
        "Net Non Operating Interest Income Expense": 2660000.0,
        "Interest Income Non Operating": 2660000.0,
        "Operating Income": -25458000.0,
        "Operating Expense": 31227000.0,
        "Research And Development": 24205000.0,
        "Selling General And Administration": 7022000.0,
        "General And Administrative Expense": 7022000.0,
        "Other Gand A": 2955000.0,
        "Salaries And Wages": 4067000.0,
        "Total Revenue": 5769000.0,
        "Operating Revenue": 5769000.0
    },
    "2024-03-31": {
        "Tax Effect Of Unusual Items": 0.0,
        "Tax Rate For Calcs": 0.0,
        "Normalized EBITDA": -27359000.0,
        "Total Unusual Items": NaN,
        "Total Unusual Items Excluding Goodwill": NaN,
        "Net Income From Continuing Operation Net Minority Interest": -25016000.0,
        "Reconciled Depreciation": 835000.0,
        "EBITDA": -27359000.0,
        "EBIT": -28194000.0,
        "Net Interest Income": 2439000.0,
        "Interest Income": 2439000.0,
        "Normalized Income": -25016000.0,
        "Net Income From Continuing And Discontinued Operation": -25016000.0,
        "Total Expenses": 33244000.0,
        "Total Operating Income As Reported": -28194000.0,
        "Diluted Average Shares": 42428813.0,
        "Basic Average Shares": 42428813.0,
        "Diluted EPS": -0.59,
        "Basic EPS": -0.59,
        "Diluted NI Availto Com Stockholders": -25016000.0,
        "Net Income Common Stockholders": -25016000.0,
        "Net Income": -25016000.0,
        "Net Income Including Noncontrolling Interests": -25016000.0,
        "Net Income Continuous Operations": -25016000.0,
        "Tax Provision": 0.0,
        "Pretax Income": -25016000.0,
        "Other Income Expense": 739000.0,
        "Other Non Operating Income Expenses": 739000.0,
        "Special Income Charges": NaN,
        "Impairment Of Capital Assets": NaN,
        "Net Non Operating Interest Income Expense": 2439000.0,
        "Interest Income Non Operating": 2439000.0,
        "Operating Income": -28194000.0,
        "Operating Expense": 33244000.0,
        "Research And Development": 25534000.0,
        "Selling General And Administration": 7710000.0,
        "General And Administrative Expense": 7710000.0,
        "Other Gand A": 3240000.0,
        "Salaries And Wages": 4470000.0,
        "Total Revenue": 5050000.0,
        "Operating Revenue": 5050000.0
    },
    "2024-06-30": {
        "Tax Effect Of Unusual Items": 0.0,
        "Tax Rate For Calcs": 0.0,
        "Normalized EBITDA": -21045000.0,
        "Total Unusual Items": -2398000.0,
        "Total Unusual Items Excluding Goodwill": -2398000.0,
        "Net Income From Continuing Operation Net Minority Interest": -22979000.0,
        "Reconciled Depreciation": 791000.0,
        "EBITDA": -23443000.0,
        "EBIT": -24234000.0,
        "Net Interest Income": 2870000.0,
        "Interest Income": 2870000.0,
        "Normalized Income": -20581000.0,
        "Net Income From Continuing And Discontinued Operation": -22979000.0,
        "Total Expenses": 31122000.0,
        "Total Operating Income As Reported": -26632000.0,
        "Diluted Average Shares": 51580310.0,
        "Basic Average Shares": 51580310.0,
        "Diluted EPS": -0.45,
        "Basic EPS": -0.45,
        "Diluted NI Availto Com Stockholders": -22979000.0,
        "Net Income Common Stockholders": -22979000.0,
        "Net Income": -22979000.0,
        "Net Income Including Noncontrolling Interests": -22979000.0,
        "Net Income Continuous Operations": -22979000.0,
        "Tax Provision": 0.0,
        "Pretax Income": -22979000.0,
        "Other Income Expense": -1615000.0,
        "Other Non Operating Income Expenses": 783000.0,
        "Special Income Charges": -2398000.0,
        "Impairment Of Capital Assets": 2398000.0,
        "Net Non Operating Interest Income Expense": 2870000.0,
        "Interest Income Non Operating": 2870000.0,
        "Operating Income": -24234000.0,
        "Operating Expense": 31122000.0,
        "Research And Development": 23797000.0,
        "Selling General And Administration": 7325000.0,
        "General And Administrative Expense": 7325000.0,
        "Other Gand A": 2917000.0,
        "Salaries And Wages": 4408000.0,
        "Total Revenue": 6888000.0,
        "Operating Revenue": 6888000.0
    }
}