{
    "2023-06-30": {
        "Tax Effect Of Unusual Items": 0.0,
        "Tax Rate For Calcs": 0.207331,
        "Normalized EBITDA": 1910000000.0,
        "Total Unusual Items": 0.0,
        "Total Unusual Items Excluding Goodwill": 0.0,
        "Net Income From Continuing Operation Net Minority Interest": 683000000.0,
        "Reconciled Depreciation": 800000000.0,
        "Reconciled Cost Of Revenue": 1929000000.0,
        "EBITDA": 1910000000.0,
        "EBIT": 1110000000.0,
        "Net Interest Income": -232000000.0,
        "Interest Expense": 237000000.0,
        "Interest Income": 5000000.0,
        "Normalized Income": 683000000.0,
        "Net Income From Continuing And Discontinued Operation": 683000000.0,
        "Total Expenses": 3625000000.0,
        "Total Operating Income As Reported": 1131000000.0,
        "Diluted Average Shares": 619200000.0,
        "Basic Average Shares": 615400000.0,
        "Diluted EPS": 1.1,
        "Basic EPS": 1.11,
        "Diluted NI Availto Com Stockholders": 683000000.0,
        "Net Income Common Stockholders": 683000000.0,
        "Net Income": 683000000.0,
        "Minority Interests": -12000000.0,
        "Net Income Including Noncontrolling Interests": 695000000.0,
        "Net Income Continuous Operations": 695000000.0,
        "Earnings From Equity Interest Net Of Tax": 3000000.0,
        "Tax Provision": 181000000.0,
        "Pretax Income": 873000000.0,
        "Other Income Expense": -26000000.0,
        "Other Non Operating Income Expenses": -26000000.0,
        "Special Income Charges": 0.0,
        "Gain On Sale Of Business": 0.0,
        "Net Non Operating Interest Income Expense": -232000000.0,
        "Interest Expense Non Operating": 237000000.0,
        "Interest Income Non Operating": 5000000.0,
        "Operating Income": 1131000000.0,
        "Operating Expense": 1696000000.0,
        "Selling General And Administration": 1696000000.0,
        "Gross Profit": 2827000000.0,
        "Cost Of Revenue": 1929000000.0,
        "Total Revenue": 4756000000.0,
        "Operating Revenue": 4756000000.0
    },
    "2023-03-31": {
        "Tax Effect Of Unusual Items": -696000.0,
        "Tax Rate For Calcs": 0.174,
        "Normalized EBITDA": 1711000000.0,
        "Total Unusual Items": -4000000.0,
        "Total Unusual Items Excluding Goodwill": -4000000.0,
        "Net Income From Continuing Operation Net Minority Interest": 563000000.0,
        "Reconciled Depreciation": 785000000.0,
        "Reconciled Cost Of Revenue": 2005000000.0,
        "EBITDA": 1707000000.0,
        "EBIT": 922000000.0,
        "Net Interest Income": -202000000.0,
        "Interest Expense": 210000000.0,
        "Interest Income": 8000000.0,
        "Normalized Income": 566304000.0,
        "Net Income From Continuing And Discontinued Operation": 563000000.0,
        "Total Expenses": 3609000000.0,
        "Total Operating Income As Reported": 934000000.0,
        "Diluted Average Shares": 631300000.0,
        "Basic Average Shares": 626900000.0,
        "Diluted EPS": 0.89,
        "Basic EPS": 0.9,
        "Diluted NI Availto Com Stockholders": 563000000.0,
        "Net Income Common Stockholders": 563000000.0,
        "Net Income": 563000000.0,
        "Minority Interests": -13000000.0,
        "Net Income Including Noncontrolling Interests": 576000000.0,
        "Net Income Continuous Operations": 576000000.0,
        "Earnings From Equity Interest Net Of Tax": -12000000.0,
        "Tax Provision": 124000000.0,
        "Pretax Income": 712000000.0,
        "Other Income Expense": -24000000.0,
        "Other Non Operating Income Expenses": -20000000.0,
        "Special Income Charges": -4000000.0,
        "Gain On Sale Of Business": -4000000.0,
        "Net Non Operating Interest Income Expense": -202000000.0,
        "Interest Expense Non Operating": 210000000.0,
        "Interest Income Non Operating": 8000000.0,
        "Operating Income": 938000000.0,
        "Operating Expense": 1604000000.0,
        "Selling General And Administration": 1604000000.0,
        "Gross Profit": 2542000000.0,
        "Cost Of Revenue": 2005000000.0,
        "Total Revenue": 4547000000.0,
        "Operating Revenue": 4547000000.0
    },
    "2022-12-31": {
        "Tax Effect Of Unusual Items": NaN,
        "Tax Rate For Calcs": NaN,
        "Normalized EBITDA": NaN,
        "Total Unusual Items": NaN,
        "Total Unusual Items Excluding Goodwill": NaN,
        "Net Income From Continuing Operation Net Minority Interest": NaN,
        "Reconciled Depreciation": NaN,
        "Reconciled Cost Of Revenue": NaN,
        "EBITDA": NaN,
        "EBIT": NaN,
        "Net Interest Income": NaN,
        "Interest Expense": NaN,
        "Interest Income": 5000000.0,
        "Normalized Income": NaN,
        "Net Income From Continuing And Discontinued Operation": NaN,
        "Total Expenses": NaN,
        "Total Operating Income As Reported": NaN,
        "Diluted Average Shares": NaN,
        "Basic Average Shares": NaN,
        "Diluted EPS": NaN,
        "Basic EPS": NaN,
        "Diluted NI Availto Com Stockholders": NaN,
        "Net Income Common Stockholders": NaN,
        "Net Income": NaN,
        "Minority Interests": NaN,
        "Net Income Including Noncontrolling Interests": NaN,
        "Net Income Continuous Operations": NaN,
        "Earnings From Equity Interest Net Of Tax": NaN,
        "Tax Provision": NaN,
        "Pretax Income": NaN,
        "Other Income Expense": NaN,
        "Other Non Operating Income Expenses": NaN,
        "Special Income Charges": NaN,
        "Gain On Sale Of Business": NaN,
        "Net Non Operating Interest Income Expense": NaN,
        "Interest Expense Non Operating": NaN,
        "Interest Income Non Operating": 5000000.0,
        "Operating Income": NaN,
        "Operating Expense": NaN,
        "Selling General And Administration": NaN,
        "Gross Profit": NaN,
        "Cost Of Revenue": NaN,
        "Total Revenue": NaN,
        "Operating Revenue": NaN
    },
    "2022-09-30": {
        "Tax Effect Of Unusual Items": -27055214.723926,
        "Tax Rate For Calcs": 0.22546,
        "Normalized EBITDA": 1752000000.0,
        "Total Unusual Items": -120000000.0,
        "Total Unusual Items Excluding Goodwill": -120000000.0,
        "Net Income From Continuing Operation Net Minority Interest": 481000000.0,
        "Reconciled Depreciation": 790000000.0,
        "Reconciled Cost Of Revenue": 1996000000.0,
        "EBITDA": 1632000000.0,
        "EBIT": 842000000.0,
        "Net Interest Income": -190000000.0,
        "Interest Expense": 190000000.0,
        "Interest Income": 3000000.0,
        "Normalized Income": 573944785.276074,
        "Net Income From Continuing And Discontinued Operation": 481000000.0,
        "Total Expenses": 3543000000.0,
        "Total Operating Income As Reported": 855000000.0,
        "Diluted Average Shares": 645000000.0,
        "Basic Average Shares": 639600000.0,
        "Diluted EPS": 0.75,
        "Basic EPS": 0.75,
        "Diluted NI Availto Com Stockholders": 481000000.0,
        "Net Income Common Stockholders": 481000000.0,
        "Net Income": 481000000.0,
        "Minority Interests": -12000000.0,
        "Net Income Including Noncontrolling Interests": 493000000.0,
        "Net Income Continuous Operations": 493000000.0,
        "Earnings From Equity Interest Net Of Tax": -12000000.0,
        "Tax Provision": 147000000.0,
        "Pretax Income": 652000000.0,
        "Other Income Expense": -133000000.0,
        "Other Non Operating Income Expenses": -13000000.0,
        "Special Income Charges": -120000000.0,
        "Gain On Sale Of Business": -120000000.0,
        "Net Non Operating Interest Income Expense": -190000000.0,
        "Interest Expense Non Operating": 190000000.0,
        "Interest Income Non Operating": 3000000.0,
        "Operating Income": 975000000.0,
        "Operating Expense": 1547000000.0,
        "Selling General And Administration": 1547000000.0,
        "Gross Profit": 2522000000.0,
        "Cost Of Revenue": 1996000000.0,
        "Total Revenue": 4518000000.0,
        "Operating Revenue": 4518000000.0
    },
    "2022-06-30": {
        "Tax Effect Of Unusual Items": 0.0,
        "Tax Rate For Calcs": 0.221683,
        "Normalized EBITDA": 1603000000.0,
        "Total Unusual Items": 0.0,
        "Total Unusual Items Excluding Goodwill": 0.0,
        "Net Income From Continuing Operation Net Minority Interest": 598000000.0,
        "Reconciled Depreciation": 809000000.0,
        "Reconciled Cost Of Revenue": 2044000000.0,
        "EBITDA": 1603000000.0,
        "EBIT": 794000000.0,
        "Net Interest Income": -176000000.0,
        "Interest Expense": 176000000.0,
        "Interest Income": 2000000.0,
        "Normalized Income": 598000000.0,
        "Net Income From Continuing And Discontinued Operation": 598000000.0,
        "Total Expenses": 3590000000.0,
        "Total Operating Income As Reported": 860000000.0,
        "Diluted Average Shares": 650800000.0,
        "Basic Average Shares": 645200000.0,
        "Diluted EPS": 0.92,
        "Basic EPS": 0.93,
        "Diluted NI Availto Com Stockholders": 598000000.0,
        "Net Income Common Stockholders": 598000000.0,
        "Net Income": 598000000.0,
        "Minority Interests": -11000000.0,
        "Net Income Including Noncontrolling Interests": 609000000.0,
        "Net Income Continuous Operations": 609000000.0,
        "Earnings From Equity Interest Net Of Tax": 128000000.0,
        "Tax Provision": 137000000.0,
        "Pretax Income": 618000000.0,
        "Other Income Expense": -66000000.0,
        "Other Non Operating Income Expenses": -66000000.0,
        "Special Income Charges": 0.0,
        "Gain On Sale Of Ppe": 0.0,
        "Gain On Sale Of Business": NaN,
        "Net Non Operating Interest Income Expense": -176000000.0,
        "Interest Expense Non Operating": 176000000.0,
        "Interest Income Non Operating": 2000000.0,
        "Operating Income": 860000000.0,
        "Operating Expense": 1546000000.0,
        "Selling General And Administration": 1546000000.0,
        "Gross Profit": 2406000000.0,
        "Cost Of Revenue": 2044000000.0,
        "Total Revenue": 4450000000.0,
        "Operating Revenue": 4450000000.0
    },
    "2023-09-30": {
        "Tax Effect Of Unusual Items": 34848000.0,
        "Tax Rate For Calcs": 0.198,
        "Normalized EBITDA": 2071000000.0,
        "Total Unusual Items": 176000000.0,
        "Total Unusual Items Excluding Goodwill": 176000000.0,
        "Net Income From Continuing Operation Net Minority Interest": 952000000.0,
        "Reconciled Depreciation": 769000000.0,
        "Reconciled Cost Of Revenue": 1894000000.0,
        "EBITDA": 2247000000.0,
        "EBIT": 1478000000.0,
        "Net Interest Income": -258000000.0,
        "Interest Expense": 268000000.0,
        "Interest Income": 10000000.0,
        "Normalized Income": 810848000.0,
        "Net Income From Continuing And Discontinued Operation": 952000000.0,
        "Total Expenses": 3546000000.0,
        "Total Operating Income As Reported": 1503000000.0,
        "Diluted Average Shares": 610300000.0,
        "Basic Average Shares": 606200000.0,
        "Diluted EPS": 1.56,
        "Basic EPS": 1.57,
        "Diluted NI Availto Com Stockholders": 952000000.0,
        "Net Income Common Stockholders": 952000000.0,
        "Net Income": 952000000.0,
        "Minority Interests": -17000000.0,
        "Net Income Including Noncontrolling Interests": 969000000.0,
        "Net Income Continuous Operations": 969000000.0,
        "Earnings From Equity Interest Net Of Tax": -2000000.0,
        "Tax Provision": 239000000.0,
        "Pretax Income": 1210000000.0,
        "Other Income Expense": 141000000.0,
        "Other Non Operating Income Expenses": -35000000.0,
        "Special Income Charges": 176000000.0,
        "Gain On Sale Of Business": 176000000.0,
        "Net Non Operating Interest Income Expense": -258000000.0,
        "Interest Expense Non Operating": 268000000.0,
        "Interest Income Non Operating": 10000000.0,
        "Operating Income": 1327000000.0,
        "Operating Expense": 1652000000.0,
        "Selling General And Administration": 1652000000.0,
        "Gross Profit": 2979000000.0,
        "Cost Of Revenue": 1894000000.0,
        "Total Revenue": 4873000000.0,
        "Operating Revenue": 4873000000.0
    },
    "2023-12-31": {
        "Tax Effect Of Unusual Items": -951949.229374,
        "Tax Rate For Calcs": 0.19039,
        "Normalized EBITDA": 2164000000.0,
        "Total Unusual Items": -5000000.0,
        "Total Unusual Items Excluding Goodwill": -5000000.0,
        "Net Income From Continuing Operation Net Minority Interest": 870000000.0,
        "Reconciled Depreciation": 767000000.0,
        "Reconciled Cost Of Revenue": 1842000000.0,
        "EBITDA": 2159000000.0,
        "EBIT": 1392000000.0,
        "Net Interest Income": -284000000.0,
        "Interest Expense": 289000000.0,
        "Interest Income": 5000000.0,
        "Normalized Income": 874048050.770626,
        "Net Income From Continuing And Discontinued Operation": 870000000.0,
        "Total Expenses": 3466000000.0,
        "Total Operating Income As Reported": 1446000000.0,
        "Diluted Average Shares": 602700000.0,
        "Basic Average Shares": 600000000.0,
        "Diluted EPS": 1.45,
        "Basic EPS": 1.45,
        "Diluted NI Availto Com Stockholders": 870000000.0,
        "Net Income Common Stockholders": 870000000.0,
        "Net Income": 870000000.0,
        "Minority Interests": -19000000.0,
        "Net Income Including Noncontrolling Interests": 889000000.0,
        "Net Income Continuous Operations": 889000000.0,
        "Earnings From Equity Interest Net Of Tax": -4000000.0,
        "Tax Provision": 210000000.0,
        "Pretax Income": 1103000000.0,
        "Other Income Expense": -64000000.0,
        "Other Non Operating Income Expenses": -59000000.0,
        "Special Income Charges": -5000000.0,
        "Gain On Sale Of Business": -5000000.0,
        "Net Non Operating Interest Income Expense": -284000000.0,
        "Interest Expense Non Operating": 289000000.0,
        "Interest Income Non Operating": 5000000.0,
        "Operating Income": 1451000000.0,
        "Operating Expense": 1624000000.0,
        "Selling General And Administration": 1624000000.0,
        "Gross Profit": 3075000000.0,
        "Cost Of Revenue": 1842000000.0,
        "Total Revenue": 4917000000.0,
        "Operating Revenue": 4917000000.0
    },
    "2024-03-31": {
        "Tax Effect Of Unusual Items": 0.0,
        "Tax Rate For Calcs": 0.167,
        "Normalized EBITDA": 1958000000.0,
        "Total Unusual Items": 0.0,
        "Total Unusual Items Excluding Goodwill": 0.0,
        "Net Income From Continuing Operation Net Minority Interest": 735000000.0,
        "Reconciled Depreciation": 774000000.0,
        "Reconciled Cost Of Revenue": 2005000000.0,
        "EBITDA": 1958000000.0,
        "EBIT": 1184000000.0,
        "Net Interest Income": -261000000.0,
        "Interest Expense": 271000000.0,
        "Interest Income": 10000000.0,
        "Normalized Income": 735000000.0,
        "Net Income From Continuing And Discontinued Operation": 735000000.0,
        "Total Expenses": 3702000000.0,
        "Total Operating Income As Reported": 1181000000.0,
        "Diluted Average Shares": 594800000.0,
        "Basic Average Shares": 590900000.0,
        "Diluted EPS": 1.24,
        "Basic EPS": 1.24,
        "Diluted NI Availto Com Stockholders": 735000000.0,
        "Net Income Common Stockholders": 735000000.0,
        "Net Income": 735000000.0,
        "Minority Interests": -17000000.0,
        "Net Income Including Noncontrolling Interests": 752000000.0,
        "Net Income Continuous Operations": 752000000.0,
        "Earnings From Equity Interest Net Of Tax": -8000000.0,
        "Tax Provision": 153000000.0,
        "Pretax Income": 913000000.0,
        "Other Income Expense": -7000000.0,
        "Other Non Operating Income Expenses": -7000000.0,
        "Special Income Charges": 0.0,
        "Gain On Sale Of Business": 0.0,
        "Net Non Operating Interest Income Expense": -261000000.0,
        "Interest Expense Non Operating": 271000000.0,
        "Interest Income Non Operating": 10000000.0,
        "Operating Income": 1181000000.0,
        "Operating Expense": 1697000000.0,
        "Selling General And Administration": 1697000000.0,
        "Gross Profit": 2878000000.0,
        "Cost Of Revenue": 2005000000.0,
        "Total Revenue": 4883000000.0,
        "Operating Revenue": 4883000000.0
    },
    "2024-06-30": {
        "Tax Effect Of Unusual Items": 0.0,
        "Tax Rate For Calcs": 0.1942,
        "Normalized EBITDA": 2217000000.0,
        "Total Unusual Items": 0.0,
        "Total Unusual Items Excluding Goodwill": 0.0,
        "Net Income From Continuing Operation Net Minority Interest": 894000000.0,
        "Reconciled Depreciation": 785000000.0,
        "Reconciled Cost Of Revenue": 1982000000.0,
        "EBITDA": 2217000000.0,
        "EBIT": 1432000000.0,
        "Net Interest Income": -285000000.0,
        "Interest Expense": 294000000.0,
        "Interest Income": 9000000.0,
        "Normalized Income": 894000000.0,
        "Net Income From Continuing And Discontinued Operation": 894000000.0,
        "Total Expenses": 3679000000.0,
        "Total Operating Income As Reported": 1428000000.0,
        "Diluted Average Shares": 585400000.0,
        "Basic Average Shares": 582700000.0,
        "Diluted EPS": 1.53,
        "Basic EPS": 1.53,
        "Diluted NI Availto Com Stockholders": 894000000.0,
        "Net Income Common Stockholders": 894000000.0,
        "Net Income": 894000000.0,
        "Minority Interests": -15000000.0,
        "Net Income Including Noncontrolling Interests": 909000000.0,
        "Net Income Continuous Operations": 909000000.0,
        "Earnings From Equity Interest Net Of Tax": -8000000.0,
        "Tax Provision": 221000000.0,
        "Pretax Income": 1138000000.0,
        "Other Income Expense": -5000000.0,
        "Other Non Operating Income Expenses": -5000000.0,
        "Special Income Charges": 0.0,
        "Gain On Sale Of Business": 0.0,
        "Net Non Operating Interest Income Expense": -285000000.0,
        "Interest Expense Non Operating": 294000000.0,
        "Interest Income Non Operating": 9000000.0,
        "Operating Income": 1428000000.0,
        "Operating Expense": 1697000000.0,
        "Selling General And Administration": 1697000000.0,
        "Gross Profit": 3125000000.0,
        "Cost Of Revenue": 1982000000.0,
        "Total Revenue": 5107000000.0,
        "Operating Revenue": 5107000000.0
    }
}