{
    "2023-03-31": {
        "Tax Effect Of Unusual Items": 0.0,
        "Tax Rate For Calcs": 0.253968,
        "Normalized EBITDA": 1221000000.0,
        "Total Unusual Items": 0.0,
        "Total Unusual Items Excluding Goodwill": 0.0,
        "Net Income From Continuing Operation Net Minority Interest": 140000000.0,
        "Reconciled Depreciation": 895000000.0,
        "Reconciled Cost Of Revenue": 2169000000.0,
        "EBITDA": 1221000000.0,
        "EBIT": 326000000.0,
        "Net Interest Income": -137000000.0,
        "Interest Expense": 137000000.0,
        "Normalized Income": 140000000.0,
        "Net Income From Continuing And Discontinued Operation": 140000000.0,
        "Total Expenses": 3173000000.0,
        "Total Operating Income As Reported": 337000000.0,
        "Diluted Average Shares": 593000000.0,
        "Basic Average Shares": 592000000.0,
        "Diluted EPS": 0.24,
        "Basic EPS": 0.24,
        "Diluted NI Availto Com Stockholders": 140000000.0,
        "Net Income Common Stockholders": 140000000.0,
        "Net Income": 140000000.0,
        "Minority Interests": -1000000.0,
        "Net Income Including Noncontrolling Interests": 141000000.0,
        "Net Income Discontinuous Operations": NaN,
        "Net Income Continuous Operations": 141000000.0,
        "Earnings From Equity Interest Net Of Tax": NaN,
        "Tax Provision": 48000000.0,
        "Pretax Income": 189000000.0,
        "Other Income Expense": -11000000.0,
        "Other Non Operating Income Expenses": -11000000.0,
        "Special Income Charges": 0.0,
        "Write Off": NaN,
        "Impairment Of Capital Assets": 0.0,
        "Net Non Operating Interest Income Expense": -137000000.0,
        "Interest Expense Non Operating": 137000000.0,
        "Operating Income": 337000000.0,
        "Operating Expense": 1004000000.0,
        "Selling General And Administration": 1004000000.0,
        "Gross Profit": 1341000000.0,
        "Cost Of Revenue": 2169000000.0,
        "Total Revenue": 3510000000.0,
        "Operating Revenue": 3510000000.0
    },
    "2022-12-31": {
        "Tax Effect Of Unusual Items": -3697050000.0,
        "Tax Rate For Calcs": 0.21,
        "Normalized EBITDA": 1431000000.0,
        "Total Unusual Items": -17605000000.0,
        "Total Unusual Items Excluding Goodwill": -17605000000.0,
        "Net Income From Continuing Operation Net Minority Interest": -17365000000.0,
        "Reconciled Depreciation": 926000000.0,
        "Reconciled Cost Of Revenue": 2196000000.0,
        "EBITDA": -16174000000.0,
        "EBIT": -17100000000.0,
        "Net Interest Income": -109000000.0,
        "Interest Expense": 109000000.0,
        "Normalized Income": -3457050000.0,
        "Net Income From Continuing And Discontinued Operation": -17365000000.0,
        "Total Expenses": 3221000000.0,
        "Total Operating Income As Reported": -17112000000.0,
        "Diluted Average Shares": 593000000.0,
        "Basic Average Shares": 593000000.0,
        "Diluted EPS": -29.28,
        "Basic EPS": -29.28,
        "Diluted NI Availto Com Stockholders": -17365000000.0,
        "Net Income Common Stockholders": -17365000000.0,
        "Net Income": -17365000000.0,
        "Minority Interests": -3000000.0,
        "Net Income Including Noncontrolling Interests": -17362000000.0,
        "Net Income Discontinuous Operations": NaN,
        "Net Income Continuous Operations": -17362000000.0,
        "Earnings From Equity Interest Net Of Tax": 0.0,
        "Tax Provision": 153000000.0,
        "Pretax Income": -17209000000.0,
        "Other Income Expense": -17593000000.0,
        "Other Non Operating Income Expenses": 12000000.0,
        "Special Income Charges": -17605000000.0,
        "Write Off": NaN,
        "Impairment Of Capital Assets": 17605000000.0,
        "Net Non Operating Interest Income Expense": -109000000.0,
        "Interest Expense Non Operating": 109000000.0,
        "Operating Income": 493000000.0,
        "Operating Expense": 1025000000.0,
        "Selling General And Administration": 1025000000.0,
        "Gross Profit": 1518000000.0,
        "Cost Of Revenue": 2196000000.0,
        "Total Revenue": 3714000000.0,
        "Operating Revenue": 3714000000.0
    },
    "2022-09-30": {
        "Tax Effect Of Unusual Items": -4484057.971014,
        "Tax Rate For Calcs": 0.263768,
        "Normalized EBITDA": 1370000000.0,
        "Total Unusual Items": -17000000.0,
        "Total Unusual Items Excluding Goodwill": -17000000.0,
        "Net Income From Continuing Operation Net Minority Interest": 249000000.0,
        "Reconciled Depreciation": 932000000.0,
        "Reconciled Cost Of Revenue": 2148000000.0,
        "EBITDA": 1353000000.0,
        "EBIT": 421000000.0,
        "Net Interest Income": -76000000.0,
        "Interest Expense": 76000000.0,
        "Normalized Income": 261515942.028986,
        "Net Income From Continuing And Discontinued Operation": 249000000.0,
        "Total Expenses": 3125000000.0,
        "Total Operating Income As Reported": 462000000.0,
        "Diluted Average Shares": 607000000.0,
        "Basic Average Shares": 605000000.0,
        "Diluted EPS": 0.41,
        "Basic EPS": 0.41,
        "Diluted NI Availto Com Stockholders": 249000000.0,
        "Net Income Common Stockholders": 249000000.0,
        "Net Income": 249000000.0,
        "Minority Interests": -5000000.0,
        "Net Income Including Noncontrolling Interests": 254000000.0,
        "Net Income Discontinuous Operations": NaN,
        "Net Income Continuous Operations": 254000000.0,
        "Earnings From Equity Interest Net Of Tax": 0.0,
        "Tax Provision": 91000000.0,
        "Pretax Income": 345000000.0,
        "Other Income Expense": -58000000.0,
        "Other Non Operating Income Expenses": -41000000.0,
        "Special Income Charges": -17000000.0,
        "Write Off": 17000000.0,
        "Impairment Of Capital Assets": 17000000.0,
        "Net Non Operating Interest Income Expense": -76000000.0,
        "Interest Expense Non Operating": 76000000.0,
        "Operating Income": 479000000.0,
        "Operating Expense": 977000000.0,
        "Selling General And Administration": 977000000.0,
        "Gross Profit": 1456000000.0,
        "Cost Of Revenue": 2148000000.0,
        "Total Revenue": 3604000000.0,
        "Operating Revenue": 3604000000.0
    },
    "2022-06-30": {
        "Tax Effect Of Unusual Items": -6254901.960784,
        "Tax Rate For Calcs": 0.215686,
        "Normalized EBITDA": 1408000000.0,
        "Total Unusual Items": -29000000.0,
        "Total Unusual Items Excluding Goodwill": -29000000.0,
        "Net Income From Continuing Operation Net Minority Interest": 277000000.0,
        "Reconciled Depreciation": 975000000.0,
        "Reconciled Cost Of Revenue": 2234000000.0,
        "EBITDA": 1379000000.0,
        "EBIT": 404000000.0,
        "Net Interest Income": -47000000.0,
        "Interest Expense": 47000000.0,
        "Normalized Income": 299745098.039216,
        "Net Income From Continuing And Discontinued Operation": 277000000.0,
        "Total Expenses": 3316000000.0,
        "Total Operating Income As Reported": 374000000.0,
        "Diluted Average Shares": 611000000.0,
        "Basic Average Shares": 608000000.0,
        "Diluted EPS": 0.45,
        "Basic EPS": 0.46,
        "Diluted NI Availto Com Stockholders": 277000000.0,
        "Net Income Common Stockholders": 277000000.0,
        "Net Income": 277000000.0,
        "Minority Interests": -3000000.0,
        "Net Income Including Noncontrolling Interests": 280000000.0,
        "Net Income Continuous Operations": 280000000.0,
        "Earnings From Equity Interest Net Of Tax": 0.0,
        "Tax Provision": 77000000.0,
        "Pretax Income": 357000000.0,
        "Other Income Expense": 1000000.0,
        "Other Non Operating Income Expenses": 30000000.0,
        "Special Income Charges": -29000000.0,
        "Write Off": 29000000.0,
        "Impairment Of Capital Assets": 29000000.0,
        "Net Non Operating Interest Income Expense": -47000000.0,
        "Interest Expense Non Operating": 47000000.0,
        "Operating Income": 403000000.0,
        "Operating Expense": 1082000000.0,
        "Selling General And Administration": 1082000000.0,
        "Gross Profit": 1485000000.0,
        "Cost Of Revenue": 2234000000.0,
        "Total Revenue": 3719000000.0,
        "Operating Revenue": 3719000000.0
    },
    "2023-06-30": {
        "Tax Effect Of Unusual Items": -1436610000.0,
        "Tax Rate For Calcs": 0.21,
        "Normalized EBITDA": 1359000000.0,
        "Total Unusual Items": -6841000000.0,
        "Total Unusual Items Excluding Goodwill": -6841000000.0,
        "Net Income From Continuing Operation Net Minority Interest": -6596000000.0,
        "Reconciled Depreciation": 887000000.0,
        "Reconciled Cost Of Revenue": 2188000000.0,
        "EBITDA": -5482000000.0,
        "EBIT": -6369000000.0,
        "Net Interest Income": -153000000.0,
        "Interest Expense": 153000000.0,
        "Normalized Income": -1191610000.0,
        "Net Income From Continuing And Discontinued Operation": -6596000000.0,
        "Total Expenses": 3221000000.0,
        "Total Operating Income As Reported": -6316000000.0,
        "Diluted Average Shares": 592000000.0,
        "Basic Average Shares": 592000000.0,
        "Diluted EPS": -11.14,
        "Basic EPS": -11.14,
        "Diluted NI Availto Com Stockholders": -6596000000.0,
        "Net Income Common Stockholders": -6596000000.0,
        "Net Income": -6596000000.0,
        "Minority Interests": -2000000.0,
        "Net Income Including Noncontrolling Interests": -6594000000.0,
        "Net Income Discontinuous Operations": NaN,
        "Net Income Continuous Operations": -6594000000.0,
        "Earnings From Equity Interest Net Of Tax": NaN,
        "Tax Provision": 72000000.0,
        "Pretax Income": -6522000000.0,
        "Other Income Expense": -6894000000.0,
        "Other Non Operating Income Expenses": -53000000.0,
        "Special Income Charges": -6841000000.0,
        "Write Off": 6841000000.0,
        "Impairment Of Capital Assets": 6841000000.0,
        "Net Non Operating Interest Income Expense": -153000000.0,
        "Interest Expense Non Operating": 153000000.0,
        "Operating Income": 525000000.0,
        "Operating Expense": 1033000000.0,
        "Selling General And Administration": 1033000000.0,
        "Gross Profit": 1558000000.0,
        "Cost Of Revenue": 2188000000.0,
        "Total Revenue": 3746000000.0,
        "Operating Revenue": 3746000000.0
    },
    "2022-03-31": {
        "Diluted EPS": 0.2,
        "Total Revenue": NaN,
        "Gross Profit": NaN,
        "Operating Income": 157,
        "EBIT": NaN,
        "Net Income": 120
    },
    "2021-12-31": {
        "Diluted EPS": 0.46,
        "Total Revenue": NaN,
        "Gross Profit": NaN,
        "Operating Income": 455,
        "EBIT": NaN,
        "Net Income": 291
    },
    "2021-09-30": {
        "Diluted EPS": 0.26,
        "Total Revenue": NaN,
        "Gross Profit": NaN,
        "Operating Income": 138,
        "EBIT": NaN,
        "Net Income": 158
    },
    "2021-06-30": {
        "Diluted EPS": 0.55,
        "Total Revenue": NaN,
        "Gross Profit": NaN,
        "Operating Income": 363,
        "EBIT": NaN,
        "Net Income": 341
    },
    "2021-03-31": {
        "Diluted EPS": -0.6,
        "Total Revenue": NaN,
        "Gross Profit": NaN,
        "Operating Income": 99,
        "EBIT": NaN,
        "Net Income": -373
    },
    "2020-12-31": {
        "Diluted EPS": 0.17,
        "Total Revenue": NaN,
        "Gross Profit": NaN,
        "Operating Income": 167,
        "EBIT": NaN,
        "Net Income": 104
    },
    "2020-09-30": {
        "Diluted EPS": 0.03,
        "Total Revenue": NaN,
        "Gross Profit": NaN,
        "Operating Income": 231,
        "EBIT": NaN,
        "Net Income": 20
    },
    "2020-06-30": {
        "Diluted EPS": 0.03,
        "Total Revenue": NaN,
        "Gross Profit": 916,
        "Operating Income": 46,
        "EBIT": 970,
        "Net Income": 19
    },
    "2020-03-31": {
        "Diluted EPS": 0.02,
        "Total Revenue": NaN,
        "Gross Profit": 989,
        "Operating Income": 108,
        "EBIT": NaN,
        "Net Income": 15
    },
    "2019-12-31": {
        "Diluted EPS": -0.55,
        "Total Revenue": NaN,
        "Gross Profit": NaN,
        "Operating Income": 123,
        "EBIT": NaN,
        "Net Income": -158
    },
    "2019-09-30": {
        "Diluted EPS": 0.29,
        "Total Revenue": NaN,
        "Gross Profit": 984,
        "Operating Income": 140,
        "EBIT": 899,
        "Net Income": 154
    },
    "2019-06-30": {
        "Diluted EPS": 0.47,
        "Total Revenue": NaN,
        "Gross Profit": 708,
        "Operating Income": 391,
        "EBIT": 765,
        "Net Income": 154
    },
    "2019-03-31": {
        "Diluted EPS": 0.45,
        "Total Revenue": NaN,
        "Gross Profit": 676,
        "Operating Income": 315,
        "EBIT": 687,
        "Net Income": 148
    },
    "2018-12-31": {
        "Diluted EPS": 0.9,
        "Total Revenue": NaN,
        "Gross Profit": 790,
        "Operating Income": 469,
        "EBIT": 833,
        "Net Income": 298
    },
    "2018-09-30": {
        "Diluted EPS": 0.47,
        "Total Revenue": NaN,
        "Gross Profit": 720,
        "Operating Income": 342,
        "EBIT": 700,
        "Net Income": 154
    },
    "2018-06-30": {
        "Diluted EPS": 0.64,
        "Total Revenue": NaN,
        "Gross Profit": 692,
        "Operating Income": 353,
        "EBIT": 711,
        "Net Income": 212
    },
    "2018-03-31": {
        "Diluted EPS": 0.54,
        "Total Revenue": NaN,
        "Gross Profit": 652,
        "Operating Income": 294,
        "EBIT": 651,
        "Net Income": 182
    },
    "2017-12-31": {
        "Diluted EPS": 2.76,
        "Total Revenue": NaN,
        "Gross Profit": 769,
        "Operating Income": 431,
        "EBIT": 786,
        "Net Income": 934
    },
    "2017-09-30": {
        "Diluted EPS": 0.18,
        "Total Revenue": NaN,
        "Gross Profit": 710,
        "Operating Income": 385,
        "EBIT": 725,
        "Net Income": 59
    },
    "2017-06-30": {
        "Diluted EPS": 0.42,
        "Total Revenue": NaN,
        "Gross Profit": 738,
        "Operating Income": 370,
        "EBIT": 716,
        "Net Income": 139
    },
    "2017-03-31": {
        "Diluted EPS": 0.39,
        "Total Revenue": NaN,
        "Gross Profit": 657,
        "Operating Income": 246,
        "EBIT": 590,
        "Net Income": 129
    },
    "2016-12-31": {
        "Diluted EPS": 0.49,
        "Total Revenue": NaN,
        "Gross Profit": 821,
        "Operating Income": 364,
        "EBIT": 646,
        "Net Income": 164
    },
    "2016-09-30": {
        "Diluted EPS": 0.56,
        "Total Revenue": NaN,
        "Gross Profit": 782,
        "Operating Income": 398,
        "EBIT": 695,
        "Net Income": 185
    },
    "2016-06-30": {
        "Diluted EPS": 0.37,
        "Total Revenue": NaN,
        "Gross Profit": 705,
        "Operating Income": 283,
        "EBIT": 578,
        "Net Income": 121
    },
    "2016-03-31": {
        "Diluted EPS": 0.17,
        "Total Revenue": NaN,
        "Gross Profit": 628,
        "Operating Income": 184,
        "EBIT": 482,
        "Net Income": 55
    },
    "2015-12-31": {
        "Diluted EPS": 0.34,
        "Total Revenue": NaN,
        "Gross Profit": 642,
        "Operating Income": 259,
        "EBIT": 468,
        "Net Income": 106
    },
    "2015-09-30": {
        "Diluted EPS": 0.62,
        "Total Revenue": NaN,
        "Gross Profit": 557,
        "Operating Income": 338,
        "EBIT": 497,
        "Net Income": 175
    },
    "2015-06-30": {
        "Diluted EPS": 0.84,
        "Total Revenue": NaN,
        "Gross Profit": 517,
        "Operating Income": 287,
        "EBIT": 444,
        "Net Income": 240
    },
    "2015-03-31": {
        "Diluted EPS": 0.39,
        "Total Revenue": NaN,
        "Gross Profit": 485,
        "Operating Income": 215,
        "EBIT": 370,
        "Net Income": 111
    },
    "2014-12-31": {
        "Diluted EPS": 0.68,
        "Total Revenue": NaN,
        "Gross Profit": 573,
        "Operating Income": 352,
        "EBIT": 516,
        "Net Income": 195
    },
    "2014-09-30": {
        "Diluted EPS": 0.52,
        "Total Revenue": NaN,
        "Gross Profit": 531,
        "Operating Income": 324,
        "EBIT": 489,
        "Net Income": 151
    },
    "2014-06-30": {
        "Diluted EPS": 0.62,
        "Total Revenue": NaN,
        "Gross Profit": 507,
        "Operating Income": 310,
        "EBIT": 470,
        "Net Income": 179
    },
    "2014-03-31": {
        "Diluted EPS": 0.53,
        "Total Revenue": NaN,
        "Gross Profit": 476,
        "Operating Income": 286,
        "EBIT": 441,
        "Net Income": 155
    },
    "2013-12-31": {
        "Diluted EPS": 0.24,
        "Total Revenue": NaN,
        "Gross Profit": 515,
        "Operating Income": 221,
        "EBIT": 381,
        "Net Income": 72
    },
    "2013-09-30": {
        "Diluted EPS": 0.59,
        "Total Revenue": NaN,
        "Gross Profit": 505,
        "Operating Income": 318,
        "EBIT": 472,
        "Net Income": 172
    },
    "2013-06-30": {
        "Diluted EPS": 0.36,
        "Total Revenue": NaN,
        "Gross Profit": 481,
        "Operating Income": 249,
        "EBIT": 413,
        "Net Income": 105
    },
    "2013-03-31": {
        "Diluted EPS": 0.49,
        "Total Revenue": NaN,
        "Gross Profit": 470,
        "Operating Income": 275,
        "EBIT": 431,
        "Net Income": 144
    },
    "2012-12-31": {
        "Diluted EPS": 0.47,
        "Total Revenue": NaN,
        "Gross Profit": 472,
        "Operating Income": 283,
        "EBIT": 445,
        "Net Income": 137
    },
    "2012-09-30": {
        "Diluted EPS": 0.29,
        "Total Revenue": NaN,
        "Gross Profit": 468,
        "Operating Income": 288,
        "EBIT": 446,
        "Net Income": 87
    },
    "2012-06-30": {
        "Diluted EPS": 0.5,
        "Total Revenue": NaN,
        "Gross Profit": 476,
        "Operating Income": 283,
        "EBIT": 445,
        "Net Income": 151
    },
    "2012-03-31": {
        "Diluted EPS": 0.29,
        "Total Revenue": NaN,
        "Gross Profit": 424,
        "Operating Income": 223,
        "EBIT": 402,
        "Net Income": 87
    },
    "2011-12-31": {
        "Diluted EPS": 0.39,
        "Total Revenue": NaN,
        "Gross Profit": 462,
        "Operating Income": 308,
        "EBIT": 501,
        "Net Income": 117
    },
    "2011-09-30": {
        "Diluted EPS": 0.44,
        "Total Revenue": NaN,
        "Gross Profit": 433,
        "Operating Income": 273,
        "EBIT": 438,
        "Net Income": 136
    },
    "2011-06-30": {
        "Diluted EPS": 0.4,
        "Total Revenue": NaN,
        "Gross Profit": 424,
        "Operating Income": 255,
        "EBIT": 414,
        "Net Income": 124
    },
    "2011-03-31": {
        "Diluted EPS": 0.3,
        "Total Revenue": NaN,
        "Gross Profit": 387,
        "Operating Income": 214,
        "EBIT": 372,
        "Net Income": 93
    },
    "2010-12-31": {
        "Diluted EPS": 0.34,
        "Total Revenue": NaN,
        "Gross Profit": 400,
        "Operating Income": 235,
        "EBIT": 399,
        "Net Income": 111
    },
    "2010-09-30": {
        "Diluted EPS": 0.33,
        "Total Revenue": NaN,
        "Gross Profit": 470,
        "Operating Income": 176,
        "EBIT": 335,
        "Net Income": 110
    },
    "2010-06-30": {
        "Diluted EPS": 0.23,
        "Total Revenue": NaN,
        "Gross Profit": 378,
        "Operating Income": 184,
        "EBIT": 341,
        "Net Income": 90
    },
    "2010-03-31": {
        "Diluted EPS": 0.25,
        "Total Revenue": NaN,
        "Gross Profit": 345,
        "Operating Income": 187,
        "EBIT": 342,
        "Net Income": 94
    },
    "2009-12-31": {
        "Diluted EPS": -0.39,
        "Total Revenue": NaN,
        "Gross Profit": 364,
        "Operating Income": -42,
        "EBIT": 119,
        "Net Income": -54
    },
    "2009-09-30": {
        "Diluted EPS": 0.35,
        "Total Revenue": 829,
        "Gross Profit": 223,
        "Operating Income": 134,
        "EBIT": 228,
        "Net Income": 68
    },
    "2009-06-30": {
        "Diluted EPS": 0.31,
        "Total Revenue": 829,
        "Gross Profit": 206,
        "Operating Income": 113,
        "EBIT": 206,
        "Net Income": 59
    },
    "2009-03-31": {
        "Diluted EPS": 0.17,
        "Total Revenue": 794,
        "Gross Profit": 176,
        "Operating Income": 80,
        "EBIT": 172,
        "Net Income": 33
    },
    "2023-09-30": {
        "Tax Effect Of Unusual Items": -1546268.656716,
        "Tax Rate For Calcs": 0.220896,
        "Normalized EBITDA": 967000000.0,
        "Total Unusual Items": -7000000.0,
        "Total Unusual Items Excluding Goodwill": -7000000.0,
        "Net Income From Continuing Operation Net Minority Interest": 259000000.0,
        "Reconciled Depreciation": 463000000.0,
        "Reconciled Cost Of Revenue": 1523000000.0,
        "EBITDA": 960000000.0,
        "EBIT": 497000000.0,
        "Net Interest Income": -162000000.0,
        "Interest Expense": 162000000.0,
        "Normalized Income": 264453731.343284,
        "Net Income From Continuing And Discontinued Operation": -449000000.0,
        "Total Expenses": 2007000000.0,
        "Total Operating Income As Reported": 475000000.0,
        "Diluted Average Shares": 592000000.0,
        "Basic Average Shares": 592000000.0,
        "Diluted EPS": -0.76,
        "Basic EPS": -0.76,
        "Diluted NI Availto Com Stockholders": -449000000.0,
        "Net Income Common Stockholders": -449000000.0,
        "Net Income": -449000000.0,
        "Minority Interests": -2000000.0,
        "Net Income Including Noncontrolling Interests": -447000000.0,
        "Net Income Discontinuous Operations": -708000000.0,
        "Net Income Continuous Operations": 261000000.0,
        "Earnings From Equity Interest Net Of Tax": NaN,
        "Tax Provision": 74000000.0,
        "Pretax Income": 335000000.0,
        "Other Income Expense": 15000000.0,
        "Other Non Operating Income Expenses": 22000000.0,
        "Special Income Charges": -7000000.0,
        "Write Off": NaN,
        "Impairment Of Capital Assets": 7000000.0,
        "Net Non Operating Interest Income Expense": -162000000.0,
        "Interest Expense Non Operating": 162000000.0,
        "Operating Income": 482000000.0,
        "Operating Expense": 484000000.0,
        "Selling General And Administration": 484000000.0,
        "Gross Profit": 966000000.0,
        "Cost Of Revenue": 1523000000.0,
        "Total Revenue": 2489000000.0,
        "Operating Revenue": 2489000000.0
    }
}