{
    "2023-06-30": {
        "Tax Effect Of Unusual Items": -2700000.0,
        "Tax Rate For Calcs": 0.225,
        "Total Unusual Items": -12000000.0,
        "Total Unusual Items Excluding Goodwill": -12000000.0,
        "Net Income From Continuing Operation Net Minority Interest": 601000000.0,
        "Reconciled Depreciation": 115000000.0,
        "Net Interest Income": 1457000000.0,
        "Interest Expense": 913000000.0,
        "Interest Income": 2370000000.0,
        "Normalized Income": 610300000.0,
        "Net Income From Continuing And Discontinued Operation": 601000000.0,
        "Rent Expense Supplemental": 31000000.0,
        "Diluted Average Shares": 686386000.0,
        "Basic Average Shares": 684029000.0,
        "Diluted EPS": 0.82,
        "Basic EPS": 0.82,
        "Diluted NI Availto Com Stockholders": 562000000.0,
        "Average Dilution Earnings": 0.0,
        "Net Income Common Stockholders": 562000000.0,
        "Otherunder Preferred Stock Dividend": NaN,
        "Preferred Stock Dividends": 39000000.0,
        "Net Income": 601000000.0,
        "Net Income Including Noncontrolling Interests": 601000000.0,
        "Net Income Continuous Operations": 601000000.0,
        "Tax Provision": 174000000.0,
        "Pretax Income": 775000000.0,
        "Special Income Charges": -12000000.0,
        "Gain On Sale Of Business": 0.0,
        "Other Special Charges": NaN,
        "Write Off": NaN,
        "Restructuring And Mergern Acquisition": 12000000.0,
        "Gain On Sale Of Security": 7000000.0,
        "Depreciation Amortization Depletion Income Statement": 10000000.0,
        "Depreciation And Amortization In Income Statement": 10000000.0,
        "Amortization": 10000000.0,
        "Amortization Of Intangibles Income Statement": 10000000.0,
        "Selling General And Administration": 712000000.0,
        "Selling And Marketing Expense": 31000000.0,
        "General And Administrative Expense": 681000000.0,
        "Insurance And Claims": 42000000.0,
        "Rent And Landing Fees": 31000000.0,
        "Salaries And Wages": 650000000.0,
        "Total Revenue": 2163000000.0,
        "Operating Revenue": 2163000000.0
    },
    "2023-03-31": {
        "Tax Effect Of Unusual Items": 0.0,
        "Tax Rate For Calcs": 0.223,
        "Total Unusual Items": 1000000.0,
        "Total Unusual Items Excluding Goodwill": 1000000.0,
        "Net Income From Continuing Operation Net Minority Interest": 558000000.0,
        "Reconciled Depreciation": 117000000.0,
        "Net Interest Income": 1517000000.0,
        "Interest Expense": 696000000.0,
        "Interest Income": 2213000000.0,
        "Normalized Income": 558000000.0,
        "Net Income From Continuing And Discontinued Operation": 558000000.0,
        "Rent Expense Supplemental": 34000000.0,
        "Diluted Average Shares": 689566000.0,
        "Basic Average Shares": 684017000.0,
        "Diluted EPS": 0.78,
        "Basic EPS": 0.78,
        "Diluted NI Availto Com Stockholders": 535000000.0,
        "Average Dilution Earnings": NaN,
        "Net Income Common Stockholders": 535000000.0,
        "Otherunder Preferred Stock Dividend": NaN,
        "Preferred Stock Dividends": 23000000.0,
        "Net Income": 558000000.0,
        "Net Income Including Noncontrolling Interests": 558000000.0,
        "Net Income Continuous Operations": 558000000.0,
        "Tax Provision": 160000000.0,
        "Pretax Income": 718000000.0,
        "Special Income Charges": 1000000.0,
        "Gain On Sale Of Business": NaN,
        "Other Special Charges": -1000000.0,
        "Write Off": NaN,
        "Restructuring And Mergern Acquisition": NaN,
        "Gain On Sale Of Security": 4000000.0,
        "Depreciation Amortization Depletion Income Statement": 12000000.0,
        "Depreciation And Amortization In Income Statement": 12000000.0,
        "Amortization": 12000000.0,
        "Amortization Of Intangibles Income Statement": 12000000.0,
        "Selling General And Administration": 820000000.0,
        "Selling And Marketing Expense": 29000000.0,
        "General And Administrative Expense": 791000000.0,
        "Insurance And Claims": 40000000.0,
        "Rent And Landing Fees": 34000000.0,
        "Salaries And Wages": 757000000.0,
        "Total Revenue": 2191000000.0,
        "Operating Revenue": 2191000000.0
    },
    "2022-12-31": {
        "Tax Effect Of Unusual Items": -1164000.0,
        "Tax Rate For Calcs": 0.194,
        "Total Unusual Items": -6000000.0,
        "Total Unusual Items Excluding Goodwill": -6000000.0,
        "Net Income From Continuing Operation Net Minority Interest": 737000000.0,
        "Reconciled Depreciation": 112000000.0,
        "Net Interest Income": 1577000000.0,
        "Interest Expense": 498000000.0,
        "Interest Income": 2075000000.0,
        "Normalized Income": 741836000.0,
        "Net Income From Continuing And Discontinued Operation": 737000000.0,
        "Rent Expense Supplemental": 36000000.0,
        "Diluted Average Shares": 694195000.0,
        "Basic Average Shares": 688680000.0,
        "Diluted EPS": 1.01,
        "Basic EPS": 1.01,
        "Diluted NI Availto Com Stockholders": 698000000.0,
        "Average Dilution Earnings": NaN,
        "Net Income Common Stockholders": 698000000.0,
        "Otherunder Preferred Stock Dividend": 1000000.0,
        "Preferred Stock Dividends": 38000000.0,
        "Net Income": 737000000.0,
        "Net Income Including Noncontrolling Interests": 737000000.0,
        "Net Income Continuous Operations": 737000000.0,
        "Tax Provision": 177000000.0,
        "Pretax Income": 914000000.0,
        "Special Income Charges": -6000000.0,
        "Gain On Sale Of Business": NaN,
        "Other Special Charges": 5000000.0,
        "Write Off": 6000000.0,
        "Restructuring And Mergern Acquisition": NaN,
        "Gain On Sale Of Security": 2000000.0,
        "Depreciation Amortization Depletion Income Statement": 13000000.0,
        "Depreciation And Amortization In Income Statement": 13000000.0,
        "Amortization": 13000000.0,
        "Amortization Of Intangibles Income Statement": 13000000.0,
        "Selling General And Administration": 722000000.0,
        "Selling And Marketing Expense": 31000000.0,
        "General And Administrative Expense": 691000000.0,
        "Insurance And Claims": 31000000.0,
        "Rent And Landing Fees": 36000000.0,
        "Salaries And Wages": 655000000.0,
        "Total Revenue": 2297000000.0,
        "Operating Revenue": 2297000000.0
    },
    "2022-09-30": {
        "Tax Effect Of Unusual Items": 0.0,
        "Tax Rate For Calcs": 0.227,
        "Total Unusual Items": 0.0,
        "Total Unusual Items Excluding Goodwill": 0.0,
        "Net Income From Continuing Operation Net Minority Interest": 653000000.0,
        "Reconciled Depreciation": 106000000.0,
        "Net Interest Income": 1498000000.0,
        "Interest Expense": 262000000.0,
        "Interest Income": 1760000000.0,
        "Normalized Income": 653000000.0,
        "Net Income From Continuing And Discontinued Operation": 653000000.0,
        "Rent Expense Supplemental": 33000000.0,
        "Diluted Average Shares": 694593000.0,
        "Basic Average Shares": 689278000.0,
        "Diluted EPS": 0.91,
        "Basic EPS": 0.91,
        "Diluted NI Availto Com Stockholders": 631000000.0,
        "Average Dilution Earnings": 0.0,
        "Net Income Common Stockholders": 631000000.0,
        "Otherunder Preferred Stock Dividend": NaN,
        "Preferred Stock Dividends": 22000000.0,
        "Net Income": 653000000.0,
        "Net Income Including Noncontrolling Interests": 653000000.0,
        "Net Income Continuous Operations": 653000000.0,
        "Tax Provision": 192000000.0,
        "Pretax Income": 845000000.0,
        "Special Income Charges": 0.0,
        "Gain On Sale Of Business": 0.0,
        "Other Special Charges": NaN,
        "Write Off": NaN,
        "Restructuring And Mergern Acquisition": NaN,
        "Gain On Sale Of Security": -39000000.0,
        "Depreciation Amortization Depletion Income Statement": 12000000.0,
        "Depreciation And Amortization In Income Statement": 12000000.0,
        "Amortization": 12000000.0,
        "Amortization Of Intangibles Income Statement": 12000000.0,
        "Selling General And Administration": 673000000.0,
        "Selling And Marketing Expense": 35000000.0,
        "General And Administrative Expense": 638000000.0,
        "Insurance And Claims": 37000000.0,
        "Rent And Landing Fees": 33000000.0,
        "Salaries And Wages": 605000000.0,
        "Total Revenue": 2149000000.0,
        "Operating Revenue": 2149000000.0
    },
    "2022-06-30": {
        "Tax Effect Of Unusual Items": -1344000.0,
        "Tax Rate For Calcs": 0.224,
        "Total Unusual Items": -6000000.0,
        "Total Unusual Items Excluding Goodwill": -6000000.0,
        "Net Income From Continuing Operation Net Minority Interest": 562000000.0,
        "Reconciled Depreciation": 109000000.0,
        "Net Interest Income": 1339000000.0,
        "Interest Expense": 125000000.0,
        "Interest Income": 1464000000.0,
        "Normalized Income": 566656000.0,
        "Net Income From Continuing And Discontinued Operation": 562000000.0,
        "Rent Expense Supplemental": 31000000.0,
        "Diluted Average Shares": 694804715.0,
        "Basic Average Shares": 689018541.0,
        "Diluted EPS": 0.76,
        "Basic EPS": 0.76,
        "Diluted NI Availto Com Stockholders": 525000000.0,
        "Average Dilution Earnings": 0.0,
        "Net Income Common Stockholders": 525000000.0,
        "Otherunder Preferred Stock Dividend": 1000000.0,
        "Preferred Stock Dividends": 36000000.0,
        "Net Income": 562000000.0,
        "Net Income Including Noncontrolling Interests": 562000000.0,
        "Net Income Continuous Operations": 562000000.0,
        "Tax Provision": 162000000.0,
        "Pretax Income": 724000000.0,
        "Special Income Charges": -6000000.0,
        "Gain On Sale Of Business": -6000000.0,
        "Other Special Charges": NaN,
        "Write Off": NaN,
        "Restructuring And Mergern Acquisition": NaN,
        "Gain On Sale Of Security": -32000000.0,
        "Depreciation Amortization Depletion Income Statement": 11000000.0,
        "Depreciation And Amortization In Income Statement": 11000000.0,
        "Amortization": 11000000.0,
        "Amortization Of Intangibles Income Statement": 11000000.0,
        "Selling General And Administration": 643000000.0,
        "Selling And Marketing Expense": 28000000.0,
        "General And Administrative Expense": 615000000.0,
        "Insurance And Claims": 34000000.0,
        "Rent And Landing Fees": 31000000.0,
        "Salaries And Wages": 584000000.0,
        "Total Revenue": 2001000000.0,
        "Operating Revenue": 2001000000.0
    },
    "2022-03-31": {
        "Diluted EPS": 0.68,
        "Total Revenue": NaN,
        "Gross Profit": NaN,
        "Operating Income": 612,
        "EBIT": NaN,
        "Net Income": 474
    },
    "2021-12-31": {
        "Diluted EPS": 0.89,
        "Total Revenue": NaN,
        "Gross Profit": NaN,
        "Operating Income": 828,
        "EBIT": NaN,
        "Net Income": 628
    },
    "2021-09-30": {
        "Diluted EPS": 0.97,
        "Total Revenue": NaN,
        "Gross Profit": NaN,
        "Operating Income": 895,
        "EBIT": NaN,
        "Net Income": 683
    },
    "2021-06-30": {
        "Diluted EPS": 0.94,
        "Total Revenue": NaN,
        "Gross Profit": NaN,
        "Operating Income": 911,
        "EBIT": NaN,
        "Net Income": 674
    },
    "2021-03-31": {
        "Diluted EPS": 0.93,
        "Total Revenue": NaN,
        "Gross Profit": NaN,
        "Operating Income": 883,
        "EBIT": NaN,
        "Net Income": 674
    },
    "2020-12-31": {
        "Diluted EPS": 0.78,
        "Total Revenue": NaN,
        "Gross Profit": NaN,
        "Operating Income": 747,
        "EBIT": NaN,
        "Net Income": 569
    },
    "2020-09-30": {
        "Diluted EPS": 0.78,
        "Total Revenue": NaN,
        "Gross Profit": NaN,
        "Operating Income": 746,
        "EBIT": NaN,
        "Net Income": 562
    },
    "2020-06-30": {
        "Diluted EPS": 0.23,
        "Total Revenue": NaN,
        "Gross Profit": NaN,
        "Operating Income": 244,
        "EBIT": NaN,
        "Net Income": 163
    },
    "2020-03-31": {
        "Diluted EPS": 0.04,
        "Total Revenue": NaN,
        "Gross Profit": NaN,
        "Operating Income": 60,
        "EBIT": NaN,
        "Net Income": 29
    },
    "2019-12-31": {
        "Diluted EPS": 0.93,
        "Total Revenue": NaN,
        "Gross Profit": NaN,
        "Operating Income": 940,
        "EBIT": NaN,
        "Net Income": 702
    },
    "2019-09-30": {
        "Diluted EPS": 0.71,
        "Total Revenue": NaN,
        "Gross Profit": NaN,
        "Operating Income": 689,
        "EBIT": NaN,
        "Net Income": 530
    },
    "2019-06-30": {
        "Diluted EPS": 0.57,
        "Total Revenue": NaN,
        "Gross Profit": NaN,
        "Operating Income": 577,
        "EBIT": NaN,
        "Net Income": 427
    },
    "2019-03-31": {
        "Diluted EPS": 1.12,
        "Total Revenue": NaN,
        "Gross Profit": NaN,
        "Operating Income": 996,
        "EBIT": NaN,
        "Net Income": 760
    },
    "2018-12-31": {
        "Diluted EPS": 0.67,
        "Total Revenue": NaN,
        "Gross Profit": NaN,
        "Operating Income": 585,
        "EBIT": NaN,
        "Net Income": 432
    },
    "2018-09-30": {
        "Diluted EPS": 0.61,
        "Total Revenue": NaN,
        "Gross Profit": NaN,
        "Operating Income": 550,
        "EBIT": NaN,
        "Net Income": 421
    },
    "2018-06-30": {
        "Diluted EPS": 0.82,
        "Total Revenue": NaN,
        "Gross Profit": NaN,
        "Operating Income": 748,
        "EBIT": NaN,
        "Net Income": 579
    },
    "2018-03-31": {
        "Diluted EPS": 0.96,
        "Total Revenue": NaN,
        "Gross Profit": NaN,
        "Operating Income": 882,
        "EBIT": NaN,
        "Net Income": 686
    },
    "2017-12-31": {
        "Diluted EPS": 0.63,
        "Total Revenue": NaN,
        "Gross Profit": NaN,
        "Operating Income": 600,
        "EBIT": NaN,
        "Net Income": 476
    },
    "2017-09-30": {
        "Diluted EPS": 1.35,
        "Total Revenue": NaN,
        "Gross Profit": NaN,
        "Operating Income": NaN,
        "EBIT": NaN,
        "Net Income": 999
    },
    "2017-06-30": {
        "Diluted EPS": 0.45,
        "Total Revenue": NaN,
        "Gross Profit": NaN,
        "Operating Income": 494,
        "EBIT": NaN,
        "Net Income": 340
    },
    "2017-03-31": {
        "Diluted EPS": 0.38,
        "Total Revenue": NaN,
        "Gross Profit": NaN,
        "Operating Income": 396,
        "EBIT": NaN,
        "Net Income": 290
    },
    "2016-12-31": {
        "Diluted EPS": 0.47,
        "Total Revenue": NaN,
        "Gross Profit": NaN,
        "Operating Income": 652,
        "EBIT": NaN,
        "Net Income": 358
    },
    "2016-09-30": {
        "Diluted EPS": 0.65,
        "Total Revenue": NaN,
        "Gross Profit": NaN,
        "Operating Income": 694,
        "EBIT": NaN,
        "Net Income": 501
    },
    "2016-06-30": {
        "Diluted EPS": 0.39,
        "Total Revenue": NaN,
        "Gross Profit": NaN,
        "Operating Income": 427,
        "EBIT": NaN,
        "Net Income": 305
    },
    "2016-03-31": {
        "Diluted EPS": 0.4,
        "Total Revenue": NaN,
        "Gross Profit": NaN,
        "Operating Income": 435,
        "EBIT": NaN,
        "Net Income": 308
    },
    "2015-12-31": {
        "Diluted EPS": 0.78,
        "Total Revenue": NaN,
        "Gross Profit": NaN,
        "Operating Income": 948,
        "EBIT": NaN,
        "Net Income": 628
    },
    "2015-09-30": {
        "Diluted EPS": 0.45,
        "Total Revenue": NaN,
        "Gross Profit": NaN,
        "Operating Income": 515,
        "EBIT": NaN,
        "Net Income": 362
    },
    "2015-06-30": {
        "Diluted EPS": 0.36,
        "Total Revenue": NaN,
        "Gross Profit": NaN,
        "Operating Income": 417,
        "EBIT": NaN,
        "Net Income": 289
    },
    "2015-03-31": {
        "Diluted EPS": 0.42,
        "Total Revenue": NaN,
        "Gross Profit": NaN,
        "Operating Income": 485,
        "EBIT": NaN,
        "Net Income": 343
    },
    "2014-12-31": {
        "Diluted EPS": 0.42,
        "Total Revenue": NaN,
        "Gross Profit": NaN,
        "Operating Income": 520,
        "EBIT": NaN,
        "Net Income": 353
    },
    "2014-09-30": {
        "Diluted EPS": 0.39,
        "Total Revenue": NaN,
        "Gross Profit": NaN,
        "Operating Income": 464,
        "EBIT": NaN,
        "Net Income": 328
    },
    "2014-06-30": {
        "Diluted EPS": 0.49,
        "Total Revenue": NaN,
        "Gross Profit": NaN,
        "Operating Income": 606,
        "EBIT": NaN,
        "Net Income": 412
    },
    "2014-03-31": {
        "Diluted EPS": 0.36,
        "Total Revenue": NaN,
        "Gross Profit": NaN,
        "Operating Income": 438,
        "EBIT": NaN,
        "Net Income": 309
    },
    "2013-12-31": {
        "Diluted EPS": 0.44,
        "Total Revenue": NaN,
        "Gross Profit": NaN,
        "Operating Income": 562,
        "EBIT": NaN,
        "Net Income": 383
    },
    "2013-09-30": {
        "Diluted EPS": 0.47,
        "Total Revenue": NaN,
        "Gross Profit": NaN,
        "Operating Income": 604,
        "EBIT": NaN,
        "Net Income": 421
    },
    "2013-06-30": {
        "Diluted EPS": 0.65,
        "Total Revenue": NaN,
        "Gross Profit": NaN,
        "Operating Income": 841,
        "EBIT": NaN,
        "Net Income": 582
    },
    "2013-03-31": {
        "Diluted EPS": 0.46,
        "Total Revenue": NaN,
        "Gross Profit": NaN,
        "Operating Income": 591,
        "EBIT": NaN,
        "Net Income": 413
    },
    "2012-12-31": {
        "Diluted EPS": 0.43,
        "Total Revenue": NaN,
        "Gross Profit": NaN,
        "Operating Income": 539,
        "EBIT": NaN,
        "Net Income": 395
    },
    "2012-09-30": {
        "Diluted EPS": 0.38,
        "Total Revenue": NaN,
        "Gross Profit": NaN,
        "Operating Income": 503,
        "EBIT": NaN,
        "Net Income": 354
    },
    "2012-06-30": {
        "Diluted EPS": 0.4,
        "Total Revenue": NaN,
        "Gross Profit": NaN,
        "Operating Income": 565,
        "EBIT": NaN,
        "Net Income": 373
    },
    "2012-03-31": {
        "Diluted EPS": 0.45,
        "Total Revenue": NaN,
        "Gross Profit": NaN,
        "Operating Income": 603,
        "EBIT": NaN,
        "Net Income": 419
    },
    "2011-12-31": {
        "Diluted EPS": 0.33,
        "Total Revenue": NaN,
        "Gross Profit": NaN,
        "Operating Income": 418,
        "EBIT": NaN,
        "Net Income": 309
    },
    "2011-09-30": {
        "Diluted EPS": 0.4,
        "Total Revenue": NaN,
        "Gross Profit": NaN,
        "Operating Income": 530,
        "EBIT": NaN,
        "Net Income": 371
    },
    "2011-06-30": {
        "Diluted EPS": 0.35,
        "Total Revenue": NaN,
        "Gross Profit": NaN,
        "Operating Income": 506,
        "EBIT": NaN,
        "Net Income": 326
    },
    "2011-03-31": {
        "Diluted EPS": 0.1,
        "Total Revenue": NaN,
        "Gross Profit": NaN,
        "Operating Income": 377,
        "EBIT": NaN,
        "Net Income": 88
    },
    "2010-12-31": {
        "Diluted EPS": 0.34,
        "Total Revenue": NaN,
        "Gross Profit": NaN,
        "Operating Income": 417,
        "EBIT": NaN,
        "Net Income": 267
    },
    "2010-09-30": {
        "Diluted EPS": 0.22,
        "Total Revenue": NaN,
        "Gross Profit": NaN,
        "Operating Income": 303,
        "EBIT": NaN,
        "Net Income": 175
    },
    "2010-06-30": {
        "Diluted EPS": 0.16,
        "Total Revenue": NaN,
        "Gross Profit": NaN,
        "Operating Income": 242,
        "EBIT": NaN,
        "Net Income": 130
    },
    "2010-03-31": {
        "Diluted EPS": -0.09,
        "Total Revenue": NaN,
        "Gross Profit": NaN,
        "Operating Income": -22,
        "EBIT": NaN,
        "Net Income": -72
    },
    "2009-12-31": {
        "Diluted EPS": -0.24,
        "Total Revenue": NaN,
        "Gross Profit": NaN,
        "Operating Income": -215,
        "EBIT": NaN,
        "Net Income": -160
    },
    "2009-09-30": {
        "Diluted EPS": -0.2,
        "Total Revenue": NaN,
        "Gross Profit": NaN,
        "Operating Income": -108,
        "EBIT": NaN,
        "Net Income": -159
    },
    "2009-06-30": {
        "Diluted EPS": 1.15,
        "Total Revenue": NaN,
        "Gross Profit": NaN,
        "Operating Income": NaN,
        "EBIT": NaN,
        "Net Income": 856
    },
    "2009-03-31": {
        "Diluted EPS": -0.04,
        "Total Revenue": NaN,
        "Gross Profit": NaN,
        "Operating Income": -262,
        "EBIT": NaN,
        "Net Income": -26
    },
    "2023-09-30": {
        "Tax Effect Of Unusual Items": 0.0,
        "Tax Rate For Calcs": 0.219858,
        "Total Unusual Items": NaN,
        "Total Unusual Items Excluding Goodwill": NaN,
        "Net Income From Continuing Operation Net Minority Interest": 660000000.0,
        "Reconciled Depreciation": NaN,
        "Net Interest Income": 1438000000.0,
        "Interest Expense": 1091000000.0,
        "Interest Income": 2529000000.0,
        "Normalized Income": 660000000.0,
        "Net Income From Continuing And Discontinued Operation": 660000000.0,
        "Rent Expense Supplemental": 29000000.0,
        "Diluted Average Shares": 687059000.0,
        "Basic Average Shares": 684224000.0,
        "Diluted EPS": 0.91,
        "Basic EPS": 0.91,
        "Diluted NI Availto Com Stockholders": 623000000.0,
        "Average Dilution Earnings": NaN,
        "Net Income Common Stockholders": 623000000.0,
        "Otherunder Preferred Stock Dividend": NaN,
        "Preferred Stock Dividends": 37000000.0,
        "Net Income": 660000000.0,
        "Net Income Including Noncontrolling Interests": 660000000.0,
        "Net Income Continuous Operations": 660000000.0,
        "Tax Provision": 186000000.0,
        "Pretax Income": 846000000.0,
        "Special Income Charges": NaN,
        "Gain On Sale Of Business": NaN,
        "Other Special Charges": NaN,
        "Write Off": NaN,
        "Restructuring And Mergern Acquisition": NaN,
        "Gain On Sale Of Security": -7000000.0,
        "Depreciation Amortization Depletion Income Statement": NaN,
        "Depreciation And Amortization In Income Statement": NaN,
        "Amortization": NaN,
        "Amortization Of Intangibles Income Statement": NaN,
        "Selling General And Administration": 693000000.0,
        "Selling And Marketing Expense": 35000000.0,
        "General And Administrative Expense": 658000000.0,
        "Insurance And Claims": NaN,
        "Rent And Landing Fees": 29000000.0,
        "Salaries And Wages": 629000000.0,
        "Total Revenue": 2132000000.0,
        "Operating Revenue": 2132000000.0
    }
}