{
    "2023-04-30": {
        "Tax Effect Of Unusual Items": NaN,
        "Tax Rate For Calcs": NaN,
        "Normalized EBITDA": NaN,
        "Total Unusual Items": NaN,
        "Total Unusual Items Excluding Goodwill": NaN,
        "Net Income From Continuing Operation Net Minority Interest": NaN,
        "Reconciled Depreciation": NaN,
        "Reconciled Cost Of Revenue": NaN,
        "EBITDA": NaN,
        "EBIT": NaN,
        "Net Interest Income": NaN,
        "Interest Expense": NaN,
        "Normalized Income": NaN,
        "Net Income From Continuing And Discontinued Operation": NaN,
        "Total Expenses": NaN,
        "Total Operating Income As Reported": NaN,
        "Diluted Average Shares": NaN,
        "Basic Average Shares": NaN,
        "Diluted EPS": NaN,
        "Basic EPS": NaN,
        "Diluted NI Availto Com Stockholders": NaN,
        "Net Income Common Stockholders": NaN,
        "Net Income": NaN,
        "Minority Interests": 0.0,
        "Net Income Including Noncontrolling Interests": NaN,
        "Net Income Continuous Operations": NaN,
        "Tax Provision": NaN,
        "Pretax Income": NaN,
        "Other Income Expense": NaN,
        "Other Non Operating Income Expenses": NaN,
        "Special Income Charges": NaN,
        "Gain On Sale Of Ppe": NaN,
        "Gain On Sale Of Business": NaN,
        "Other Special Charges": NaN,
        "Write Off": NaN,
        "Impairment Of Capital Assets": NaN,
        "Restructuring And Mergern Acquisition": NaN,
        "Earnings From Equity Interest": NaN,
        "Gain On Sale Of Security": NaN,
        "Net Non Operating Interest Income Expense": NaN,
        "Interest Expense Non Operating": NaN,
        "Operating Income": NaN,
        "Operating Expense": NaN,
        "Depreciation Amortization Depletion Income Statement": NaN,
        "Depreciation And Amortization In Income Statement": NaN,
        "Selling General And Administration": NaN,
        "General And Administrative Expense": 431000000.0,
        "Other Gand A": 431000000.0,
        "Salaries And Wages": 2000000.0,
        "Gross Profit": NaN,
        "Cost Of Revenue": NaN,
        "Total Revenue": NaN,
        "Operating Revenue": NaN
    },
    "2023-01-31": {
        "Tax Effect Of Unusual Items": NaN,
        "Tax Rate For Calcs": NaN,
        "Normalized EBITDA": NaN,
        "Total Unusual Items": NaN,
        "Total Unusual Items Excluding Goodwill": NaN,
        "Net Income From Continuing Operation Net Minority Interest": NaN,
        "Reconciled Depreciation": NaN,
        "Reconciled Cost Of Revenue": NaN,
        "EBITDA": NaN,
        "EBIT": NaN,
        "Net Interest Income": NaN,
        "Interest Expense": NaN,
        "Normalized Income": NaN,
        "Net Income From Continuing And Discontinued Operation": NaN,
        "Total Expenses": NaN,
        "Total Operating Income As Reported": NaN,
        "Diluted Average Shares": NaN,
        "Basic Average Shares": NaN,
        "Diluted EPS": NaN,
        "Basic EPS": NaN,
        "Diluted NI Availto Com Stockholders": NaN,
        "Net Income Common Stockholders": NaN,
        "Net Income": NaN,
        "Minority Interests": 0.0,
        "Net Income Including Noncontrolling Interests": NaN,
        "Net Income Continuous Operations": NaN,
        "Tax Provision": NaN,
        "Pretax Income": NaN,
        "Other Income Expense": NaN,
        "Other Non Operating Income Expenses": NaN,
        "Special Income Charges": NaN,
        "Gain On Sale Of Ppe": NaN,
        "Gain On Sale Of Business": NaN,
        "Other Special Charges": NaN,
        "Write Off": NaN,
        "Impairment Of Capital Assets": NaN,
        "Restructuring And Mergern Acquisition": NaN,
        "Earnings From Equity Interest": NaN,
        "Net Non Operating Interest Income Expense": NaN,
        "Interest Expense Non Operating": NaN,
        "Operating Income": NaN,
        "Operating Expense": NaN,
        "Depreciation Amortization Depletion Income Statement": NaN,
        "Depreciation And Amortization In Income Statement": NaN,
        "Selling General And Administration": NaN,
        "General And Administrative Expense": NaN,
        "Other Gand A": NaN,
        "Salaries And Wages": NaN,
        "Gross Profit": NaN,
        "Cost Of Revenue": NaN,
        "Total Revenue": NaN,
        "Operating Revenue": NaN
    },
    "2022-10-31": {
        "Tax Effect Of Unusual Items": NaN,
        "Tax Rate For Calcs": NaN,
        "Normalized EBITDA": NaN,
        "Total Unusual Items": NaN,
        "Total Unusual Items Excluding Goodwill": NaN,
        "Net Income From Continuing Operation Net Minority Interest": NaN,
        "Reconciled Depreciation": NaN,
        "Reconciled Cost Of Revenue": NaN,
        "EBITDA": NaN,
        "EBIT": NaN,
        "Net Interest Income": NaN,
        "Interest Expense": NaN,
        "Interest Income": 3000000.0,
        "Normalized Income": NaN,
        "Net Income From Continuing And Discontinued Operation": NaN,
        "Total Expenses": NaN,
        "Total Operating Income As Reported": NaN,
        "Diluted Average Shares": NaN,
        "Basic Average Shares": NaN,
        "Diluted EPS": NaN,
        "Basic EPS": NaN,
        "Diluted NI Availto Com Stockholders": NaN,
        "Net Income Common Stockholders": NaN,
        "Net Income": NaN,
        "Minority Interests": NaN,
        "Net Income Including Noncontrolling Interests": NaN,
        "Net Income Continuous Operations": NaN,
        "Tax Provision": NaN,
        "Pretax Income": NaN,
        "Other Income Expense": NaN,
        "Other Non Operating Income Expenses": NaN,
        "Special Income Charges": NaN,
        "Gain On Sale Of Ppe": 0.0,
        "Gain On Sale Of Business": 1000000.0,
        "Other Special Charges": NaN,
        "Write Off": NaN,
        "Impairment Of Capital Assets": NaN,
        "Restructuring And Mergern Acquisition": NaN,
        "Earnings From Equity Interest": NaN,
        "Gain On Sale Of Security": -15000000.0,
        "Net Non Operating Interest Income Expense": NaN,
        "Interest Expense Non Operating": NaN,
        "Interest Income Non Operating": 3000000.0,
        "Operating Income": NaN,
        "Operating Expense": NaN,
        "Depreciation Amortization Depletion Income Statement": NaN,
        "Depreciation And Amortization In Income Statement": NaN,
        "Selling General And Administration": NaN,
        "General And Administrative Expense": NaN,
        "Other Gand A": NaN,
        "Salaries And Wages": NaN,
        "Gross Profit": NaN,
        "Cost Of Revenue": NaN,
        "Total Revenue": NaN,
        "Operating Revenue": NaN
    },
    "2022-07-31": {
        "Tax Effect Of Unusual Items": -4111888.111888,
        "Tax Rate For Calcs": 0.342657,
        "Normalized EBITDA": 211000000.0,
        "Total Unusual Items": -12000000.0,
        "Total Unusual Items Excluding Goodwill": -12000000.0,
        "Net Income From Continuing Operation Net Minority Interest": 94000000.0,
        "Reconciled Depreciation": 51000000.0,
        "Reconciled Cost Of Revenue": 1411000000.0,
        "EBITDA": 199000000.0,
        "EBIT": 148000000.0,
        "Net Interest Income": -5000000.0,
        "Interest Expense": 5000000.0,
        "Interest Income": 1000000.0,
        "Normalized Income": 101888111.888112,
        "Net Income From Continuing And Discontinued Operation": 94000000.0,
        "Total Expenses": 1914000000.0,
        "Total Operating Income As Reported": 139000000.0,
        "Diluted Average Shares": 95100000.0,
        "Basic Average Shares": 94100000.0,
        "Diluted EPS": 0.99,
        "Basic EPS": 1.0,
        "Diluted NI Availto Com Stockholders": 94000000.0,
        "Net Income Common Stockholders": 94000000.0,
        "Net Income": 94000000.0,
        "Minority Interests": 0.0,
        "Net Income Including Noncontrolling Interests": 94000000.0,
        "Net Income Discontinuous Operations": NaN,
        "Net Income Continuous Operations": 94000000.0,
        "Tax Provision": 49000000.0,
        "Pretax Income": 143000000.0,
        "Other Income Expense": -3000000.0,
        "Other Non Operating Income Expenses": 9000000.0,
        "Special Income Charges": -12000000.0,
        "Gain On Sale Of Business": NaN,
        "Write Off": 12000000.0,
        "Impairment Of Capital Assets": 2000000.0,
        "Restructuring And Mergern Acquisition": 1000000.0,
        "Earnings From Equity Interest": NaN,
        "Net Non Operating Interest Income Expense": -5000000.0,
        "Interest Expense Non Operating": 5000000.0,
        "Interest Income Non Operating": 1000000.0,
        "Operating Income": 151000000.0,
        "Operating Expense": 503000000.0,
        "Depreciation Amortization Depletion Income Statement": 51000000.0,
        "Depreciation And Amortization In Income Statement": 51000000.0,
        "Selling General And Administration": 452000000.0,
        "Gross Profit": 654000000.0,
        "Cost Of Revenue": 1411000000.0,
        "Total Revenue": 2065000000.0,
        "Operating Revenue": 2065000000.0
    },
    "2023-07-31": {
        "Tax Effect Of Unusual Items": NaN,
        "Tax Rate For Calcs": NaN,
        "Normalized EBITDA": NaN,
        "Total Unusual Items": NaN,
        "Total Unusual Items Excluding Goodwill": NaN,
        "Net Income From Continuing Operation Net Minority Interest": NaN,
        "Reconciled Depreciation": NaN,
        "Reconciled Cost Of Revenue": NaN,
        "EBITDA": NaN,
        "EBIT": NaN,
        "Net Interest Income": NaN,
        "Interest Expense": NaN,
        "Normalized Income": NaN,
        "Net Income From Continuing And Discontinued Operation": NaN,
        "Total Expenses": NaN,
        "Total Operating Income As Reported": NaN,
        "Diluted Average Shares": 94200000.0,
        "Basic Average Shares": 94154039.0,
        "Diluted EPS": -0.053104,
        "Basic EPS": -0.053104,
        "Diluted NI Availto Com Stockholders": NaN,
        "Net Income Common Stockholders": NaN,
        "Net Income": NaN,
        "Minority Interests": 0.0,
        "Net Income Including Noncontrolling Interests": NaN,
        "Net Income Continuous Operations": NaN,
        "Tax Provision": NaN,
        "Pretax Income": NaN,
        "Other Income Expense": NaN,
        "Other Non Operating Income Expenses": -9000000.0,
        "Special Income Charges": NaN,
        "Gain On Sale Of Ppe": NaN,
        "Gain On Sale Of Business": 2000000.0,
        "Other Special Charges": NaN,
        "Write Off": 1000000.0,
        "Impairment Of Capital Assets": NaN,
        "Restructuring And Mergern Acquisition": NaN,
        "Earnings From Equity Interest": NaN,
        "Gain On Sale Of Security": NaN,
        "Net Non Operating Interest Income Expense": NaN,
        "Interest Expense Non Operating": NaN,
        "Operating Income": NaN,
        "Operating Expense": NaN,
        "Depreciation Amortization Depletion Income Statement": NaN,
        "Depreciation And Amortization In Income Statement": NaN,
        "Selling General And Administration": NaN,
        "General And Administrative Expense": 444000000.0,
        "Other Gand A": 442000000.0,
        "Salaries And Wages": 2000000.0,
        "Gross Profit": NaN,
        "Cost Of Revenue": NaN,
        "Total Revenue": NaN,
        "Operating Revenue": NaN
    },
    "2023-10-31": {
        "Tax Effect Of Unusual Items": 0.0,
        "Tax Rate For Calcs": 0.394,
        "Normalized EBITDA": 96000000.0,
        "Total Unusual Items": 0.0,
        "Total Unusual Items Excluding Goodwill": 0.0,
        "Net Income From Continuing Operation Net Minority Interest": 28000000.0,
        "Reconciled Depreciation": 47000000.0,
        "Reconciled Cost Of Revenue": 1443000000.0,
        "EBITDA": 96000000.0,
        "EBIT": 49000000.0,
        "Net Interest Income": -2000000.0,
        "Interest Expense": 2000000.0,
        "Normalized Income": 28000000.0,
        "Net Income From Continuing And Discontinued Operation": 28000000.0,
        "Total Expenses": 1936000000.0,
        "Total Operating Income As Reported": 47000000.0,
        "Diluted Average Shares": 94700000.0,
        "Basic Average Shares": 94161807.0,
        "Diluted EPS": 0.29736,
        "Basic EPS": 0.29736,
        "Diluted NI Availto Com Stockholders": 28000000.0,
        "Net Income Common Stockholders": 28000000.0,
        "Net Income": 28000000.0,
        "Minority Interests": 0.0,
        "Net Income Including Noncontrolling Interests": 28000000.0,
        "Net Income Continuous Operations": 28000000.0,
        "Tax Provision": 19000000.0,
        "Pretax Income": 47000000.0,
        "Other Income Expense": -4000000.0,
        "Other Non Operating Income Expenses": -4000000.0,
        "Special Income Charges": 0.0,
        "Gain On Sale Of Ppe": 3000000.0,
        "Gain On Sale Of Business": 2000000.0,
        "Other Special Charges": NaN,
        "Write Off": 0.0,
        "Impairment Of Capital Assets": -2000000.0,
        "Restructuring And Mergern Acquisition": 7000000.0,
        "Earnings From Equity Interest": 0.0,
        "Gain On Sale Of Security": NaN,
        "Net Non Operating Interest Income Expense": -2000000.0,
        "Interest Expense Non Operating": 2000000.0,
        "Operating Income": 53000000.0,
        "Operating Expense": 493000000.0,
        "Depreciation Amortization Depletion Income Statement": 47000000.0,
        "Depreciation And Amortization In Income Statement": 47000000.0,
        "Selling General And Administration": 446000000.0,
        "General And Administrative Expense": 446000000.0,
        "Other Gand A": 446000000.0,
        "Salaries And Wages": 2000000.0,
        "Gross Profit": 546000000.0,
        "Cost Of Revenue": 1443000000.0,
        "Total Revenue": 1989000000.0,
        "Operating Revenue": 1989000000.0
    },
    "2024-01-31": {
        "Tax Effect Of Unusual Items": -128816793.89313,
        "Tax Rate For Calcs": 0.257634,
        "Normalized EBITDA": 29000000.0,
        "Total Unusual Items": -500000000.0,
        "Total Unusual Items Excluding Goodwill": -500000000.0,
        "Net Income From Continuing Operation Net Minority Interest": -389000000.0,
        "Reconciled Depreciation": 51000000.0,
        "Reconciled Cost Of Revenue": 1746000000.0,
        "EBITDA": -471000000.0,
        "EBIT": -522000000.0,
        "Net Interest Income": -2000000.0,
        "Interest Expense": 2000000.0,
        "Normalized Income": -17816793.89313,
        "Net Income From Continuing And Discontinued Operation": -389000000.0,
        "Total Expenses": 2330000000.0,
        "Total Operating Income As Reported": 33000000.0,
        "Diluted Average Shares": NaN,
        "Basic Average Shares": NaN,
        "Diluted EPS": NaN,
        "Basic EPS": NaN,
        "Diluted NI Availto Com Stockholders": -389000000.0,
        "Net Income Common Stockholders": -389000000.0,
        "Net Income": -389000000.0,
        "Minority Interests": 0.0,
        "Net Income Including Noncontrolling Interests": -389000000.0,
        "Net Income Continuous Operations": -389000000.0,
        "Tax Provision": -135000000.0,
        "Pretax Income": -524000000.0,
        "Other Income Expense": -576000000.0,
        "Other Non Operating Income Expenses": -76000000.0,
        "Special Income Charges": -22000000.0,
        "Gain On Sale Of Ppe": 0.0,
        "Gain On Sale Of Business": -1000000.0,
        "Other Special Charges": NaN,
        "Write Off": -1000000.0,
        "Impairment Of Capital Assets": 20000000.0,
        "Restructuring And Mergern Acquisition": 1000000.0,
        "Earnings From Equity Interest": 0.0,
        "Gain On Sale Of Security": NaN,
        "Net Non Operating Interest Income Expense": -2000000.0,
        "Interest Expense Non Operating": 2000000.0,
        "Operating Income": 54000000.0,
        "Operating Expense": 584000000.0,
        "Depreciation Amortization Depletion Income Statement": 51000000.0,
        "Depreciation And Amortization In Income Statement": 51000000.0,
        "Selling General And Administration": 533000000.0,
        "General And Administrative Expense": 533000000.0,
        "Other Gand A": 533000000.0,
        "Salaries And Wages": 77000000.0,
        "Gross Profit": 638000000.0,
        "Cost Of Revenue": 1746000000.0,
        "Total Revenue": 2384000000.0,
        "Operating Revenue": 2384000000.0
    },
    "2024-04-30": {
        "Tax Effect Of Unusual Items": -5376000.0,
        "Tax Rate For Calcs": 0.384,
        "Normalized EBITDA": 79000000.0,
        "Total Unusual Items": -14000000.0,
        "Total Unusual Items Excluding Goodwill": -14000000.0,
        "Net Income From Continuing Operation Net Minority Interest": 8000000.0,
        "Reconciled Depreciation": 51000000.0,
        "Reconciled Cost Of Revenue": 1335000000.0,
        "EBITDA": 65000000.0,
        "EBIT": 14000000.0,
        "Net Interest Income": -1000000.0,
        "Interest Expense": 1000000.0,
        "Normalized Income": 16624000.0,
        "Net Income From Continuing And Discontinued Operation": 8000000.0,
        "Total Expenses": 1847000000.0,
        "Total Operating Income As Reported": 18000000.0,
        "Diluted Average Shares": 95300000.0,
        "Basic Average Shares": 94718024.0,
        "Diluted EPS": 0.084661,
        "Basic EPS": 0.084661,
        "Diluted NI Availto Com Stockholders": 8000000.0,
        "Net Income Common Stockholders": 8000000.0,
        "Net Income": 8000000.0,
        "Minority Interests": NaN,
        "Net Income Including Noncontrolling Interests": 8000000.0,
        "Net Income Continuous Operations": 8000000.0,
        "Tax Provision": 5000000.0,
        "Pretax Income": 13000000.0,
        "Other Income Expense": -18000000.0,
        "Other Non Operating Income Expenses": -2000000.0,
        "Special Income Charges": -14000000.0,
        "Gain On Sale Of Ppe": NaN,
        "Gain On Sale Of Business": NaN,
        "Other Special Charges": 7000000.0,
        "Write Off": NaN,
        "Impairment Of Capital Assets": 7000000.0,
        "Restructuring And Mergern Acquisition": 0.0,
        "Earnings From Equity Interest": -2000000.0,
        "Gain On Sale Of Security": NaN,
        "Net Non Operating Interest Income Expense": -1000000.0,
        "Interest Expense Non Operating": 1000000.0,
        "Operating Income": 32000000.0,
        "Operating Expense": 512000000.0,
        "Depreciation Amortization Depletion Income Statement": 51000000.0,
        "Depreciation And Amortization In Income Statement": 51000000.0,
        "Selling General And Administration": 461000000.0,
        "General And Administrative Expense": 461000000.0,
        "Other Gand A": 461000000.0,
        "Salaries And Wages": 2000000.0,
        "Gross Profit": 544000000.0,
        "Cost Of Revenue": 1335000000.0,
        "Total Revenue": 1879000000.0,
        "Operating Revenue": 1879000000.0
    },
    "2024-07-31": {
        "Tax Effect Of Unusual Items": -1341000.0,
        "Tax Rate For Calcs": 0.149,
        "Normalized EBITDA": 49000000.0,
        "Total Unusual Items": -9000000.0,
        "Total Unusual Items Excluding Goodwill": -9000000.0,
        "Net Income From Continuing Operation Net Minority Interest": -12000000.0,
        "Reconciled Depreciation": 51000000.0,
        "Reconciled Cost Of Revenue": 1373000000.0,
        "EBITDA": 40000000.0,
        "EBIT": -11000000.0,
        "Net Interest Income": -3000000.0,
        "Interest Expense": 3000000.0,
        "Normalized Income": -4341000.0,
        "Net Income From Continuing And Discontinued Operation": -12000000.0,
        "Total Expenses": 1900000000.0,
        "Total Operating Income As Reported": -9000000.0,
        "Diluted Average Shares": 95000000.0,
        "Basic Average Shares": 94840224.0,
        "Diluted EPS": -0.13,
        "Basic EPS": -0.126692,
        "Diluted NI Availto Com Stockholders": -12000000.0,
        "Net Income Common Stockholders": -12000000.0,
        "Net Income": -12000000.0,
        "Minority Interests": NaN,
        "Net Income Including Noncontrolling Interests": -12000000.0,
        "Net Income Continuous Operations": -12000000.0,
        "Tax Provision": -2000000.0,
        "Pretax Income": -14000000.0,
        "Other Income Expense": -11000000.0,
        "Other Non Operating Income Expenses": -2000000.0,
        "Special Income Charges": -9000000.0,
        "Gain On Sale Of Ppe": NaN,
        "Gain On Sale Of Business": 0.0,
        "Other Special Charges": NaN,
        "Write Off": 0.0,
        "Impairment Of Capital Assets": 9000000.0,
        "Restructuring And Mergern Acquisition": 0.0,
        "Earnings From Equity Interest": 0.0,
        "Gain On Sale Of Security": NaN,
        "Net Non Operating Interest Income Expense": -3000000.0,
        "Interest Expense Non Operating": 3000000.0,
        "Operating Income": 0.0,
        "Operating Expense": 527000000.0,
        "Depreciation Amortization Depletion Income Statement": 51000000.0,
        "Depreciation And Amortization In Income Statement": 51000000.0,
        "Selling General And Administration": 476000000.0,
        "General And Administrative Expense": NaN,
        "Other Gand A": NaN,
        "Salaries And Wages": NaN,
        "Gross Profit": 527000000.0,
        "Cost Of Revenue": 1373000000.0,
        "Total Revenue": 1900000000.0,
        "Operating Revenue": 1900000000.0
    },
    "2024-10-31": {
        "Tax Effect Of Unusual Items": -15330000.0,
        "Tax Rate For Calcs": 0.21,
        "Normalized EBITDA": 101000000.0,
        "Total Unusual Items": -73000000.0,
        "Total Unusual Items Excluding Goodwill": -73000000.0,
        "Net Income From Continuing Operation Net Minority Interest": -33000000.0,
        "Reconciled Depreciation": 51000000.0,
        "Reconciled Cost Of Revenue": 1378000000.0,
        "EBITDA": 28000000.0,
        "EBIT": -23000000.0,
        "Net Interest Income": -2000000.0,
        "Interest Expense": 2000000.0,
        "Normalized Income": 24670000.0,
        "Net Income From Continuing And Discontinued Operation": -33000000.0,
        "Total Expenses": 1911000000.0,
        "Total Operating Income As Reported": 12000000.0,
        "Diluted Average Shares": 95000000.0,
        "Basic Average Shares": 94881046.0,
        "Diluted EPS": -0.347911,
        "Basic EPS": -0.347911,
        "Diluted NI Availto Com Stockholders": -33000000.0,
        "Net Income Common Stockholders": -33000000.0,
        "Net Income": -33000000.0,
        "Minority Interests": NaN,
        "Net Income Including Noncontrolling Interests": -33000000.0,
        "Net Income Continuous Operations": -33000000.0,
        "Tax Provision": 8000000.0,
        "Pretax Income": -25000000.0,
        "Other Income Expense": -73000000.0,
        "Other Non Operating Income Expenses": NaN,
        "Special Income Charges": -38000000.0,
        "Gain On Sale Of Ppe": 0.0,
        "Gain On Sale Of Business": 0.0,
        "Other Special Charges": NaN,
        "Write Off": 0.0,
        "Impairment Of Capital Assets": 31000000.0,
        "Restructuring And Mergern Acquisition": 7000000.0,
        "Earnings From Equity Interest": 0.0,
        "Gain On Sale Of Security": -35000000.0,
        "Net Non Operating Interest Income Expense": -2000000.0,
        "Interest Expense Non Operating": 2000000.0,
        "Operating Income": 50000000.0,
        "Operating Expense": 533000000.0,
        "Depreciation Amortization Depletion Income Statement": 51000000.0,
        "Depreciation And Amortization In Income Statement": 51000000.0,
        "Selling General And Administration": 482000000.0,
        "General And Administrative Expense": NaN,
        "Other Gand A": NaN,
        "Salaries And Wages": NaN,
        "Gross Profit": 583000000.0,
        "Cost Of Revenue": 1378000000.0,
        "Total Revenue": 1961000000.0,
        "Operating Revenue": 1961000000.0
    }
}