{
    "2023-03-31": {
        "Tax Effect Of Unusual Items": -21507.352941,
        "Tax Rate For Calcs": 0.023897,
        "Normalized EBITDA": -1399000.0,
        "Total Unusual Items": -900000.0,
        "Total Unusual Items Excluding Goodwill": -900000.0,
        "Net Income From Continuing Operation Net Minority Interest": -3157000.0,
        "Reconciled Depreciation": 942000.0,
        "Reconciled Cost Of Revenue": 13895000.0,
        "EBITDA": -2299000.0,
        "EBIT": -3241000.0,
        "Net Interest Income": -23000.0,
        "Interest Expense": 23000.0,
        "Interest Income": NaN,
        "Normalized Income": -2278507.352941,
        "Net Income From Continuing And Discontinued Operation": -3876000.0,
        "Total Expenses": 21660000.0,
        "Rent Expense Supplemental": 316000.0,
        "Total Operating Income As Reported": -2370000.0,
        "Diluted Average Shares": 6640000.0,
        "Basic Average Shares": 6640000.0,
        "Diluted EPS": -0.58,
        "Basic EPS": -0.58,
        "Diluted NI Availto Com Stockholders": -3876000.0,
        "Net Income Common Stockholders": -3876000.0,
        "Net Income": -3876000.0,
        "Minority Interests": 29000.0,
        "Net Income Including Noncontrolling Interests": -3905000.0,
        "Net Income Discontinuous Operations": -719000.0,
        "Net Income Continuous Operations": -3186000.0,
        "Tax Provision": -78000.0,
        "Pretax Income": -3264000.0,
        "Other Income Expense": -900000.0,
        "Special Income Charges": -29000.0,
        "Write Off": 29000.0,
        "Impairment Of Capital Assets": NaN,
        "Gain On Sale Of Security": -871000.0,
        "Net Non Operating Interest Income Expense": -23000.0,
        "Interest Expense Non Operating": 23000.0,
        "Interest Income Non Operating": NaN,
        "Operating Income": -2341000.0,
        "Operating Expense": 7687000.0,
        "Other Operating Expenses": 509000.0,
        "Depreciation Amortization Depletion Income Statement": 864000.0,
        "Depreciation And Amortization In Income Statement": 864000.0,
        "Research And Development": 16000.0,
        "Selling General And Administration": 6298000.0,
        "Selling And Marketing Expense": 1308000.0,
        "General And Administrative Expense": 4990000.0,
        "Other Gand A": 4020000.0,
        "Rent And Landing Fees": 316000.0,
        "Salaries And Wages": 654000.0,
        "Gross Profit": 5346000.0,
        "Cost Of Revenue": 13973000.0,
        "Total Revenue": 19319000.0,
        "Operating Revenue": 19319000.0
    },
    "2022-12-31": {
        "Tax Effect Of Unusual Items": NaN,
        "Tax Rate For Calcs": NaN,
        "Normalized EBITDA": NaN,
        "Total Unusual Items": NaN,
        "Total Unusual Items Excluding Goodwill": NaN,
        "Net Income From Continuing Operation Net Minority Interest": NaN,
        "Reconciled Depreciation": NaN,
        "Reconciled Cost Of Revenue": NaN,
        "EBITDA": NaN,
        "EBIT": NaN,
        "Net Interest Income": NaN,
        "Interest Expense": NaN,
        "Interest Income": NaN,
        "Normalized Income": NaN,
        "Net Income From Continuing And Discontinued Operation": NaN,
        "Total Expenses": NaN,
        "Rent Expense Supplemental": NaN,
        "Total Operating Income As Reported": NaN,
        "Diluted Average Shares": NaN,
        "Basic Average Shares": NaN,
        "Diluted EPS": NaN,
        "Basic EPS": NaN,
        "Diluted NI Availto Com Stockholders": NaN,
        "Net Income Common Stockholders": NaN,
        "Net Income": NaN,
        "Minority Interests": NaN,
        "Net Income Including Noncontrolling Interests": NaN,
        "Net Income Discontinuous Operations": NaN,
        "Net Income Continuous Operations": NaN,
        "Tax Provision": NaN,
        "Pretax Income": NaN,
        "Other Income Expense": NaN,
        "Special Income Charges": NaN,
        "Write Off": NaN,
        "Impairment Of Capital Assets": 9452000.0,
        "Gain On Sale Of Security": NaN,
        "Net Non Operating Interest Income Expense": NaN,
        "Interest Expense Non Operating": NaN,
        "Interest Income Non Operating": NaN,
        "Operating Income": NaN,
        "Operating Expense": NaN,
        "Other Operating Expenses": NaN,
        "Depreciation Amortization Depletion Income Statement": NaN,
        "Depreciation And Amortization In Income Statement": NaN,
        "Research And Development": NaN,
        "Selling General And Administration": NaN,
        "Selling And Marketing Expense": NaN,
        "General And Administrative Expense": NaN,
        "Other Gand A": NaN,
        "Rent And Landing Fees": NaN,
        "Salaries And Wages": NaN,
        "Gross Profit": NaN,
        "Cost Of Revenue": NaN,
        "Total Revenue": NaN,
        "Operating Revenue": NaN
    },
    "2022-09-30": {
        "Tax Effect Of Unusual Items": NaN,
        "Tax Rate For Calcs": NaN,
        "Normalized EBITDA": NaN,
        "Total Unusual Items": NaN,
        "Total Unusual Items Excluding Goodwill": NaN,
        "Net Income From Continuing Operation Net Minority Interest": NaN,
        "Reconciled Depreciation": NaN,
        "Reconciled Cost Of Revenue": NaN,
        "EBITDA": NaN,
        "EBIT": NaN,
        "Net Interest Income": NaN,
        "Interest Expense": NaN,
        "Interest Income": 5000.0,
        "Normalized Income": NaN,
        "Net Income From Continuing And Discontinued Operation": NaN,
        "Total Expenses": NaN,
        "Rent Expense Supplemental": NaN,
        "Total Operating Income As Reported": NaN,
        "Diluted Average Shares": 3831000.0,
        "Basic Average Shares": 3831000.0,
        "Diluted EPS": -1.93,
        "Basic EPS": -1.93,
        "Diluted NI Availto Com Stockholders": NaN,
        "Net Income Common Stockholders": NaN,
        "Net Income": NaN,
        "Minority Interests": NaN,
        "Net Income Including Noncontrolling Interests": NaN,
        "Net Income Discontinuous Operations": NaN,
        "Net Income Continuous Operations": NaN,
        "Tax Provision": NaN,
        "Pretax Income": NaN,
        "Other Income Expense": NaN,
        "Special Income Charges": NaN,
        "Write Off": NaN,
        "Impairment Of Capital Assets": 0.0,
        "Gain On Sale Of Security": NaN,
        "Net Non Operating Interest Income Expense": NaN,
        "Interest Expense Non Operating": NaN,
        "Interest Income Non Operating": 5000.0,
        "Operating Income": NaN,
        "Operating Expense": NaN,
        "Other Operating Expenses": NaN,
        "Depreciation Amortization Depletion Income Statement": NaN,
        "Depreciation And Amortization In Income Statement": NaN,
        "Research And Development": NaN,
        "Selling General And Administration": NaN,
        "Selling And Marketing Expense": NaN,
        "General And Administrative Expense": NaN,
        "Other Gand A": NaN,
        "Rent And Landing Fees": NaN,
        "Salaries And Wages": NaN,
        "Gross Profit": NaN,
        "Cost Of Revenue": NaN,
        "Total Revenue": NaN,
        "Operating Revenue": NaN
    },
    "2022-06-30": {
        "Tax Effect Of Unusual Items": 0.0,
        "Tax Rate For Calcs": 0.0,
        "Normalized EBITDA": -5780000.0,
        "Total Unusual Items": -17948000.0,
        "Total Unusual Items Excluding Goodwill": -17948000.0,
        "Net Income From Continuing Operation Net Minority Interest": -25045000.0,
        "Reconciled Depreciation": 1258000.0,
        "Reconciled Cost Of Revenue": 6095000.0,
        "EBITDA": -23728000.0,
        "EBIT": -24986000.0,
        "Net Interest Income": -90000.0,
        "Interest Expense": NaN,
        "Interest Income": 12000.0,
        "Normalized Income": -7097000.0,
        "Net Income From Continuing And Discontinued Operation": -25045000.0,
        "Total Expenses": 17019000.0,
        "Rent Expense Supplemental": 136000.0,
        "Total Operating Income As Reported": -23452000.0,
        "Diluted Average Shares": 3836000.0,
        "Basic Average Shares": 3836000.0,
        "Diluted EPS": -6.42,
        "Basic EPS": -6.42,
        "Diluted NI Availto Com Stockholders": -25045000.0,
        "Net Income Common Stockholders": -25045000.0,
        "Net Income": -25045000.0,
        "Minority Interests": 41000.0,
        "Net Income Including Noncontrolling Interests": -25086000.0,
        "Net Income Discontinuous Operations": -1579000.0,
        "Net Income Continuous Operations": -25086000.0,
        "Tax Provision": 0.0,
        "Pretax Income": -25086000.0,
        "Other Income Expense": -17948000.0,
        "Special Income Charges": -16404000.0,
        "Write Off": 404000.0,
        "Impairment Of Capital Assets": NaN,
        "Gain On Sale Of Security": -1544000.0,
        "Net Non Operating Interest Income Expense": -90000.0,
        "Interest Expense Non Operating": NaN,
        "Interest Income Non Operating": 12000.0,
        "Operating Income": -7048000.0,
        "Operating Expense": 10924000.0,
        "Other Operating Expenses": 1009000.0,
        "Depreciation Amortization Depletion Income Statement": 1258000.0,
        "Depreciation And Amortization In Income Statement": 1258000.0,
        "Research And Development": 212000.0,
        "Selling General And Administration": 8445000.0,
        "Selling And Marketing Expense": 2170000.0,
        "General And Administrative Expense": 6275000.0,
        "Other Gand A": 5153000.0,
        "Rent And Landing Fees": 136000.0,
        "Salaries And Wages": 1329000.0,
        "Gross Profit": 3876000.0,
        "Cost Of Revenue": 6095000.0,
        "Total Revenue": 9971000.0,
        "Operating Revenue": 9971000.0
    },
    "2022-03-31": {
        "Diluted EPS": -2.2,
        "Total Revenue": 5,
        "Gross Profit": 3,
        "Operating Income": -8,
        "EBIT": -7,
        "Net Income": -8
    },
    "2021-09-30": {
        "Diluted EPS": -1.6,
        "Total Revenue": 2,
        "Gross Profit": 1,
        "Operating Income": -4,
        "EBIT": -4,
        "Net Income": -4
    },
    "2021-06-30": {
        "Diluted EPS": -1.4,
        "Total Revenue": 1,
        "Gross Profit": 0,
        "Operating Income": -3,
        "EBIT": -3,
        "Net Income": -3
    },
    "2020-12-31": {
        "Diluted EPS": 0.0,
        "Total Revenue": NaN,
        "Gross Profit": NaN,
        "Operating Income": NaN,
        "EBIT": NaN,
        "Net Income": NaN
    },
    "2020-06-30": {
        "Diluted EPS": -1.2,
        "Total Revenue": NaN,
        "Gross Profit": NaN,
        "Operating Income": -2,
        "EBIT": -2,
        "Net Income": -2
    },
    "2019-12-31": {
        "Diluted EPS": 0.0,
        "Total Revenue": NaN,
        "Gross Profit": NaN,
        "Operating Income": NaN,
        "EBIT": NaN,
        "Net Income": NaN
    },
    "2023-06-30": {
        "Tax Effect Of Unusual Items": -968371.031225,
        "Tax Rate For Calcs": 0.029362,
        "Normalized EBITDA": -4158000.0,
        "Total Unusual Items": -32980000.0,
        "Total Unusual Items Excluding Goodwill": -32980000.0,
        "Net Income From Continuing Operation Net Minority Interest": -37257000.0,
        "Reconciled Depreciation": 944000.0,
        "Reconciled Cost Of Revenue": 17430000.0,
        "EBITDA": -37138000.0,
        "EBIT": -38082000.0,
        "Net Interest Income": -28000.0,
        "Interest Expense": 28000.0,
        "Interest Income": NaN,
        "Normalized Income": -5245371.031225,
        "Net Income From Continuing And Discontinued Operation": -44556000.0,
        "Total Expenses": 26562000.0,
        "Rent Expense Supplemental": 308000.0,
        "Total Operating Income As Reported": -40061000.0,
        "Diluted Average Shares": 6726000.0,
        "Basic Average Shares": 6726000.0,
        "Diluted EPS": -6.58,
        "Basic EPS": -6.58,
        "Diluted NI Availto Com Stockholders": -44556000.0,
        "Net Income Common Stockholders": -44556000.0,
        "Net Income": -44556000.0,
        "Minority Interests": -266000.0,
        "Net Income Including Noncontrolling Interests": -44290000.0,
        "Net Income Discontinuous Operations": -7299000.0,
        "Net Income Continuous Operations": -36991000.0,
        "Tax Provision": -1119000.0,
        "Pretax Income": -38110000.0,
        "Other Income Expense": -32980000.0,
        "Special Income Charges": -34959000.0,
        "Write Off": 34959000.0,
        "Impairment Of Capital Assets": NaN,
        "Gain On Sale Of Security": 1979000.0,
        "Net Non Operating Interest Income Expense": -28000.0,
        "Interest Expense Non Operating": 28000.0,
        "Interest Income Non Operating": NaN,
        "Operating Income": -5102000.0,
        "Operating Expense": 9062000.0,
        "Other Operating Expenses": 1251000.0,
        "Depreciation Amortization Depletion Income Statement": 874000.0,
        "Depreciation And Amortization In Income Statement": 874000.0,
        "Research And Development": 13000.0,
        "Selling General And Administration": 6924000.0,
        "Selling And Marketing Expense": 1263000.0,
        "General And Administrative Expense": 5661000.0,
        "Other Gand A": 5015000.0,
        "Rent And Landing Fees": 308000.0,
        "Salaries And Wages": 338000.0,
        "Gross Profit": 3960000.0,
        "Cost Of Revenue": 17500000.0,
        "Total Revenue": 21460000.0,
        "Operating Revenue": 21460000.0
    },
    "2023-09-30": {
        "Tax Effect Of Unusual Items": 241290.0,
        "Tax Rate For Calcs": 0.21,
        "Normalized EBITDA": -248000.0,
        "Total Unusual Items": 1149000.0,
        "Total Unusual Items Excluding Goodwill": 1149000.0,
        "Net Income From Continuing Operation Net Minority Interest": 745000.0,
        "Reconciled Depreciation": 306000.0,
        "Reconciled Cost Of Revenue": 12374000.0,
        "EBITDA": 901000.0,
        "EBIT": 595000.0,
        "Net Interest Income": -16000.0,
        "Interest Expense": 16000.0,
        "Interest Income": NaN,
        "Normalized Income": -162710.0,
        "Net Income From Continuing And Discontinued Operation": 1237000.0,
        "Total Expenses": 17871000.0,
        "Rent Expense Supplemental": 286000.0,
        "Total Operating Income As Reported": -540000.0,
        "Diluted Average Shares": 7637000.0,
        "Basic Average Shares": 6940000.0,
        "Diluted EPS": 0.16,
        "Basic EPS": 0.18,
        "Diluted NI Availto Com Stockholders": 1237000.0,
        "Net Income Common Stockholders": 1237000.0,
        "Net Income": 1237000.0,
        "Minority Interests": 115000.0,
        "Net Income Including Noncontrolling Interests": 1122000.0,
        "Net Income Discontinuous Operations": 492000.0,
        "Net Income Continuous Operations": 630000.0,
        "Tax Provision": -51000.0,
        "Pretax Income": 579000.0,
        "Other Income Expense": 1149000.0,
        "Special Income Charges": 14000.0,
        "Write Off": -14000.0,
        "Impairment Of Capital Assets": NaN,
        "Gain On Sale Of Security": 1135000.0,
        "Net Non Operating Interest Income Expense": -16000.0,
        "Interest Expense Non Operating": 16000.0,
        "Interest Income Non Operating": NaN,
        "Operating Income": -554000.0,
        "Operating Expense": 5496000.0,
        "Other Operating Expenses": 650000.0,
        "Depreciation Amortization Depletion Income Statement": 305000.0,
        "Depreciation And Amortization In Income Statement": 305000.0,
        "Research And Development": 8000.0,
        "Selling General And Administration": 4533000.0,
        "Selling And Marketing Expense": 1142000.0,
        "General And Administrative Expense": 3391000.0,
        "Other Gand A": 3101000.0,
        "Rent And Landing Fees": 286000.0,
        "Salaries And Wages": 4000.0,
        "Gross Profit": 4942000.0,
        "Cost Of Revenue": 12375000.0,
        "Total Revenue": 17317000.0,
        "Operating Revenue": 17317000.0
    },
    "2023-12-31": {
        "Tax Effect Of Unusual Items": -246974.540123,
        "Tax Rate For Calcs": 0.050786,
        "Normalized EBITDA": -2322000.0,
        "Total Unusual Items": -4863000.0,
        "Total Unusual Items Excluding Goodwill": -4863000.0,
        "Net Income From Continuing Operation Net Minority Interest": -8220000.0,
        "Reconciled Depreciation": 292000.0,
        "Reconciled Cost Of Revenue": 14485000.0,
        "EBITDA": -7185000.0,
        "EBIT": -7477000.0,
        "Net Interest Income": -25000.0,
        "Interest Expense": 25000.0,
        "Interest Income": NaN,
        "Normalized Income": -3603974.540123,
        "Net Income From Continuing And Discontinued Operation": -10107000.0,
        "Total Expenses": 20589000.0,
        "Rent Expense Supplemental": 301000.0,
        "Total Operating Income As Reported": -7383000.0,
        "Diluted Average Shares": NaN,
        "Basic Average Shares": NaN,
        "Diluted EPS": NaN,
        "Basic EPS": NaN,
        "Diluted NI Availto Com Stockholders": -10107000.0,
        "Net Income Common Stockholders": -10107000.0,
        "Net Income": -10107000.0,
        "Minority Interests": -1099000.0,
        "Net Income Including Noncontrolling Interests": -9008000.0,
        "Net Income Discontinuous Operations": -1887000.0,
        "Net Income Continuous Operations": -7121000.0,
        "Tax Provision": -381000.0,
        "Pretax Income": -7502000.0,
        "Other Income Expense": -4863000.0,
        "Special Income Charges": -4769000.0,
        "Write Off": -18603000.0,
        "Impairment Of Capital Assets": NaN,
        "Gain On Sale Of Security": -94000.0,
        "Net Non Operating Interest Income Expense": -25000.0,
        "Interest Expense Non Operating": 25000.0,
        "Interest Income Non Operating": NaN,
        "Operating Income": -2614000.0,
        "Operating Expense": 6104000.0,
        "Other Operating Expenses": 206000.0,
        "Depreciation Amortization Depletion Income Statement": 292000.0,
        "Depreciation And Amortization In Income Statement": 292000.0,
        "Research And Development": 25000.0,
        "Selling General And Administration": 5581000.0,
        "Selling And Marketing Expense": 997000.0,
        "General And Administrative Expense": 4584000.0,
        "Other Gand A": 3688000.0,
        "Rent And Landing Fees": 301000.0,
        "Salaries And Wages": 595000.0,
        "Gross Profit": 3490000.0,
        "Cost Of Revenue": 14485000.0,
        "Total Revenue": 17975000.0,
        "Operating Revenue": 17975000.0
    },
    "2024-03-31": {
        "Tax Effect Of Unusual Items": -673600.0,
        "Tax Rate For Calcs": 0.4,
        "Normalized EBITDA": -1466000.0,
        "Total Unusual Items": -1684000.0,
        "Total Unusual Items Excluding Goodwill": -1684000.0,
        "Net Income From Continuing Operation Net Minority Interest": -3374000.0,
        "Reconciled Depreciation": 74000.0,
        "Reconciled Cost Of Revenue": 14177000.0,
        "EBITDA": -3150000.0,
        "EBIT": -3224000.0,
        "Net Interest Income": -22000.0,
        "Interest Expense": 22000.0,
        "Interest Income": NaN,
        "Normalized Income": -2363600.0,
        "Net Income From Continuing And Discontinued Operation": -3374000.0,
        "Total Expenses": 19571000.0,
        "Rent Expense Supplemental": 165000.0,
        "Total Operating Income As Reported": -2485000.0,
        "Diluted Average Shares": 8916000.0,
        "Basic Average Shares": 8916000.0,
        "Diluted EPS": -0.38,
        "Basic EPS": -0.38,
        "Diluted NI Availto Com Stockholders": -3374000.0,
        "Net Income Common Stockholders": -3374000.0,
        "Net Income": -3374000.0,
        "Minority Interests": 0.0,
        "Net Income Including Noncontrolling Interests": -3374000.0,
        "Net Income Discontinuous Operations": 0.0,
        "Net Income Continuous Operations": -3374000.0,
        "Tax Provision": 128000.0,
        "Pretax Income": -3246000.0,
        "Other Income Expense": -1684000.0,
        "Special Income Charges": -945000.0,
        "Write Off": 945000.0,
        "Impairment Of Capital Assets": NaN,
        "Gain On Sale Of Security": -739000.0,
        "Net Non Operating Interest Income Expense": -22000.0,
        "Interest Expense Non Operating": 22000.0,
        "Interest Income Non Operating": NaN,
        "Operating Income": -1540000.0,
        "Operating Expense": 5394000.0,
        "Other Operating Expenses": 797000.0,
        "Depreciation Amortization Depletion Income Statement": 74000.0,
        "Depreciation And Amortization In Income Statement": 74000.0,
        "Research And Development": 47000.0,
        "Selling General And Administration": 4476000.0,
        "Selling And Marketing Expense": 1104000.0,
        "General And Administrative Expense": 3372000.0,
        "Other Gand A": 3197000.0,
        "Rent And Landing Fees": 165000.0,
        "Salaries And Wages": 10000.0,
        "Gross Profit": 3854000.0,
        "Cost Of Revenue": 14177000.0,
        "Total Revenue": 18031000.0,
        "Operating Revenue": 18031000.0
    }
}