{
    "2023-03-31": {
        "Tax Effect Of Unusual Items": 0.0,
        "Tax Rate For Calcs": 0.25,
        "Normalized EBITDA": -17945000.0,
        "Total Unusual Items": NaN,
        "Total Unusual Items Excluding Goodwill": NaN,
        "Net Income From Continuing Operation Net Minority Interest": -15340000.0,
        "Reconciled Depreciation": 6879000.0,
        "Reconciled Cost Of Revenue": 42446000.0,
        "EBITDA": -17945000.0,
        "EBIT": -24824000.0,
        "Net Interest Income": 3775000.0,
        "Interest Income": 3775000.0,
        "Normalized Income": -15340000.0,
        "Net Income From Continuing And Discontinued Operation": -15340000.0,
        "Total Expenses": 90992000.0,
        "Total Operating Income As Reported": -24824000.0,
        "Diluted Average Shares": 29536000.0,
        "Basic Average Shares": 29536000.0,
        "Diluted EPS": -0.52,
        "Basic EPS": -0.52,
        "Diluted NI Availto Com Stockholders": -15340000.0,
        "Net Income Common Stockholders": -15340000.0,
        "Net Income": -15340000.0,
        "Minority Interests": 509000.0,
        "Net Income Including Noncontrolling Interests": -15849000.0,
        "Net Income Continuous Operations": -15849000.0,
        "Earnings From Equity Interest Net Of Tax": NaN,
        "Tax Provision": -5200000.0,
        "Pretax Income": -21049000.0,
        "Other Income Expense": NaN,
        "Special Income Charges": NaN,
        "Restructuring And Mergern Acquisition": NaN,
        "Net Non Operating Interest Income Expense": 3775000.0,
        "Interest Income Non Operating": 3775000.0,
        "Operating Income": -24824000.0,
        "Operating Expense": 43635000.0,
        "Depreciation Amortization Depletion Income Statement": 1968000.0,
        "Depreciation And Amortization In Income Statement": 1968000.0,
        "Amortization": 1968000.0,
        "Amortization Of Intangibles Income Statement": 1968000.0,
        "Research And Development": 9782000.0,
        "Selling General And Administration": 31885000.0,
        "Selling And Marketing Expense": 10083000.0,
        "General And Administrative Expense": 21802000.0,
        "Other Gand A": 21802000.0,
        "Gross Profit": 18811000.0,
        "Cost Of Revenue": 47357000.0,
        "Total Revenue": 66168000.0,
        "Operating Revenue": 66168000.0
    },
    "2022-12-31": {
        "Tax Effect Of Unusual Items": NaN,
        "Tax Rate For Calcs": NaN,
        "Normalized EBITDA": NaN,
        "Total Unusual Items": 26000.0,
        "Total Unusual Items Excluding Goodwill": 26000.0,
        "Net Income From Continuing Operation Net Minority Interest": NaN,
        "Reconciled Depreciation": NaN,
        "Reconciled Cost Of Revenue": NaN,
        "EBITDA": NaN,
        "EBIT": NaN,
        "Net Interest Income": NaN,
        "Interest Income": NaN,
        "Normalized Income": NaN,
        "Net Income From Continuing And Discontinued Operation": NaN,
        "Total Expenses": NaN,
        "Total Operating Income As Reported": NaN,
        "Diluted Average Shares": NaN,
        "Basic Average Shares": NaN,
        "Diluted EPS": NaN,
        "Basic EPS": NaN,
        "Diluted NI Availto Com Stockholders": NaN,
        "Net Income Common Stockholders": NaN,
        "Net Income": NaN,
        "Minority Interests": NaN,
        "Net Income Including Noncontrolling Interests": NaN,
        "Net Income Continuous Operations": NaN,
        "Earnings From Equity Interest Net Of Tax": 0.0,
        "Tax Provision": NaN,
        "Pretax Income": NaN,
        "Other Income Expense": 26000.0,
        "Special Income Charges": 26000.0,
        "Restructuring And Mergern Acquisition": -26000.0,
        "Net Non Operating Interest Income Expense": NaN,
        "Interest Income Non Operating": NaN,
        "Operating Income": NaN,
        "Operating Expense": NaN,
        "Depreciation Amortization Depletion Income Statement": NaN,
        "Depreciation And Amortization In Income Statement": NaN,
        "Amortization": NaN,
        "Amortization Of Intangibles Income Statement": NaN,
        "Research And Development": NaN,
        "Selling General And Administration": NaN,
        "Selling And Marketing Expense": NaN,
        "General And Administrative Expense": NaN,
        "Other Gand A": NaN,
        "Gross Profit": NaN,
        "Cost Of Revenue": NaN,
        "Total Revenue": NaN,
        "Operating Revenue": NaN
    },
    "2022-09-30": {
        "Tax Effect Of Unusual Items": NaN,
        "Tax Rate For Calcs": NaN,
        "Normalized EBITDA": NaN,
        "Total Unusual Items": -105000.0,
        "Total Unusual Items Excluding Goodwill": -105000.0,
        "Net Income From Continuing Operation Net Minority Interest": NaN,
        "Reconciled Depreciation": NaN,
        "Reconciled Cost Of Revenue": NaN,
        "EBITDA": NaN,
        "EBIT": NaN,
        "Net Interest Income": NaN,
        "Interest Income": NaN,
        "Normalized Income": NaN,
        "Net Income From Continuing And Discontinued Operation": NaN,
        "Total Expenses": NaN,
        "Total Operating Income As Reported": NaN,
        "Diluted Average Shares": NaN,
        "Basic Average Shares": NaN,
        "Diluted EPS": NaN,
        "Basic EPS": NaN,
        "Diluted NI Availto Com Stockholders": NaN,
        "Net Income Common Stockholders": NaN,
        "Net Income": NaN,
        "Minority Interests": NaN,
        "Net Income Including Noncontrolling Interests": NaN,
        "Net Income Continuous Operations": NaN,
        "Earnings From Equity Interest Net Of Tax": 0.0,
        "Tax Provision": NaN,
        "Pretax Income": NaN,
        "Other Income Expense": -105000.0,
        "Special Income Charges": -105000.0,
        "Restructuring And Mergern Acquisition": 105000.0,
        "Net Non Operating Interest Income Expense": NaN,
        "Interest Income Non Operating": NaN,
        "Operating Income": NaN,
        "Operating Expense": NaN,
        "Depreciation Amortization Depletion Income Statement": NaN,
        "Depreciation And Amortization In Income Statement": NaN,
        "Amortization": NaN,
        "Amortization Of Intangibles Income Statement": NaN,
        "Research And Development": NaN,
        "Selling General And Administration": NaN,
        "Selling And Marketing Expense": NaN,
        "General And Administrative Expense": NaN,
        "Other Gand A": NaN,
        "Gross Profit": NaN,
        "Cost Of Revenue": NaN,
        "Total Revenue": NaN,
        "Operating Revenue": NaN
    },
    "2022-06-30": {
        "Tax Effect Of Unusual Items": -550240.0,
        "Tax Rate For Calcs": 0.19,
        "Normalized EBITDA": 26931000.0,
        "Total Unusual Items": -2896000.0,
        "Total Unusual Items Excluding Goodwill": -2896000.0,
        "Net Income From Continuing Operation Net Minority Interest": 11537000.0,
        "Reconciled Depreciation": 8345000.0,
        "Reconciled Cost Of Revenue": 53295000.0,
        "EBITDA": 24035000.0,
        "EBIT": 15690000.0,
        "Net Interest Income": 958000.0,
        "Interest Income": 958000.0,
        "Normalized Income": 13882760.0,
        "Net Income From Continuing And Discontinued Operation": 11537000.0,
        "Total Expenses": 109651000.0,
        "Total Operating Income As Reported": 12794000.0,
        "Diluted Average Shares": 31189000.0,
        "Basic Average Shares": 30362000.0,
        "Diluted EPS": 0.37,
        "Basic EPS": 0.38,
        "Diluted NI Availto Com Stockholders": 11537000.0,
        "Net Income Common Stockholders": 11537000.0,
        "Net Income": 11537000.0,
        "Minority Interests": 438000.0,
        "Net Income Including Noncontrolling Interests": 11099000.0,
        "Net Income Continuous Operations": 11099000.0,
        "Earnings From Equity Interest Net Of Tax": 0.0,
        "Tax Provision": 2653000.0,
        "Pretax Income": 13752000.0,
        "Other Income Expense": -2896000.0,
        "Special Income Charges": -2896000.0,
        "Restructuring And Mergern Acquisition": 2896000.0,
        "Net Non Operating Interest Income Expense": 958000.0,
        "Interest Income Non Operating": 958000.0,
        "Operating Income": 15690000.0,
        "Operating Expense": 49586000.0,
        "Depreciation Amortization Depletion Income Statement": 1575000.0,
        "Depreciation And Amortization In Income Statement": 1575000.0,
        "Amortization": 1575000.0,
        "Amortization Of Intangibles Income Statement": 1575000.0,
        "Research And Development": 6905000.0,
        "Selling General And Administration": 41106000.0,
        "Selling And Marketing Expense": 10866000.0,
        "General And Administrative Expense": 30240000.0,
        "Other Gand A": 30240000.0,
        "Salaries And Wages": NaN,
        "Gross Profit": 65276000.0,
        "Cost Of Revenue": 60065000.0,
        "Total Revenue": 125341000.0,
        "Operating Revenue": 125341000.0
    },
    "2022-03-31": {
        "Diluted EPS": 4.93,
        "Total Revenue": 320,
        "Gross Profit": 243,
        "Operating Income": 202,
        "EBIT": 209,
        "Net Income": 154
    },
    "2021-12-31": {
        "Diluted EPS": 3.34,
        "Total Revenue": 252,
        "Gross Profit": 190,
        "Operating Income": 151,
        "EBIT": 156,
        "Net Income": 104
    },
    "2021-09-30": {
        "Diluted EPS": 3.93,
        "Total Revenue": 228,
        "Gross Profit": 184,
        "Operating Income": 159,
        "EBIT": 165,
        "Net Income": 123
    },
    "2021-06-30": {
        "Diluted EPS": 2.59,
        "Total Revenue": 154,
        "Gross Profit": 118,
        "Operating Income": 99,
        "EBIT": 103,
        "Net Income": 80
    },
    "2021-03-31": {
        "Diluted EPS": 6.52,
        "Total Revenue": 359,
        "Gross Profit": 285,
        "Operating Income": 267,
        "EBIT": 270,
        "Net Income": 201
    },
    "2020-12-31": {
        "Diluted EPS": 6.88,
        "Total Revenue": 295,
        "Gross Profit": 243,
        "Operating Income": 226,
        "EBIT": 228,
        "Net Income": 166
    },
    "2020-09-30": {
        "Diluted EPS": 1.98,
        "Total Revenue": 102,
        "Gross Profit": 75,
        "Operating Income": 64,
        "EBIT": 64,
        "Net Income": 47
    },
    "2020-06-30": {
        "Diluted EPS": 0.14,
        "Total Revenue": 17,
        "Gross Profit": 10,
        "Operating Income": 3,
        "EBIT": 3,
        "Net Income": 3
    },
    "2020-03-31": {
        "Diluted EPS": -0.09,
        "Total Revenue": 8,
        "Gross Profit": 4,
        "Operating Income": -2,
        "EBIT": -1,
        "Net Income": -2
    },
    "2019-12-31": {
        "Diluted EPS": -0.02,
        "Total Revenue": 8,
        "Gross Profit": 5,
        "Operating Income": 0,
        "EBIT": 0,
        "Net Income": 0
    },
    "2019-09-30": {
        "Diluted EPS": 0.08,
        "Total Revenue": 10,
        "Gross Profit": 6,
        "Operating Income": 2,
        "EBIT": 2,
        "Net Income": 1
    },
    "2019-06-30": {
        "Diluted EPS": 0.02,
        "Total Revenue": 8,
        "Gross Profit": 5,
        "Operating Income": 0,
        "EBIT": 1,
        "Net Income": 0
    },
    "2019-03-31": {
        "Diluted EPS": -0.1,
        "Total Revenue": 5,
        "Gross Profit": 2,
        "Operating Income": -2,
        "EBIT": -1,
        "Net Income": -2
    },
    "2018-12-31": {
        "Diluted EPS": -0.11,
        "Total Revenue": 6,
        "Gross Profit": 3,
        "Operating Income": -1,
        "EBIT": 0,
        "Net Income": -2
    },
    "2018-09-30": {
        "Diluted EPS": -0.03,
        "Total Revenue": 6,
        "Gross Profit": 3,
        "Operating Income": -1,
        "EBIT": 0,
        "Net Income": -1
    },
    "2018-06-30": {
        "Diluted EPS": -0.06,
        "Total Revenue": 5,
        "Gross Profit": 3,
        "Operating Income": -1,
        "EBIT": 0,
        "Net Income": -1
    },
    "2018-03-31": {
        "Diluted EPS": -0.11,
        "Total Revenue": 5,
        "Gross Profit": 2,
        "Operating Income": -2,
        "EBIT": -2,
        "Net Income": -2
    },
    "2017-12-31": {
        "Diluted EPS": -0.09,
        "Total Revenue": 4,
        "Gross Profit": 2,
        "Operating Income": -2,
        "EBIT": -2,
        "Net Income": -2
    },
    "2017-09-30": {
        "Diluted EPS": -0.06,
        "Total Revenue": 5,
        "Gross Profit": 2,
        "Operating Income": -1,
        "EBIT": -1,
        "Net Income": -1
    },
    "2017-06-30": {
        "Diluted EPS": 0.0,
        "Total Revenue": 5,
        "Gross Profit": 3,
        "Operating Income": 0,
        "EBIT": 0,
        "Net Income": 0
    },
    "2017-03-31": {
        "Diluted EPS": 0.01,
        "Total Revenue": 5,
        "Gross Profit": 3,
        "Operating Income": 0,
        "EBIT": 1,
        "Net Income": 0
    },
    "2016-12-31": {
        "Diluted EPS": 0.15,
        "Total Revenue": 6,
        "Gross Profit": 4,
        "Operating Income": 1,
        "EBIT": 2,
        "Net Income": 1
    },
    "2016-09-30": {
        "Diluted EPS": -0.44,
        "Total Revenue": 5,
        "Gross Profit": 3,
        "Operating Income": -1,
        "EBIT": 0,
        "Net Income": -1
    },
    "2016-06-30": {
        "Diluted EPS": -0.66,
        "Total Revenue": 4,
        "Gross Profit": 3,
        "Operating Income": 1,
        "EBIT": 1,
        "Net Income": -5
    },
    "2016-03-31": {
        "Diluted EPS": -0.05,
        "Total Revenue": 3,
        "Gross Profit": 2,
        "Operating Income": -1,
        "EBIT": 0,
        "Net Income": -1
    },
    "2015-12-31": {
        "Diluted EPS": 0.0,
        "Total Revenue": NaN,
        "Gross Profit": NaN,
        "Operating Income": NaN,
        "EBIT": NaN,
        "Net Income": NaN
    },
    "2015-09-30": {
        "Diluted EPS": 0.0,
        "Total Revenue": 3,
        "Gross Profit": 2,
        "Operating Income": 1,
        "EBIT": 1,
        "Net Income": 0
    },
    "2015-06-30": {
        "Diluted EPS": 0.0,
        "Total Revenue": NaN,
        "Gross Profit": NaN,
        "Operating Income": NaN,
        "EBIT": NaN,
        "Net Income": NaN
    },
    "2014-12-31": {
        "Diluted EPS": 0.0,
        "Total Revenue": NaN,
        "Gross Profit": NaN,
        "Operating Income": NaN,
        "EBIT": NaN,
        "Net Income": NaN
    },
    "2023-06-30": {
        "Tax Effect Of Unusual Items": 0.0,
        "Tax Rate For Calcs": 0.21,
        "Normalized EBITDA": -13486000.0,
        "Total Unusual Items": 0.0,
        "Total Unusual Items Excluding Goodwill": 0.0,
        "Net Income From Continuing Operation Net Minority Interest": -11229000.0,
        "Reconciled Depreciation": 6312000.0,
        "Reconciled Cost Of Revenue": 42931000.0,
        "EBITDA": -13486000.0,
        "EBIT": -19798000.0,
        "Net Interest Income": 5098000.0,
        "Interest Income": 5098000.0,
        "Normalized Income": -11229000.0,
        "Net Income From Continuing And Discontinued Operation": -11229000.0,
        "Total Expenses": 87651000.0,
        "Total Operating Income As Reported": -19798000.0,
        "Diluted Average Shares": 29813000.0,
        "Basic Average Shares": 29813000.0,
        "Diluted EPS": -0.38,
        "Basic EPS": -0.38,
        "Diluted NI Availto Com Stockholders": -11229000.0,
        "Net Income Common Stockholders": -11229000.0,
        "Net Income": -11229000.0,
        "Minority Interests": 361000.0,
        "Net Income Including Noncontrolling Interests": -11590000.0,
        "Net Income Continuous Operations": -11590000.0,
        "Earnings From Equity Interest Net Of Tax": NaN,
        "Tax Provision": -3110000.0,
        "Pretax Income": -14700000.0,
        "Other Income Expense": NaN,
        "Special Income Charges": 0.0,
        "Restructuring And Mergern Acquisition": 0.0,
        "Net Non Operating Interest Income Expense": 5098000.0,
        "Interest Income Non Operating": 5098000.0,
        "Operating Income": -19798000.0,
        "Operating Expense": 40370000.0,
        "Depreciation Amortization Depletion Income Statement": 1962000.0,
        "Depreciation And Amortization In Income Statement": 1962000.0,
        "Amortization": 1962000.0,
        "Amortization Of Intangibles Income Statement": 1962000.0,
        "Research And Development": 9692000.0,
        "Selling General And Administration": 28716000.0,
        "Selling And Marketing Expense": 10723000.0,
        "General And Administrative Expense": 17993000.0,
        "Other Gand A": 17993000.0,
        "Gross Profit": 20572000.0,
        "Cost Of Revenue": 47281000.0,
        "Total Revenue": 67853000.0,
        "Operating Revenue": 67853000.0
    },
    "2023-09-30": {
        "Tax Effect Of Unusual Items": 0.0,
        "Tax Rate For Calcs": 0.21,
        "Normalized EBITDA": 6633000.0,
        "Total Unusual Items": 0.0,
        "Total Unusual Items Excluding Goodwill": 0.0,
        "Net Income From Continuing Operation Net Minority Interest": -13107000.0,
        "Reconciled Depreciation": 6419000.0,
        "Reconciled Cost Of Revenue": 40381000.0,
        "EBITDA": 6633000.0,
        "EBIT": 214000.0,
        "Net Interest Income": 6646000.0,
        "Interest Income": 6646000.0,
        "Normalized Income": -13107000.0,
        "Net Income From Continuing And Discontinued Operation": -13107000.0,
        "Total Expenses": 84473000.0,
        "Total Operating Income As Reported": 214000.0,
        "Diluted Average Shares": 30013000.0,
        "Basic Average Shares": 30013000.0,
        "Diluted EPS": -0.44,
        "Basic EPS": -0.44,
        "Diluted NI Availto Com Stockholders": -13107000.0,
        "Net Income Common Stockholders": -13107000.0,
        "Net Income": -13107000.0,
        "Minority Interests": 359000.0,
        "Net Income Including Noncontrolling Interests": -13466000.0,
        "Net Income Continuous Operations": -13466000.0,
        "Earnings From Equity Interest Net Of Tax": NaN,
        "Tax Provision": 20326000.0,
        "Pretax Income": 6860000.0,
        "Other Income Expense": NaN,
        "Special Income Charges": 0.0,
        "Restructuring And Mergern Acquisition": 0.0,
        "Net Non Operating Interest Income Expense": 6646000.0,
        "Interest Income Non Operating": 6646000.0,
        "Operating Income": 214000.0,
        "Operating Expense": 39630000.0,
        "Depreciation Amortization Depletion Income Statement": 1957000.0,
        "Depreciation And Amortization In Income Statement": 1957000.0,
        "Amortization": 1957000.0,
        "Amortization Of Intangibles Income Statement": 1957000.0,
        "Research And Development": 10014000.0,
        "Selling General And Administration": 27659000.0,
        "Selling And Marketing Expense": 10161000.0,
        "General And Administrative Expense": 17498000.0,
        "Other Gand A": 17498000.0,
        "Gross Profit": 39844000.0,
        "Cost Of Revenue": 44843000.0,
        "Total Revenue": 84687000.0,
        "Operating Revenue": 84687000.0
    },
    "2023-12-31": {
        "Tax Effect Of Unusual Items": -8994612.165624,
        "Tax Rate For Calcs": 0.074809,
        "Normalized EBITDA": 95880000.0,
        "Total Unusual Items": -120234000.0,
        "Total Unusual Items Excluding Goodwill": -120234000.0,
        "Net Income From Continuing Operation Net Minority Interest": -128149000.0,
        "Reconciled Depreciation": 6533000.0,
        "Reconciled Cost Of Revenue": 40701000.0,
        "EBITDA": -24354000.0,
        "EBIT": -30887000.0,
        "Net Interest Income": 5925000.0,
        "Interest Income": 5925000.0,
        "Normalized Income": -16909612.165624,
        "Net Income From Continuing And Discontinued Operation": -128149000.0,
        "Total Expenses": 101392000.0,
        "Total Operating Income As Reported": -151121000.0,
        "Diluted Average Shares": 29771000.0,
        "Basic Average Shares": 29771000.0,
        "Diluted EPS": -4.3,
        "Basic EPS": -4.3,
        "Diluted NI Availto Com Stockholders": -128149000.0,
        "Net Income Common Stockholders": -128149000.0,
        "Net Income": -128149000.0,
        "Minority Interests": 6185000.0,
        "Net Income Including Noncontrolling Interests": -134334000.0,
        "Net Income Continuous Operations": -134334000.0,
        "Earnings From Equity Interest Net Of Tax": NaN,
        "Tax Provision": -10862000.0,
        "Pretax Income": -145196000.0,
        "Other Income Expense": NaN,
        "Special Income Charges": -120234000.0,
        "Restructuring And Mergern Acquisition": 0.0,
        "Net Non Operating Interest Income Expense": 5925000.0,
        "Interest Income Non Operating": 5925000.0,
        "Operating Income": -30887000.0,
        "Operating Expense": 56116000.0,
        "Depreciation Amortization Depletion Income Statement": 1958000.0,
        "Depreciation And Amortization In Income Statement": 1958000.0,
        "Amortization": 1958000.0,
        "Amortization Of Intangibles Income Statement": 1958000.0,
        "Research And Development": 11952000.0,
        "Selling General And Administration": 42206000.0,
        "Selling And Marketing Expense": 10500000.0,
        "General And Administrative Expense": 31706000.0,
        "Other Gand A": 31706000.0,
        "Gross Profit": 25229000.0,
        "Cost Of Revenue": 45276000.0,
        "Total Revenue": 70505000.0,
        "Operating Revenue": 70505000.0
    },
    "2024-03-31": {
        "Tax Effect Of Unusual Items": 0.0,
        "Tax Rate For Calcs": 0.02,
        "Normalized EBITDA": -15135000.0,
        "Total Unusual Items": NaN,
        "Total Unusual Items Excluding Goodwill": NaN,
        "Net Income From Continuing Operation Net Minority Interest": -13462000.0,
        "Reconciled Depreciation": 6663000.0,
        "Reconciled Cost Of Revenue": 37708000.0,
        "EBITDA": -15135000.0,
        "EBIT": -21798000.0,
        "Net Interest Income": 7625000.0,
        "Interest Income": 7625000.0,
        "Normalized Income": -13462000.0,
        "Net Income From Continuing And Discontinued Operation": -13462000.0,
        "Total Expenses": 86283000.0,
        "Total Operating Income As Reported": -21798000.0,
        "Diluted Average Shares": 29769000.0,
        "Basic Average Shares": 29769000.0,
        "Diluted EPS": -0.45,
        "Basic EPS": -0.45,
        "Diluted NI Availto Com Stockholders": -13462000.0,
        "Net Income Common Stockholders": -13462000.0,
        "Net Income": -13462000.0,
        "Minority Interests": 384000.0,
        "Net Income Including Noncontrolling Interests": -13846000.0,
        "Net Income Continuous Operations": -13846000.0,
        "Earnings From Equity Interest Net Of Tax": NaN,
        "Tax Provision": -327000.0,
        "Pretax Income": -14173000.0,
        "Other Income Expense": NaN,
        "Special Income Charges": NaN,
        "Restructuring And Mergern Acquisition": NaN,
        "Net Non Operating Interest Income Expense": 7625000.0,
        "Interest Income Non Operating": 7625000.0,
        "Operating Income": -21798000.0,
        "Operating Expense": 43902000.0,
        "Depreciation Amortization Depletion Income Statement": 1990000.0,
        "Depreciation And Amortization In Income Statement": 1990000.0,
        "Amortization": 1990000.0,
        "Amortization Of Intangibles Income Statement": 1990000.0,
        "Research And Development": 11434000.0,
        "Selling General And Administration": 30478000.0,
        "Selling And Marketing Expense": 8989000.0,
        "General And Administrative Expense": 21489000.0,
        "Other Gand A": 21489000.0,
        "Gross Profit": 22104000.0,
        "Cost Of Revenue": 42381000.0,
        "Total Revenue": 64485000.0,
        "Operating Revenue": 64485000.0
    }
}