{
    "2023-03-31": {
        "Tax Effect Of Unusual Items": -2294250.0,
        "Tax Rate For Calcs": 0.25,
        "Normalized EBITDA": 720009000.0,
        "Total Unusual Items": -9177000.0,
        "Total Unusual Items Excluding Goodwill": -9177000.0,
        "Net Income From Continuing Operation Net Minority Interest": 86362000.0,
        "Reconciled Depreciation": 437814000.0,
        "Reconciled Cost Of Revenue": 3555076000.0,
        "EBITDA": 710832000.0,
        "EBIT": 273018000.0,
        "Net Interest Income": -82572000.0,
        "Interest Expense": 94653000.0,
        "Interest Income": 12081000.0,
        "Normalized Income": 93244750.0,
        "Net Income From Continuing And Discontinued Operation": 86362000.0,
        "Total Expenses": 4461618000.0,
        "Total Operating Income As Reported": 260937000.0,
        "Diluted Average Shares": 586826898.0,
        "Basic Average Shares": 586826898.0,
        "Diluted EPS": 0.145,
        "Basic EPS": 0.145,
        "Diluted NI Availto Com Stockholders": 86362000.0,
        "Net Income Common Stockholders": 86362000.0,
        "Net Income": 86362000.0,
        "Minority Interests": -47491000.0,
        "Net Income Including Noncontrolling Interests": 133853000.0,
        "Net Income Continuous Operations": 133853000.0,
        "Tax Provision": 44512000.0,
        "Pretax Income": 178365000.0,
        "Other Income Expense": 18337000.0,
        "Special Income Charges": 3086000.0,
        "Gain On Sale Of Ppe": 3086000.0,
        "Gain On Sale Of Business": NaN,
        "Earnings From Equity Interest": 27514000.0,
        "Gain On Sale Of Security": -12263000.0,
        "Net Non Operating Interest Income Expense": -82572000.0,
        "Interest Expense Non Operating": 94653000.0,
        "Interest Income Non Operating": 12081000.0,
        "Operating Income": 242600000.0,
        "Operating Expense": 906542000.0,
        "Other Operating Expenses": 68628000.0,
        "Research And Development": 55760000.0,
        "Selling General And Administration": 782154000.0,
        "Gross Profit": 1149142000.0,
        "Cost Of Revenue": 3555076000.0,
        "Total Revenue": 4704218000.0,
        "Operating Revenue": 4704218000.0
    },
    "2022-12-31": {
        "Tax Effect Of Unusual Items": 0.0,
        "Tax Rate For Calcs": 0.299639,
        "Normalized EBITDA": 377000000.0,
        "Total Unusual Items": NaN,
        "Total Unusual Items Excluding Goodwill": NaN,
        "Net Income From Continuing Operation Net Minority Interest": 139000000.0,
        "Reconciled Depreciation": 494673000.0,
        "Reconciled Cost Of Revenue": 3649000000.0,
        "EBITDA": 377000000.0,
        "EBIT": 377000000.0,
        "Net Interest Income": -75000000.0,
        "Interest Expense": 100000000.0,
        "Interest Income": 25000000.0,
        "Normalized Income": 139000000.0,
        "Net Income From Continuing And Discontinued Operation": 139000000.0,
        "Total Expenses": 4666000000.0,
        "Total Operating Income As Reported": 352000000.0,
        "Diluted Average Shares": 586826898.0,
        "Basic Average Shares": 586826898.0,
        "Diluted EPS": 0.235,
        "Basic EPS": 0.235,
        "Diluted NI Availto Com Stockholders": 139000000.0,
        "Net Income Common Stockholders": 139000000.0,
        "Net Income": 139000000.0,
        "Minority Interests": -55000000.0,
        "Net Income Including Noncontrolling Interests": 194000000.0,
        "Net Income Continuous Operations": 194000000.0,
        "Tax Provision": 83000000.0,
        "Pretax Income": 277000000.0,
        "Other Income Expense": 21000000.0,
        "Special Income Charges": NaN,
        "Gain On Sale Of Ppe": NaN,
        "Gain On Sale Of Business": NaN,
        "Earnings From Equity Interest": 21000000.0,
        "Gain On Sale Of Security": NaN,
        "Net Non Operating Interest Income Expense": -75000000.0,
        "Interest Expense Non Operating": 100000000.0,
        "Interest Income Non Operating": 25000000.0,
        "Operating Income": 331000000.0,
        "Operating Expense": 1017000000.0,
        "Other Operating Expenses": NaN,
        "Research And Development": 62000000.0,
        "Selling General And Administration": 955000000.0,
        "Gross Profit": 1348000000.0,
        "Cost Of Revenue": 3649000000.0,
        "Total Revenue": 4997000000.0,
        "Operating Revenue": 4997000000.0
    },
    "2022-09-30": {
        "Tax Effect Of Unusual Items": 0.0,
        "Tax Rate For Calcs": 0.284003,
        "Normalized EBITDA": 989676000.0,
        "Total Unusual Items": NaN,
        "Total Unusual Items Excluding Goodwill": NaN,
        "Net Income From Continuing Operation Net Minority Interest": 230100000.0,
        "Reconciled Depreciation": 501983000.0,
        "Reconciled Cost Of Revenue": 3737579000.0,
        "EBITDA": 989676000.0,
        "EBIT": 487693000.0,
        "Net Interest Income": -76485000.0,
        "Interest Expense": 92535000.0,
        "Interest Income": 16050000.0,
        "Normalized Income": 230100000.0,
        "Net Income From Continuing And Discontinued Operation": 230100000.0,
        "Total Expenses": 4788670000.0,
        "Total Operating Income As Reported": 471643000.0,
        "Diluted Average Shares": 586826898.0,
        "Basic Average Shares": 586826898.0,
        "Diluted EPS": 0.39,
        "Basic EPS": 0.39,
        "Diluted NI Availto Com Stockholders": 230100000.0,
        "Net Income Common Stockholders": 230100000.0,
        "Net Income": 230100000.0,
        "Minority Interests": -52832000.0,
        "Net Income Including Noncontrolling Interests": 282932000.0,
        "Net Income Continuous Operations": 282932000.0,
        "Tax Provision": 112226000.0,
        "Pretax Income": 395158000.0,
        "Other Income Expense": 164147000.0,
        "Special Income Charges": NaN,
        "Gain On Sale Of Ppe": NaN,
        "Gain On Sale Of Business": NaN,
        "Earnings From Equity Interest": 164147000.0,
        "Gain On Sale Of Security": NaN,
        "Net Non Operating Interest Income Expense": -76485000.0,
        "Interest Expense Non Operating": 92535000.0,
        "Interest Income Non Operating": 16050000.0,
        "Operating Income": 307496000.0,
        "Operating Expense": 1051091000.0,
        "Other Operating Expenses": NaN,
        "Research And Development": 61484000.0,
        "Selling General And Administration": 989607000.0,
        "Gross Profit": 1358587000.0,
        "Cost Of Revenue": 3737579000.0,
        "Total Revenue": 5096166000.0,
        "Operating Revenue": 5096166000.0
    },
    "2022-06-30": {
        "Tax Effect Of Unusual Items": 0.0,
        "Tax Rate For Calcs": 0.234,
        "Normalized EBITDA": 776007000.0,
        "Total Unusual Items": NaN,
        "Total Unusual Items Excluding Goodwill": NaN,
        "Net Income From Continuing Operation Net Minority Interest": 147140000.0,
        "Reconciled Depreciation": 422750000.0,
        "Reconciled Cost Of Revenue": 3410630000.0,
        "EBITDA": 776007000.0,
        "EBIT": 353257000.0,
        "Net Interest Income": -71579000.0,
        "Interest Expense": 84326000.0,
        "Interest Income": 12747000.0,
        "Normalized Income": 147140000.0,
        "Net Income From Continuing And Discontinued Operation": 147140000.0,
        "Total Expenses": 4435537000.0,
        "Total Operating Income As Reported": 340510000.0,
        "Diluted Average Shares": 586290826.0,
        "Basic Average Shares": 586290826.0,
        "Diluted EPS": 0.25,
        "Basic EPS": 0.25,
        "Diluted NI Availto Com Stockholders": 147140000.0,
        "Net Income Common Stockholders": 147140000.0,
        "Net Income": 147140000.0,
        "Minority Interests": -58865000.0,
        "Net Income Including Noncontrolling Interests": 206005000.0,
        "Net Income Continuous Operations": 206005000.0,
        "Tax Provision": 62926000.0,
        "Pretax Income": 268931000.0,
        "Other Income Expense": 19367000.0,
        "Special Income Charges": NaN,
        "Gain On Sale Of Ppe": NaN,
        "Gain On Sale Of Business": NaN,
        "Earnings From Equity Interest": 19367000.0,
        "Gain On Sale Of Security": NaN,
        "Net Non Operating Interest Income Expense": -71579000.0,
        "Interest Expense Non Operating": 84326000.0,
        "Interest Income Non Operating": 12747000.0,
        "Operating Income": 321143000.0,
        "Operating Expense": 1024907000.0,
        "Other Operating Expenses": NaN,
        "Research And Development": 55418000.0,
        "Selling General And Administration": 969489000.0,
        "Gross Profit": 1346050000.0,
        "Cost Of Revenue": 3410630000.0,
        "Total Revenue": 4756680000.0,
        "Operating Revenue": 4756680000.0
    },
    "2023-06-30": {
        "Tax Effect Of Unusual Items": -14307389.251097,
        "Tax Rate For Calcs": 0.293889,
        "Normalized EBITDA": 863631000.0,
        "Total Unusual Items": -48683000.0,
        "Total Unusual Items Excluding Goodwill": -48683000.0,
        "Net Income From Continuing Operation Net Minority Interest": 140359000.0,
        "Reconciled Depreciation": 434191000.0,
        "Reconciled Cost Of Revenue": 3628065000.0,
        "EBITDA": 814948000.0,
        "EBIT": 380757000.0,
        "Net Interest Income": -80543000.0,
        "Interest Expense": 104673000.0,
        "Interest Income": 24130000.0,
        "Normalized Income": 174734610.748903,
        "Net Income From Continuing And Discontinued Operation": 140359000.0,
        "Total Expenses": 4468236000.0,
        "Total Operating Income As Reported": 356627000.0,
        "Diluted Average Shares": 586826898.0,
        "Basic Average Shares": 586826898.0,
        "Diluted EPS": 0.24,
        "Basic EPS": 0.24,
        "Diluted NI Availto Com Stockholders": 140359000.0,
        "Net Income Common Stockholders": 140359000.0,
        "Net Income": 140359000.0,
        "Minority Interests": -54587000.0,
        "Net Income Including Noncontrolling Interests": 194946000.0,
        "Net Income Continuous Operations": 194946000.0,
        "Tax Provision": 81138000.0,
        "Pretax Income": 276084000.0,
        "Other Income Expense": -413000.0,
        "Special Income Charges": -28196000.0,
        "Gain On Sale Of Ppe": 3819000.0,
        "Gain On Sale Of Business": -32015000.0,
        "Earnings From Equity Interest": 48270000.0,
        "Gain On Sale Of Security": -20487000.0,
        "Net Non Operating Interest Income Expense": -80543000.0,
        "Interest Expense Non Operating": 104673000.0,
        "Interest Income Non Operating": 24130000.0,
        "Operating Income": 357040000.0,
        "Operating Expense": 840171000.0,
        "Other Operating Expenses": 7752000.0,
        "Research And Development": 57184000.0,
        "Selling General And Administration": 775235000.0,
        "Gross Profit": 1197211000.0,
        "Cost Of Revenue": 3628065000.0,
        "Total Revenue": 4825276000.0,
        "Operating Revenue": 4825276000.0
    },
    "2022-03-31": {
        "Diluted EPS": 0.3,
        "Total Revenue": NaN,
        "Gross Profit": NaN,
        "Operating Income": 390,
        "EBIT": 860,
        "Net Income": 177
    },
    "2021-12-31": {
        "Diluted EPS": 0.45,
        "Total Revenue": NaN,
        "Gross Profit": NaN,
        "Operating Income": 513,
        "EBIT": NaN,
        "Net Income": 261
    },
    "2021-09-30": {
        "Diluted EPS": 0.55,
        "Total Revenue": NaN,
        "Gross Profit": NaN,
        "Operating Income": 595,
        "EBIT": NaN,
        "Net Income": 322
    },
    "2021-06-30": {
        "Diluted EPS": 0.45,
        "Total Revenue": NaN,
        "Gross Profit": NaN,
        "Operating Income": 511,
        "EBIT": 987,
        "Net Income": 263
    },
    "2021-03-31": {
        "Diluted EPS": 0.51,
        "Total Revenue": NaN,
        "Gross Profit": NaN,
        "Operating Income": 572,
        "EBIT": NaN,
        "Net Income": 300
    },
    "2020-12-31": {
        "Diluted EPS": 0.37,
        "Total Revenue": NaN,
        "Gross Profit": NaN,
        "Operating Income": 559,
        "EBIT": NaN,
        "Net Income": 218
    },
    "2020-09-30": {
        "Diluted EPS": 0.71,
        "Total Revenue": NaN,
        "Gross Profit": NaN,
        "Operating Income": 739,
        "EBIT": NaN,
        "Net Income": 413
    },
    "2020-06-30": {
        "Diluted EPS": 0.66,
        "Total Revenue": NaN,
        "Gross Profit": NaN,
        "Operating Income": 722,
        "EBIT": NaN,
        "Net Income": 386
    },
    "2020-03-31": {
        "Diluted EPS": 0.52,
        "Total Revenue": NaN,
        "Gross Profit": NaN,
        "Operating Income": 612,
        "EBIT": NaN,
        "Net Income": 312
    },
    "2019-12-31": {
        "Diluted EPS": 0.64,
        "Total Revenue": NaN,
        "Gross Profit": NaN,
        "Operating Income": 685,
        "EBIT": NaN,
        "Net Income": 381
    },
    "2019-09-30": {
        "Diluted EPS": 0.61,
        "Total Revenue": NaN,
        "Gross Profit": NaN,
        "Operating Income": 662,
        "EBIT": NaN,
        "Net Income": 370
    },
    "2019-06-30": {
        "Diluted EPS": 0.47,
        "Total Revenue": NaN,
        "Gross Profit": NaN,
        "Operating Income": 586,
        "EBIT": NaN,
        "Net Income": 285
    },
    "2019-03-31": {
        "Diluted EPS": 0.5,
        "Total Revenue": NaN,
        "Gross Profit": NaN,
        "Operating Income": 609,
        "EBIT": NaN,
        "Net Income": 308
    },
    "2018-12-31": {
        "Diluted EPS": 0.78,
        "Total Revenue": NaN,
        "Gross Profit": NaN,
        "Operating Income": 694,
        "EBIT": 929,
        "Net Income": 482
    },
    "2018-09-30": {
        "Diluted EPS": 0.54,
        "Total Revenue": NaN,
        "Gross Profit": NaN,
        "Operating Income": 612,
        "EBIT": 810,
        "Net Income": 331
    },
    "2018-06-30": {
        "Diluted EPS": 1.94,
        "Total Revenue": NaN,
        "Gross Profit": NaN,
        "Operating Income": NaN,
        "EBIT": NaN,
        "Net Income": NaN
    },
    "2018-03-31": {
        "Diluted EPS": 0.56,
        "Total Revenue": NaN,
        "Gross Profit": NaN,
        "Operating Income": 611,
        "EBIT": 826,
        "Net Income": 342
    },
    "2017-12-31": {
        "Diluted EPS": 0.74,
        "Total Revenue": NaN,
        "Gross Profit": NaN,
        "Operating Income": 619,
        "EBIT": 800,
        "Net Income": 459
    },
    "2017-09-30": {
        "Diluted EPS": 0.59,
        "Total Revenue": NaN,
        "Gross Profit": NaN,
        "Operating Income": 715,
        "EBIT": 952,
        "Net Income": 363
    },
    "2017-06-30": {
        "Diluted EPS": 0.48,
        "Total Revenue": NaN,
        "Gross Profit": NaN,
        "Operating Income": 642,
        "EBIT": 853,
        "Net Income": 296
    },
    "2017-03-31": {
        "Diluted EPS": 0.54,
        "Total Revenue": NaN,
        "Gross Profit": NaN,
        "Operating Income": 694,
        "EBIT": 896,
        "Net Income": 328
    },
    "2016-12-31": {
        "Diluted EPS": 0.63,
        "Total Revenue": NaN,
        "Gross Profit": NaN,
        "Operating Income": 786,
        "EBIT": 990,
        "Net Income": 388
    },
    "2016-09-30": {
        "Diluted EPS": 0.55,
        "Total Revenue": NaN,
        "Gross Profit": NaN,
        "Operating Income": 670,
        "EBIT": 867,
        "Net Income": 333
    },
    "2016-06-30": {
        "Diluted EPS": 0.48,
        "Total Revenue": NaN,
        "Gross Profit": NaN,
        "Operating Income": 641,
        "EBIT": 835,
        "Net Income": 294
    },
    "2016-03-31": {
        "Diluted EPS": 0.38,
        "Total Revenue": NaN,
        "Gross Profit": NaN,
        "Operating Income": 540,
        "EBIT": 722,
        "Net Income": 228
    },
    "2015-12-31": {
        "Diluted EPS": 0.52,
        "Total Revenue": NaN,
        "Gross Profit": NaN,
        "Operating Income": 662,
        "EBIT": 843,
        "Net Income": 317
    },
    "2015-09-30": {
        "Diluted EPS": 0.43,
        "Total Revenue": NaN,
        "Gross Profit": NaN,
        "Operating Income": 614,
        "EBIT": 793,
        "Net Income": 262
    },
    "2015-06-30": {
        "Diluted EPS": 0.4,
        "Total Revenue": NaN,
        "Gross Profit": NaN,
        "Operating Income": 547,
        "EBIT": 728,
        "Net Income": 241
    },
    "2015-03-31": {
        "Diluted EPS": 0.35,
        "Total Revenue": NaN,
        "Gross Profit": NaN,
        "Operating Income": 504,
        "EBIT": 680,
        "Net Income": 210
    },
    "2014-12-31": {
        "Diluted EPS": 0.56,
        "Total Revenue": NaN,
        "Gross Profit": NaN,
        "Operating Income": 663,
        "EBIT": 849,
        "Net Income": 335
    },
    "2014-09-30": {
        "Diluted EPS": 0.45,
        "Total Revenue": NaN,
        "Gross Profit": NaN,
        "Operating Income": 590,
        "EBIT": 767,
        "Net Income": 271
    },
    "2014-06-30": {
        "Diluted EPS": 0.39,
        "Total Revenue": NaN,
        "Gross Profit": NaN,
        "Operating Income": 556,
        "EBIT": 725,
        "Net Income": 234
    },
    "2014-03-31": {
        "Diluted EPS": 0.34,
        "Total Revenue": NaN,
        "Gross Profit": NaN,
        "Operating Income": 445,
        "EBIT": 612,
        "Net Income": 205
    },
    "2013-12-31": {
        "Diluted EPS": 0.58,
        "Total Revenue": NaN,
        "Gross Profit": NaN,
        "Operating Income": 659,
        "EBIT": 828,
        "Net Income": 349
    },
    "2013-09-30": {
        "Diluted EPS": 0.45,
        "Total Revenue": NaN,
        "Gross Profit": NaN,
        "Operating Income": 551,
        "EBIT": 716,
        "Net Income": 273
    },
    "2013-06-30": {
        "Diluted EPS": 0.43,
        "Total Revenue": NaN,
        "Gross Profit": NaN,
        "Operating Income": 532,
        "EBIT": 691,
        "Net Income": 263
    },
    "2013-03-31": {
        "Diluted EPS": 0.37,
        "Total Revenue": NaN,
        "Gross Profit": NaN,
        "Operating Income": 487,
        "EBIT": 644,
        "Net Income": 225
    },
    "2012-12-31": {
        "Diluted EPS": 0.84,
        "Total Revenue": NaN,
        "Gross Profit": NaN,
        "Operating Income": 554,
        "EBIT": 711,
        "Net Income": 257
    },
    "2012-09-30": {
        "Diluted EPS": 0.44,
        "Total Revenue": NaN,
        "Gross Profit": NaN,
        "Operating Income": 562,
        "EBIT": 714,
        "Net Income": 270
    },
    "2012-06-30": {
        "Diluted EPS": 0.47,
        "Total Revenue": NaN,
        "Gross Profit": NaN,
        "Operating Income": 560,
        "EBIT": 711,
        "Net Income": 289
    },
    "2012-03-31": {
        "Diluted EPS": 0.61,
        "Total Revenue": NaN,
        "Gross Profit": NaN,
        "Operating Income": 488,
        "EBIT": 632,
        "Net Income": 370
    },
    "2011-12-31": {
        "Diluted EPS": 0.51,
        "Total Revenue": NaN,
        "Gross Profit": NaN,
        "Operating Income": 578,
        "EBIT": 721,
        "Net Income": 310
    },
    "2011-09-30": {
        "Diluted EPS": 0.46,
        "Total Revenue": NaN,
        "Gross Profit": NaN,
        "Operating Income": 528,
        "EBIT": 669,
        "Net Income": 279
    },
    "2011-06-30": {
        "Diluted EPS": 0.43,
        "Total Revenue": NaN,
        "Gross Profit": NaN,
        "Operating Income": 501,
        "EBIT": 637,
        "Net Income": 261
    },
    "2011-03-31": {
        "Diluted EPS": 0.37,
        "Total Revenue": NaN,
        "Gross Profit": NaN,
        "Operating Income": 438,
        "EBIT": 574,
        "Net Income": 221
    },
    "2010-12-31": {
        "Diluted EPS": 0.45,
        "Total Revenue": NaN,
        "Gross Profit": NaN,
        "Operating Income": 542,
        "EBIT": 676,
        "Net Income": 271
    },
    "2010-09-30": {
        "Diluted EPS": 0.41,
        "Total Revenue": NaN,
        "Gross Profit": NaN,
        "Operating Income": 493,
        "EBIT": 617,
        "Net Income": 248
    },
    "2010-06-30": {
        "Diluted EPS": 0.42,
        "Total Revenue": NaN,
        "Gross Profit": NaN,
        "Operating Income": 465,
        "EBIT": 586,
        "Net Income": 248
    },
    "2010-03-31": {
        "Diluted EPS": 0.35,
        "Total Revenue": NaN,
        "Gross Profit": 964,
        "Operating Income": 424,
        "EBIT": 548,
        "Net Income": 211
    },
    "2009-12-31": {
        "Diluted EPS": 0.41,
        "Total Revenue": NaN,
        "Gross Profit": NaN,
        "Operating Income": 491,
        "EBIT": 614,
        "Net Income": 247
    },
    "2009-09-30": {
        "Diluted EPS": 0.38,
        "Total Revenue": NaN,
        "Gross Profit": 979,
        "Operating Income": 451,
        "EBIT": 570,
        "Net Income": 225
    },
    "2009-06-30": {
        "Diluted EPS": 0.37,
        "Total Revenue": NaN,
        "Gross Profit": 932,
        "Operating Income": 418,
        "EBIT": 528,
        "Net Income": 221
    },
    "2009-03-31": {
        "Diluted EPS": 0.34,
        "Total Revenue": NaN,
        "Gross Profit": 863,
        "Operating Income": 396,
        "EBIT": 502,
        "Net Income": 198
    },
    "2023-09-30": {
        "Tax Effect Of Unusual Items": 0.0,
        "Tax Rate For Calcs": 0.376,
        "Normalized EBITDA": 803400000.0,
        "Total Unusual Items": NaN,
        "Total Unusual Items Excluding Goodwill": NaN,
        "Net Income From Continuing Operation Net Minority Interest": 84351000.0,
        "Reconciled Depreciation": 454032000.0,
        "Reconciled Cost Of Revenue": 3707240000.0,
        "EBITDA": 803400000.0,
        "EBIT": 349368000.0,
        "Net Interest Income": -88717000.0,
        "Interest Expense": 113857000.0,
        "Interest Income": 25140000.0,
        "Normalized Income": 84351000.0,
        "Net Income From Continuing And Discontinued Operation": 84351000.0,
        "Total Expenses": 4634644000.0,
        "Total Operating Income As Reported": 324228000.0,
        "Diluted Average Shares": 586826898.0,
        "Basic Average Shares": 586826898.0,
        "Diluted EPS": 0.145,
        "Basic EPS": 0.145,
        "Diluted NI Availto Com Stockholders": 84351000.0,
        "Net Income Common Stockholders": 84351000.0,
        "Net Income": 84351000.0,
        "Minority Interests": -62710000.0,
        "Net Income Including Noncontrolling Interests": 147061000.0,
        "Net Income Continuous Operations": 147061000.0,
        "Tax Provision": 88450000.0,
        "Pretax Income": 235511000.0,
        "Other Income Expense": 22635000.0,
        "Special Income Charges": NaN,
        "Gain On Sale Of Ppe": NaN,
        "Gain On Sale Of Business": NaN,
        "Earnings From Equity Interest": 22635000.0,
        "Gain On Sale Of Security": NaN,
        "Net Non Operating Interest Income Expense": -88717000.0,
        "Interest Expense Non Operating": 113857000.0,
        "Interest Income Non Operating": 25140000.0,
        "Operating Income": 301593000.0,
        "Operating Expense": 927404000.0,
        "Other Operating Expenses": 80573000.0,
        "Research And Development": 53041000.0,
        "Selling General And Administration": 793790000.0,
        "Gross Profit": 1228997000.0,
        "Cost Of Revenue": 3707240000.0,
        "Total Revenue": 4936237000.0,
        "Operating Revenue": 4936237000.0
    }
}