{
    "2023-03-31": {
        "Tax Effect Of Unusual Items": -2530381.261128,
        "Tax Rate For Calcs": 0.05135,
        "Normalized EBITDA": 31179000.0,
        "Total Unusual Items": -49277000.0,
        "Total Unusual Items Excluding Goodwill": -49277000.0,
        "Net Income From Continuing Operation Net Minority Interest": -63939000.0,
        "Reconciled Depreciation": 1367000.0,
        "EBITDA": -18098000.0,
        "EBIT": -18098000.0,
        "Net Interest Income": 425000.0,
        "Interest Income": 425000.0,
        "Normalized Income": -17192381.261128,
        "Net Income From Continuing And Discontinued Operation": -63939000.0,
        "Total Expenses": 18205000.0,
        "Total Operating Income As Reported": -67375000.0,
        "Diluted Average Shares": 1602851.0,
        "Basic Average Shares": 1602851.0,
        "Diluted EPS": -39.9,
        "Basic EPS": -39.9,
        "Diluted NI Availto Com Stockholders": -63939000.0,
        "Net Income Common Stockholders": -63939000.0,
        "Net Income": -63939000.0,
        "Net Income Including Noncontrolling Interests": -63939000.0,
        "Net Income Continuous Operations": -63939000.0,
        "Tax Provision": -3461000.0,
        "Pretax Income": -67400000.0,
        "Other Income Expense": -49302000.0,
        "Other Non Operating Income Expenses": -25000.0,
        "Special Income Charges": -49277000.0,
        "Gain On Sale Of Ppe": -137000.0,
        "Other Special Charges": 1366000.0,
        "Impairment Of Capital Assets": 46041000.0,
        "Restructuring And Mergern Acquisition": 3236000.0,
        "Net Non Operating Interest Income Expense": 425000.0,
        "Total Other Finance Cost": NaN,
        "Interest Income Non Operating": 425000.0,
        "Operating Income": -18098000.0,
        "Operating Expense": 18205000.0,
        "Research And Development": 8588000.0,
        "Selling General And Administration": 9617000.0,
        "General And Administrative Expense": 9617000.0,
        "Other Gand A": 9617000.0,
        "Salaries And Wages": 2088000.0,
        "Total Revenue": 107000.0,
        "Operating Revenue": 107000.0
    },
    "2022-12-31": {
        "Tax Effect Of Unusual Items": 0.0,
        "Tax Rate For Calcs": 0.0,
        "Normalized EBITDA": -27266000.0,
        "Total Unusual Items": -243000.0,
        "Total Unusual Items Excluding Goodwill": -243000.0,
        "Net Income From Continuing Operation Net Minority Interest": -27008000.0,
        "Reconciled Depreciation": 1408000.0,
        "EBITDA": -27509000.0,
        "EBIT": -27509000.0,
        "Net Interest Income": 259000.0,
        "Interest Income": NaN,
        "Normalized Income": -26765000.0,
        "Net Income From Continuing And Discontinued Operation": -27008000.0,
        "Total Expenses": 27517000.0,
        "Total Operating Income As Reported": -27752000.0,
        "Diluted Average Shares": 1597610.0,
        "Basic Average Shares": 1597610.0,
        "Diluted EPS": -16.8,
        "Basic EPS": -16.8,
        "Diluted NI Availto Com Stockholders": -27008000.0,
        "Net Income Common Stockholders": -27008000.0,
        "Net Income": -27008000.0,
        "Net Income Including Noncontrolling Interests": -27008000.0,
        "Net Income Continuous Operations": -27008000.0,
        "Tax Provision": 0.0,
        "Pretax Income": -27008000.0,
        "Other Income Expense": 501000.0,
        "Other Non Operating Income Expenses": 744000.0,
        "Special Income Charges": -243000.0,
        "Gain On Sale Of Ppe": -1000.0,
        "Other Special Charges": NaN,
        "Impairment Of Capital Assets": 0.0,
        "Restructuring And Mergern Acquisition": 243000.0,
        "Net Non Operating Interest Income Expense": 259000.0,
        "Total Other Finance Cost": NaN,
        "Interest Income Non Operating": NaN,
        "Operating Income": -27509000.0,
        "Operating Expense": 27517000.0,
        "Research And Development": 16581000.0,
        "Selling General And Administration": 10936000.0,
        "General And Administrative Expense": 10936000.0,
        "Other Gand A": 10936000.0,
        "Salaries And Wages": 2477000.0,
        "Total Revenue": 8000.0,
        "Operating Revenue": 8000.0
    },
    "2022-09-30": {
        "Tax Effect Of Unusual Items": 0.0,
        "Tax Rate For Calcs": 0.0,
        "Normalized EBITDA": -573000.0,
        "Total Unusual Items": -19327000.0,
        "Total Unusual Items Excluding Goodwill": -19327000.0,
        "Net Income From Continuing Operation Net Minority Interest": -40371000.0,
        "Reconciled Depreciation": 1405000.0,
        "EBITDA": -19900000.0,
        "EBIT": -21305000.0,
        "Net Interest Income": 45000.0,
        "Interest Income": NaN,
        "Normalized Income": -21044000.0,
        "Net Income From Continuing And Discontinued Operation": -40371000.0,
        "Total Expenses": 21443000.0,
        "Total Operating Income As Reported": -40632000.0,
        "Diluted Average Shares": 1590937.0,
        "Basic Average Shares": 1590937.0,
        "Diluted EPS": -25.5,
        "Basic EPS": -25.5,
        "Diluted NI Availto Com Stockholders": -40371000.0,
        "Net Income Common Stockholders": -40371000.0,
        "Net Income": -40371000.0,
        "Net Income Including Noncontrolling Interests": -40371000.0,
        "Net Income Continuous Operations": -40371000.0,
        "Tax Provision": 0.0,
        "Pretax Income": -40371000.0,
        "Other Income Expense": -19111000.0,
        "Other Non Operating Income Expenses": 216000.0,
        "Special Income Charges": -19327000.0,
        "Gain On Sale Of Ppe": 0.0,
        "Other Special Charges": NaN,
        "Impairment Of Capital Assets": 18057000.0,
        "Restructuring And Mergern Acquisition": 1270000.0,
        "Net Non Operating Interest Income Expense": 45000.0,
        "Total Other Finance Cost": -45000.0,
        "Interest Income Non Operating": NaN,
        "Operating Income": -21305000.0,
        "Operating Expense": 21443000.0,
        "Research And Development": 11859000.0,
        "Selling General And Administration": 9584000.0,
        "General And Administrative Expense": 9584000.0,
        "Other Gand A": 6983000.0,
        "Salaries And Wages": 2601000.0,
        "Total Revenue": 138000.0,
        "Operating Revenue": 138000.0
    },
    "2022-06-30": {
        "Tax Effect Of Unusual Items": 0.0,
        "Tax Rate For Calcs": 0.0,
        "Normalized EBITDA": -19454000.0,
        "Total Unusual Items": -909000.0,
        "Total Unusual Items Excluding Goodwill": -909000.0,
        "Net Income From Continuing Operation Net Minority Interest": -22700000.0,
        "Reconciled Depreciation": 1363000.0,
        "EBITDA": -20363000.0,
        "EBIT": -21726000.0,
        "Net Interest Income": -65000.0,
        "Interest Income": NaN,
        "Normalized Income": -21791000.0,
        "Net Income From Continuing And Discontinued Operation": -22700000.0,
        "Total Expenses": 22087000.0,
        "Total Operating Income As Reported": -22629000.0,
        "Diluted Average Shares": 1585978.0,
        "Basic Average Shares": 1585978.0,
        "Diluted EPS": -14.31,
        "Basic EPS": -14.31,
        "Diluted NI Availto Com Stockholders": -22700000.0,
        "Net Income Common Stockholders": -22700000.0,
        "Net Income": -22700000.0,
        "Net Income Including Noncontrolling Interests": -22700000.0,
        "Net Income Continuous Operations": -22700000.0,
        "Tax Provision": 0.0,
        "Pretax Income": -22700000.0,
        "Other Income Expense": -909000.0,
        "Other Non Operating Income Expenses": NaN,
        "Special Income Charges": -909000.0,
        "Gain On Sale Of Ppe": -6000.0,
        "Other Special Charges": NaN,
        "Impairment Of Capital Assets": NaN,
        "Restructuring And Mergern Acquisition": 903000.0,
        "Net Non Operating Interest Income Expense": -65000.0,
        "Total Other Finance Cost": 65000.0,
        "Interest Income Non Operating": NaN,
        "Operating Income": -21726000.0,
        "Operating Expense": 22087000.0,
        "Research And Development": 13923000.0,
        "Selling General And Administration": 8164000.0,
        "General And Administrative Expense": 8164000.0,
        "Other Gand A": 4931000.0,
        "Salaries And Wages": 3233000.0,
        "Total Revenue": 361000.0,
        "Operating Revenue": 361000.0
    },
    "2022-03-31": {
        "Diluted EPS": -15.62,
        "Total Revenue": 0,
        "Gross Profit": 0,
        "Operating Income": -25,
        "EBIT": -23,
        "Net Income": -25
    },
    "2021-12-31": {
        "Diluted EPS": 1.5,
        "Total Revenue": 1,
        "Gross Profit": 1,
        "Operating Income": -19,
        "EBIT": -18,
        "Net Income": -19
    },
    "2021-09-30": {
        "Diluted EPS": -6.31,
        "Total Revenue": 11,
        "Gross Profit": 11,
        "Operating Income": -10,
        "EBIT": -9,
        "Net Income": -10
    },
    "2021-06-30": {
        "Diluted EPS": -9.61,
        "Total Revenue": 3,
        "Gross Profit": 3,
        "Operating Income": -17,
        "EBIT": -16,
        "Net Income": -15
    },
    "2021-03-31": {
        "Diluted EPS": -30.03,
        "Total Revenue": 4,
        "Gross Profit": 4,
        "Operating Income": -14,
        "EBIT": -14,
        "Net Income": -14
    },
    "2020-12-31": {
        "Diluted EPS": -47.75,
        "Total Revenue": 2,
        "Gross Profit": 2,
        "Operating Income": -13,
        "EBIT": -13,
        "Net Income": -13
    },
    "2020-09-30": {
        "Diluted EPS": -36.64,
        "Total Revenue": 2,
        "Gross Profit": 2,
        "Operating Income": -10,
        "EBIT": -10,
        "Net Income": -10
    },
    "2020-06-30": {
        "Diluted EPS": -30.63,
        "Total Revenue": 2,
        "Gross Profit": 2,
        "Operating Income": -8,
        "EBIT": -8,
        "Net Income": -8
    },
    "2020-03-31": {
        "Diluted EPS": -30.03,
        "Total Revenue": 2,
        "Gross Profit": 2,
        "Operating Income": -8,
        "EBIT": -8,
        "Net Income": -8
    },
    "2023-06-30": {
        "Tax Effect Of Unusual Items": 0.0,
        "Tax Rate For Calcs": 0.0,
        "Normalized EBITDA": -9728000.0,
        "Total Unusual Items": 705000.0,
        "Total Unusual Items Excluding Goodwill": 705000.0,
        "Net Income From Continuing Operation Net Minority Interest": -6950000.0,
        "Reconciled Depreciation": 57000.0,
        "EBITDA": -9023000.0,
        "EBIT": -9080000.0,
        "Net Interest Income": 420000.0,
        "Interest Income": NaN,
        "Normalized Income": -7655000.0,
        "Net Income From Continuing And Discontinued Operation": -6950000.0,
        "Total Expenses": 9080000.0,
        "Total Operating Income As Reported": -9881000.0,
        "Diluted Average Shares": 1604795.0,
        "Basic Average Shares": 1604795.0,
        "Diluted EPS": -4.33,
        "Basic EPS": -4.33,
        "Diluted NI Availto Com Stockholders": -6950000.0,
        "Net Income Common Stockholders": -6950000.0,
        "Net Income": -6950000.0,
        "Net Income Including Noncontrolling Interests": -6950000.0,
        "Net Income Continuous Operations": -6950000.0,
        "Tax Provision": 0.0,
        "Pretax Income": -6950000.0,
        "Other Income Expense": 1710000.0,
        "Other Non Operating Income Expenses": 1005000.0,
        "Special Income Charges": 705000.0,
        "Gain On Sale Of Ppe": 754000.0,
        "Other Special Charges": -752000.0,
        "Impairment Of Capital Assets": 0.0,
        "Restructuring And Mergern Acquisition": 801000.0,
        "Net Non Operating Interest Income Expense": 420000.0,
        "Total Other Finance Cost": -420000.0,
        "Interest Income Non Operating": NaN,
        "Operating Income": -9080000.0,
        "Operating Expense": 9080000.0,
        "Research And Development": 203000.0,
        "Selling General And Administration": 8877000.0,
        "General And Administrative Expense": 8877000.0,
        "Other Gand A": 8097000.0,
        "Salaries And Wages": 780000.0,
        "Total Revenue": 0.0,
        "Operating Revenue": 0.0
    }
}