{
    "2023-05-31": {
        "Tax Effect Of Unusual Items": NaN,
        "Tax Rate For Calcs": NaN,
        "Normalized EBITDA": NaN,
        "Total Unusual Items": NaN,
        "Total Unusual Items Excluding Goodwill": NaN,
        "Net Income From Continuing Operation Net Minority Interest": NaN,
        "Reconciled Depreciation": NaN,
        "Reconciled Cost Of Revenue": NaN,
        "EBITDA": NaN,
        "EBIT": NaN,
        "Net Interest Income": NaN,
        "Interest Expense": NaN,
        "Interest Income": NaN,
        "Normalized Income": NaN,
        "Net Income From Continuing And Discontinued Operation": NaN,
        "Total Expenses": NaN,
        "Rent Expense Supplemental": NaN,
        "Total Operating Income As Reported": NaN,
        "Diluted Average Shares": NaN,
        "Basic Average Shares": NaN,
        "Diluted EPS": NaN,
        "Basic EPS": NaN,
        "Diluted NI Availto Com Stockholders": NaN,
        "Net Income Common Stockholders": NaN,
        "Net Income": NaN,
        "Minority Interests": NaN,
        "Net Income Including Noncontrolling Interests": NaN,
        "Net Income Continuous Operations": NaN,
        "Tax Provision": NaN,
        "Pretax Income": NaN,
        "Other Income Expense": NaN,
        "Other Non Operating Income Expenses": NaN,
        "Gain On Sale Of Security": NaN,
        "Net Non Operating Interest Income Expense": NaN,
        "Interest Expense Non Operating": NaN,
        "Interest Income Non Operating": NaN,
        "Operating Income": NaN,
        "Operating Expense": NaN,
        "Other Operating Expenses": -6841.0,
        "Depreciation Amortization Depletion Income Statement": NaN,
        "Depreciation And Amortization In Income Statement": NaN,
        "Research And Development": NaN,
        "Selling General And Administration": NaN,
        "Selling And Marketing Expense": NaN,
        "General And Administrative Expense": NaN,
        "Other Gand A": NaN,
        "Rent And Landing Fees": NaN,
        "Salaries And Wages": NaN,
        "Gross Profit": NaN,
        "Cost Of Revenue": NaN,
        "Total Revenue": NaN,
        "Operating Revenue": NaN
    },
    "2023-02-28": {
        "Tax Effect Of Unusual Items": NaN,
        "Tax Rate For Calcs": NaN,
        "Normalized EBITDA": NaN,
        "Total Unusual Items": NaN,
        "Total Unusual Items Excluding Goodwill": NaN,
        "Net Income From Continuing Operation Net Minority Interest": NaN,
        "Reconciled Depreciation": NaN,
        "Reconciled Cost Of Revenue": NaN,
        "EBITDA": NaN,
        "EBIT": NaN,
        "Net Interest Income": NaN,
        "Interest Expense": NaN,
        "Interest Income": NaN,
        "Normalized Income": NaN,
        "Net Income From Continuing And Discontinued Operation": NaN,
        "Total Expenses": NaN,
        "Rent Expense Supplemental": NaN,
        "Total Operating Income As Reported": NaN,
        "Diluted Average Shares": NaN,
        "Basic Average Shares": NaN,
        "Diluted EPS": NaN,
        "Basic EPS": NaN,
        "Diluted NI Availto Com Stockholders": NaN,
        "Net Income Common Stockholders": NaN,
        "Net Income": NaN,
        "Minority Interests": NaN,
        "Net Income Including Noncontrolling Interests": NaN,
        "Net Income Continuous Operations": NaN,
        "Tax Provision": NaN,
        "Pretax Income": NaN,
        "Other Income Expense": NaN,
        "Other Non Operating Income Expenses": NaN,
        "Gain On Sale Of Security": NaN,
        "Net Non Operating Interest Income Expense": NaN,
        "Interest Expense Non Operating": NaN,
        "Interest Income Non Operating": NaN,
        "Operating Income": NaN,
        "Operating Expense": NaN,
        "Other Operating Expenses": NaN,
        "Depreciation Amortization Depletion Income Statement": NaN,
        "Depreciation And Amortization In Income Statement": NaN,
        "Research And Development": NaN,
        "Selling General And Administration": NaN,
        "Selling And Marketing Expense": 139699.0,
        "General And Administrative Expense": NaN,
        "Other Gand A": NaN,
        "Rent And Landing Fees": NaN,
        "Salaries And Wages": NaN,
        "Gross Profit": NaN,
        "Cost Of Revenue": NaN,
        "Total Revenue": NaN,
        "Operating Revenue": NaN
    },
    "2022-11-30": {
        "Tax Effect Of Unusual Items": NaN,
        "Tax Rate For Calcs": NaN,
        "Normalized EBITDA": NaN,
        "Total Unusual Items": NaN,
        "Total Unusual Items Excluding Goodwill": NaN,
        "Net Income From Continuing Operation Net Minority Interest": NaN,
        "Reconciled Depreciation": NaN,
        "Reconciled Cost Of Revenue": NaN,
        "EBITDA": NaN,
        "EBIT": NaN,
        "Net Interest Income": NaN,
        "Interest Expense": NaN,
        "Interest Income": NaN,
        "Normalized Income": NaN,
        "Net Income From Continuing And Discontinued Operation": NaN,
        "Total Expenses": NaN,
        "Rent Expense Supplemental": NaN,
        "Total Operating Income As Reported": NaN,
        "Diluted Average Shares": 43692686.0,
        "Basic Average Shares": 43692686.0,
        "Diluted EPS": -0.06,
        "Basic EPS": -0.06,
        "Diluted NI Availto Com Stockholders": NaN,
        "Net Income Common Stockholders": NaN,
        "Net Income": NaN,
        "Minority Interests": NaN,
        "Net Income Including Noncontrolling Interests": NaN,
        "Net Income Continuous Operations": NaN,
        "Tax Provision": NaN,
        "Pretax Income": NaN,
        "Other Income Expense": NaN,
        "Other Non Operating Income Expenses": NaN,
        "Gain On Sale Of Security": NaN,
        "Net Non Operating Interest Income Expense": NaN,
        "Interest Expense Non Operating": NaN,
        "Interest Income Non Operating": NaN,
        "Operating Income": NaN,
        "Operating Expense": NaN,
        "Other Operating Expenses": NaN,
        "Depreciation Amortization Depletion Income Statement": NaN,
        "Depreciation And Amortization In Income Statement": NaN,
        "Research And Development": NaN,
        "Selling General And Administration": NaN,
        "Selling And Marketing Expense": NaN,
        "General And Administrative Expense": NaN,
        "Other Gand A": NaN,
        "Rent And Landing Fees": NaN,
        "Salaries And Wages": NaN,
        "Gross Profit": NaN,
        "Cost Of Revenue": NaN,
        "Total Revenue": NaN,
        "Operating Revenue": NaN
    },
    "2022-08-31": {
        "Tax Effect Of Unusual Items": NaN,
        "Tax Rate For Calcs": NaN,
        "Normalized EBITDA": NaN,
        "Total Unusual Items": NaN,
        "Total Unusual Items Excluding Goodwill": NaN,
        "Net Income From Continuing Operation Net Minority Interest": NaN,
        "Reconciled Depreciation": NaN,
        "Reconciled Cost Of Revenue": NaN,
        "EBITDA": NaN,
        "EBIT": NaN,
        "Net Interest Income": NaN,
        "Interest Expense": NaN,
        "Interest Income": NaN,
        "Normalized Income": NaN,
        "Net Income From Continuing And Discontinued Operation": NaN,
        "Total Expenses": NaN,
        "Rent Expense Supplemental": NaN,
        "Total Operating Income As Reported": NaN,
        "Diluted Average Shares": 42811064.0,
        "Basic Average Shares": 42811064.0,
        "Diluted EPS": -0.04,
        "Basic EPS": -0.04,
        "Diluted NI Availto Com Stockholders": NaN,
        "Net Income Common Stockholders": NaN,
        "Net Income": NaN,
        "Minority Interests": NaN,
        "Net Income Including Noncontrolling Interests": NaN,
        "Net Income Continuous Operations": NaN,
        "Tax Provision": NaN,
        "Pretax Income": NaN,
        "Other Income Expense": NaN,
        "Other Non Operating Income Expenses": NaN,
        "Gain On Sale Of Security": NaN,
        "Net Non Operating Interest Income Expense": NaN,
        "Interest Expense Non Operating": NaN,
        "Interest Income Non Operating": NaN,
        "Operating Income": NaN,
        "Operating Expense": NaN,
        "Other Operating Expenses": NaN,
        "Depreciation Amortization Depletion Income Statement": NaN,
        "Depreciation And Amortization In Income Statement": NaN,
        "Research And Development": NaN,
        "Selling General And Administration": NaN,
        "Selling And Marketing Expense": 169389.0,
        "General And Administrative Expense": NaN,
        "Other Gand A": NaN,
        "Rent And Landing Fees": NaN,
        "Salaries And Wages": NaN,
        "Gross Profit": NaN,
        "Cost Of Revenue": NaN,
        "Total Revenue": NaN,
        "Operating Revenue": NaN
    },
    "2022-05-31": {
        "Tax Effect Of Unusual Items": 0.0,
        "Tax Rate For Calcs": 0.0,
        "Normalized EBITDA": -1415393.0,
        "Total Unusual Items": -272.0,
        "Total Unusual Items Excluding Goodwill": -272.0,
        "Net Income From Continuing Operation Net Minority Interest": -1444123.0,
        "Reconciled Depreciation": 14172.0,
        "Reconciled Cost Of Revenue": 4478052.0,
        "EBIT": -1429837.0,
        "Net Interest Income": -14074.0,
        "Interest Expense": 14831.0,
        "Interest Income": 757.0,
        "Normalized Income": -1443851.0,
        "Net Income From Continuing And Discontinued Operation": -1444123.0,
        "Total Expenses": 6290543.0,
        "Rent Expense Supplemental": 33269.0,
        "Total Operating Income As Reported": -1435420.0,
        "Diluted Average Shares": 42693999.0,
        "Basic Average Shares": 42693999.0,
        "Diluted EPS": -0.03,
        "Basic EPS": -0.03,
        "Diluted NI Availto Com Stockholders": -1444123.0,
        "Net Income Common Stockholders": -1444123.0,
        "Net Income": -1444123.0,
        "Minority Interests": 545.0,
        "Net Income Including Noncontrolling Interests": -1444668.0,
        "Net Income Continuous Operations": -1444668.0,
        "Tax Provision": 0.0,
        "Pretax Income": -1444668.0,
        "Other Income Expense": 4826.0,
        "Other Non Operating Income Expenses": 5098.0,
        "Gain On Sale Of Security": -272.0,
        "Net Non Operating Interest Income Expense": -14074.0,
        "Interest Expense Non Operating": 14831.0,
        "Interest Income Non Operating": 757.0,
        "Operating Income": -1435420.0,
        "Operating Expense": 1812491.0,
        "Other Operating Expenses": NaN,
        "Depreciation Amortization Depletion Income Statement": 14172.0,
        "Depreciation And Amortization In Income Statement": 14172.0,
        "Research And Development": 211647.0,
        "Selling General And Administration": 1586672.0,
        "Selling And Marketing Expense": 57191.0,
        "General And Administrative Expense": 1529481.0,
        "Other Gand A": 645958.0,
        "Rent And Landing Fees": 33269.0,
        "Salaries And Wages": 850254.0,
        "Gross Profit": 377071.0,
        "Cost Of Revenue": 4478052.0,
        "Total Revenue": 4855123.0,
        "Operating Revenue": 4855123.0
    },
    "2022-02-28": {
        "Diluted EPS": -0.04,
        "Total Revenue": 6,
        "Gross Profit": 1,
        "Operating Income": -2,
        "EBIT": -2,
        "Net Income": -2
    },
    "2021-11-30": {
        "Diluted EPS": -0.02,
        "Total Revenue": 6,
        "Gross Profit": 1,
        "Operating Income": -1,
        "EBIT": -1,
        "Net Income": -1
    },
    "2021-08-31": {
        "Diluted EPS": -0.04,
        "Total Revenue": 5,
        "Gross Profit": 1,
        "Operating Income": -1,
        "EBIT": -1,
        "Net Income": -1
    },
    "2021-05-31": {
        "Diluted EPS": -0.02,
        "Total Revenue": 6,
        "Gross Profit": 1,
        "Operating Income": -1,
        "EBIT": -1,
        "Net Income": -1
    },
    "2021-02-28": {
        "Diluted EPS": -0.06,
        "Total Revenue": 5,
        "Gross Profit": 0,
        "Operating Income": -2,
        "EBIT": -2,
        "Net Income": -2
    },
    "2020-11-30": {
        "Diluted EPS": -0.02,
        "Total Revenue": 5,
        "Gross Profit": 1,
        "Operating Income": -1,
        "EBIT": -1,
        "Net Income": -1
    },
    "2020-08-31": {
        "Diluted EPS": -0.03,
        "Total Revenue": 4,
        "Gross Profit": 0,
        "Operating Income": -1,
        "EBIT": -1,
        "Net Income": -1
    },
    "2020-05-31": {
        "Diluted EPS": -0.02,
        "Total Revenue": 3,
        "Gross Profit": 0,
        "Operating Income": -1,
        "EBIT": -1,
        "Net Income": -1
    },
    "2020-02-29": {
        "Diluted EPS": 0.0,
        "Total Revenue": NaN,
        "Gross Profit": NaN,
        "Operating Income": NaN,
        "EBIT": NaN,
        "Net Income": NaN
    },
    "2019-11-30": {
        "Diluted EPS": -0.02,
        "Total Revenue": 3,
        "Gross Profit": 0,
        "Operating Income": -1,
        "EBIT": -1,
        "Net Income": 0
    },
    "2019-02-28": {
        "Diluted EPS": 0.0,
        "Total Revenue": NaN,
        "Gross Profit": NaN,
        "Operating Income": NaN,
        "EBIT": NaN,
        "Net Income": NaN
    },
    "2023-08-31": {
        "Tax Effect Of Unusual Items": NaN,
        "Tax Rate For Calcs": NaN,
        "Normalized EBITDA": NaN,
        "Total Unusual Items": NaN,
        "Total Unusual Items Excluding Goodwill": NaN,
        "Net Income From Continuing Operation Net Minority Interest": NaN,
        "Reconciled Depreciation": NaN,
        "Reconciled Cost Of Revenue": NaN,
        "EBITDA": NaN,
        "EBIT": NaN,
        "Net Interest Income": NaN,
        "Interest Expense": NaN,
        "Interest Income": NaN,
        "Normalized Income": NaN,
        "Net Income From Continuing And Discontinued Operation": NaN,
        "Total Expenses": NaN,
        "Rent Expense Supplemental": NaN,
        "Total Operating Income As Reported": NaN,
        "Diluted Average Shares": 52115546.0,
        "Basic Average Shares": 52115546.0,
        "Diluted EPS": -0.002573,
        "Basic EPS": -0.002573,
        "Diluted NI Availto Com Stockholders": NaN,
        "Net Income Common Stockholders": NaN,
        "Net Income": NaN,
        "Minority Interests": NaN,
        "Net Income Including Noncontrolling Interests": NaN,
        "Net Income Continuous Operations": NaN,
        "Tax Provision": NaN,
        "Pretax Income": NaN,
        "Other Income Expense": NaN,
        "Other Non Operating Income Expenses": NaN,
        "Gain On Sale Of Security": NaN,
        "Net Non Operating Interest Income Expense": NaN,
        "Interest Expense Non Operating": NaN,
        "Interest Income Non Operating": NaN,
        "Operating Income": NaN,
        "Operating Expense": NaN,
        "Other Operating Expenses": NaN,
        "Depreciation Amortization Depletion Income Statement": NaN,
        "Depreciation And Amortization In Income Statement": NaN,
        "Research And Development": NaN,
        "Selling General And Administration": NaN,
        "Selling And Marketing Expense": NaN,
        "General And Administrative Expense": NaN,
        "Other Gand A": NaN,
        "Rent And Landing Fees": NaN,
        "Salaries And Wages": NaN,
        "Gross Profit": NaN,
        "Cost Of Revenue": NaN,
        "Total Revenue": NaN,
        "Operating Revenue": NaN
    },
    "2023-11-30": {
        "Tax Effect Of Unusual Items": 0.0,
        "Tax Rate For Calcs": 0.0,
        "Normalized EBITDA": -1928726.0,
        "Total Unusual Items": 448.0,
        "Total Unusual Items Excluding Goodwill": 448.0,
        "Net Income From Continuing Operation Net Minority Interest": -1944343.0,
        "Reconciled Depreciation": 17525.0,
        "Reconciled Cost Of Revenue": 5502151.0,
        "EBITDA": -1928278.0,
        "EBIT": -1945803.0,
        "Net Interest Income": 12578.0,
        "Interest Expense": 0.0,
        "Interest Income": 12578.0,
        "Normalized Income": -1944791.0,
        "Net Income From Continuing And Discontinued Operation": -1944343.0,
        "Total Expenses": 8101156.0,
        "Rent Expense Supplemental": 34949.0,
        "Total Operating Income As Reported": -1961010.0,
        "Diluted Average Shares": 52527382.0,
        "Basic Average Shares": 52527382.0,
        "Diluted EPS": -0.04,
        "Basic EPS": -0.04,
        "Diluted NI Availto Com Stockholders": -1944343.0,
        "Net Income Common Stockholders": -1944343.0,
        "Net Income": -1944343.0,
        "Minority Interests": 1460.0,
        "Net Income Including Noncontrolling Interests": -1945803.0,
        "Net Income Continuous Operations": -1945803.0,
        "Tax Provision": 0.0,
        "Pretax Income": -1945803.0,
        "Other Income Expense": 2629.0,
        "Other Non Operating Income Expenses": 2181.0,
        "Gain On Sale Of Security": 448.0,
        "Net Non Operating Interest Income Expense": 12578.0,
        "Interest Expense Non Operating": 0.0,
        "Interest Income Non Operating": 12578.0,
        "Operating Income": -1961010.0,
        "Operating Expense": 2599005.0,
        "Other Operating Expenses": NaN,
        "Depreciation Amortization Depletion Income Statement": 17525.0,
        "Depreciation And Amortization In Income Statement": 17525.0,
        "Research And Development": 176119.0,
        "Selling General And Administration": 2405361.0,
        "Selling And Marketing Expense": 40963.0,
        "General And Administrative Expense": 2364398.0,
        "Other Gand A": 1719840.0,
        "Rent And Landing Fees": 34949.0,
        "Salaries And Wages": 609609.0,
        "Gross Profit": 637995.0,
        "Cost Of Revenue": 5502151.0,
        "Total Revenue": 6140146.0,
        "Operating Revenue": 6140146.0
    },
    "2024-02-29": {
        "Tax Effect Of Unusual Items": 0.0,
        "Tax Rate For Calcs": 0.0,
        "Normalized EBITDA": -449652.0,
        "Total Unusual Items": -277.0,
        "Total Unusual Items Excluding Goodwill": -277.0,
        "Net Income From Continuing Operation Net Minority Interest": -413624.0,
        "Reconciled Depreciation": 17371.0,
        "Reconciled Cost Of Revenue": 7483642.0,
        "EBITDA": -449929.0,
        "EBIT": -467300.0,
        "Net Interest Income": 13221.0,
        "Interest Expense": 0.0,
        "Interest Income": 13221.0,
        "Normalized Income": -413347.0,
        "Net Income From Continuing And Discontinued Operation": -413624.0,
        "Total Expenses": 8680155.0,
        "Rent Expense Supplemental": 33492.0,
        "Total Operating Income As Reported": -476873.0,
        "Diluted Average Shares": NaN,
        "Basic Average Shares": NaN,
        "Diluted EPS": NaN,
        "Basic EPS": NaN,
        "Diluted NI Availto Com Stockholders": -413624.0,
        "Net Income Common Stockholders": -413624.0,
        "Net Income": -413624.0,
        "Minority Interests": 53676.0,
        "Net Income Including Noncontrolling Interests": -467300.0,
        "Net Income Continuous Operations": -467300.0,
        "Tax Provision": 0.0,
        "Pretax Income": -467300.0,
        "Other Income Expense": -3648.0,
        "Other Non Operating Income Expenses": -3371.0,
        "Gain On Sale Of Security": -277.0,
        "Net Non Operating Interest Income Expense": 13221.0,
        "Interest Expense Non Operating": 0.0,
        "Interest Income Non Operating": 13221.0,
        "Operating Income": -476873.0,
        "Operating Expense": 1196513.0,
        "Other Operating Expenses": NaN,
        "Depreciation Amortization Depletion Income Statement": 17371.0,
        "Depreciation And Amortization In Income Statement": 17371.0,
        "Research And Development": 174385.0,
        "Selling General And Administration": 1004757.0,
        "Selling And Marketing Expense": 47493.0,
        "General And Administrative Expense": 957264.0,
        "Other Gand A": 722505.0,
        "Rent And Landing Fees": 33492.0,
        "Salaries And Wages": 201267.0,
        "Gross Profit": 719640.0,
        "Cost Of Revenue": 7483642.0,
        "Total Revenue": 8203282.0,
        "Operating Revenue": 8203282.0
    },
    "2024-05-31": {
        "Tax Effect Of Unusual Items": 0.0,
        "Tax Rate For Calcs": 0.0,
        "Normalized EBITDA": -1644061.0,
        "Total Unusual Items": 243.0,
        "Total Unusual Items Excluding Goodwill": 243.0,
        "Net Income From Continuing Operation Net Minority Interest": -1655904.0,
        "Reconciled Depreciation": 12014.0,
        "Reconciled Cost Of Revenue": 7692094.0,
        "EBITDA": -1643818.0,
        "EBIT": -1655832.0,
        "Net Interest Income": 20013.0,
        "Interest Expense": 0.0,
        "Interest Income": 20013.0,
        "Normalized Income": -1656147.0,
        "Net Income From Continuing And Discontinued Operation": -1655904.0,
        "Total Expenses": 10050072.0,
        "Rent Expense Supplemental": 33196.0,
        "Total Operating Income As Reported": -1676089.0,
        "Diluted Average Shares": 52660051.0,
        "Basic Average Shares": 52660051.0,
        "Diluted EPS": -0.03,
        "Basic EPS": -0.03,
        "Diluted NI Availto Com Stockholders": -1655904.0,
        "Net Income Common Stockholders": -1655904.0,
        "Net Income": -1655904.0,
        "Minority Interests": -72.0,
        "Net Income Including Noncontrolling Interests": -1655832.0,
        "Net Income Continuous Operations": -1655832.0,
        "Tax Provision": 0.0,
        "Pretax Income": -1655832.0,
        "Other Income Expense": 244.0,
        "Other Non Operating Income Expenses": 1.0,
        "Gain On Sale Of Security": 243.0,
        "Net Non Operating Interest Income Expense": 20013.0,
        "Interest Expense Non Operating": 0.0,
        "Interest Income Non Operating": 20013.0,
        "Operating Income": -1676089.0,
        "Operating Expense": 2357978.0,
        "Other Operating Expenses": NaN,
        "Depreciation Amortization Depletion Income Statement": 12014.0,
        "Depreciation And Amortization In Income Statement": 12014.0,
        "Research And Development": 178993.0,
        "Selling General And Administration": 2166971.0,
        "Selling And Marketing Expense": 62524.0,
        "General And Administrative Expense": 2104447.0,
        "Other Gand A": 1231939.0,
        "Rent And Landing Fees": 33196.0,
        "Salaries And Wages": 839312.0,
        "Gross Profit": 681889.0,
        "Cost Of Revenue": 7692094.0,
        "Total Revenue": 8373983.0,
        "Operating Revenue": 8373983.0
    },
    "2024-08-31": {
        "Tax Effect Of Unusual Items": 0.0,
        "Tax Rate For Calcs": 0.0,
        "Normalized EBITDA": -1662383.0,
        "Total Unusual Items": 12150.0,
        "Total Unusual Items Excluding Goodwill": 12150.0,
        "Net Income From Continuing Operation Net Minority Interest": -1688229.0,
        "Reconciled Depreciation": 11740.0,
        "Reconciled Cost Of Revenue": 8157735.0,
        "EBITDA": -1650233.0,
        "EBIT": -1661973.0,
        "Net Interest Income": -16350.0,
        "Interest Expense": 28578.0,
        "Interest Income": 12228.0,
        "Normalized Income": -1700379.0,
        "Net Income From Continuing And Discontinued Operation": -1688229.0,
        "Total Expenses": 10149929.0,
        "Rent Expense Supplemental": 33744.0,
        "Total Operating Income As Reported": -1691166.0,
        "Diluted Average Shares": 52712850.0,
        "Basic Average Shares": 52712850.0,
        "Diluted EPS": -0.03,
        "Basic EPS": -0.03,
        "Diluted NI Availto Com Stockholders": -1688229.0,
        "Net Income Common Stockholders": -1688229.0,
        "Net Income": -1688229.0,
        "Minority Interests": 2322.0,
        "Net Income Including Noncontrolling Interests": -1690551.0,
        "Net Income Continuous Operations": -1690551.0,
        "Tax Provision": 0.0,
        "Pretax Income": -1690551.0,
        "Other Income Expense": 16965.0,
        "Other Non Operating Income Expenses": 4815.0,
        "Gain On Sale Of Security": 12150.0,
        "Net Non Operating Interest Income Expense": -16350.0,
        "Interest Expense Non Operating": 28578.0,
        "Interest Income Non Operating": 12228.0,
        "Operating Income": -1691166.0,
        "Operating Expense": 1992194.0,
        "Other Operating Expenses": NaN,
        "Depreciation Amortization Depletion Income Statement": 11740.0,
        "Depreciation And Amortization In Income Statement": 11740.0,
        "Research And Development": 180273.0,
        "Selling General And Administration": 1800181.0,
        "Selling And Marketing Expense": 71582.0,
        "General And Administrative Expense": 1728599.0,
        "Other Gand A": 897345.0,
        "Rent And Landing Fees": 33744.0,
        "Salaries And Wages": 797510.0,
        "Gross Profit": 301028.0,
        "Cost Of Revenue": 8157735.0,
        "Total Revenue": 8458763.0,
        "Operating Revenue": 8458763.0
    },
    "2024-11-30": {
        "Tax Effect Of Unusual Items": -65.25,
        "Tax Rate For Calcs": 0.25,
        "Normalized EBITDA": -1583508.0,
        "Total Unusual Items": -261.0,
        "Total Unusual Items Excluding Goodwill": -261.0,
        "Net Income From Continuing Operation Net Minority Interest": -1660801.0,
        "Reconciled Depreciation": 11561.0,
        "Reconciled Cost Of Revenue": 8090509.0,
        "EBITDA": -1583769.0,
        "EBIT": -1595330.0,
        "Net Interest Income": -63055.0,
        "Interest Expense": 67325.0,
        "Interest Income": 4270.0,
        "Normalized Income": -1660605.25,
        "Net Income From Continuing And Discontinued Operation": -1660801.0,
        "Total Expenses": 10148186.0,
        "Rent Expense Supplemental": 33140.0,
        "Total Operating Income As Reported": -1614107.0,
        "Diluted Average Shares": 53326531.0,
        "Basic Average Shares": 53326531.0,
        "Diluted EPS": -0.03,
        "Basic EPS": -0.03,
        "Diluted NI Availto Com Stockholders": -1660801.0,
        "Net Income Common Stockholders": -1660801.0,
        "Net Income": -1660801.0,
        "Minority Interests": 1911.0,
        "Net Income Including Noncontrolling Interests": -1662712.0,
        "Net Income Continuous Operations": -1662712.0,
        "Tax Provision": 57.0,
        "Pretax Income": -1662655.0,
        "Other Income Expense": 14507.0,
        "Other Non Operating Income Expenses": 14768.0,
        "Gain On Sale Of Security": -261.0,
        "Net Non Operating Interest Income Expense": -63055.0,
        "Interest Expense Non Operating": 67325.0,
        "Interest Income Non Operating": 4270.0,
        "Operating Income": -1614107.0,
        "Operating Expense": 2057677.0,
        "Other Operating Expenses": NaN,
        "Depreciation Amortization Depletion Income Statement": 11561.0,
        "Depreciation And Amortization In Income Statement": 11561.0,
        "Research And Development": 146735.0,
        "Selling General And Administration": 1899381.0,
        "Selling And Marketing Expense": 140478.0,
        "General And Administrative Expense": 1758903.0,
        "Other Gand A": 929483.0,
        "Rent And Landing Fees": 33140.0,
        "Salaries And Wages": 796280.0,
        "Gross Profit": 443570.0,
        "Cost Of Revenue": 8090509.0,
        "Total Revenue": 8534079.0,
        "Operating Revenue": 8534079.0
    }
}