{
    "2023-06-30": {
        "Tax Effect Of Unusual Items": NaN,
        "Tax Rate For Calcs": NaN,
        "Normalized EBITDA": NaN,
        "Total Unusual Items": NaN,
        "Total Unusual Items Excluding Goodwill": NaN,
        "Net Income From Continuing Operation Net Minority Interest": NaN,
        "Reconciled Depreciation": NaN,
        "Reconciled Cost Of Revenue": NaN,
        "EBITDA": NaN,
        "EBIT": NaN,
        "Net Interest Income": NaN,
        "Interest Income": NaN,
        "Normalized Income": NaN,
        "Net Income From Continuing And Discontinued Operation": NaN,
        "Total Expenses": NaN,
        "Diluted Average Shares": NaN,
        "Basic Average Shares": NaN,
        "Diluted EPS": NaN,
        "Basic EPS": NaN,
        "Diluted NI Availto Com Stockholders": NaN,
        "Net Income Common Stockholders": NaN,
        "Net Income": NaN,
        "Net Income Including Noncontrolling Interests": NaN,
        "Net Income Continuous Operations": NaN,
        "Tax Provision": NaN,
        "Pretax Income": NaN,
        "Other Income Expense": NaN,
        "Special Income Charges": NaN,
        "Gain On Sale Of Ppe": NaN,
        "Earnings From Equity Interest": 0.0,
        "Net Non Operating Interest Income Expense": NaN,
        "Interest Income Non Operating": NaN,
        "Operating Income": NaN,
        "Operating Expense": NaN,
        "Selling General And Administration": NaN,
        "Gross Profit": NaN,
        "Cost Of Revenue": NaN,
        "Total Revenue": NaN,
        "Operating Revenue": NaN
    },
    "2023-03-31": {
        "Tax Effect Of Unusual Items": NaN,
        "Tax Rate For Calcs": NaN,
        "Normalized EBITDA": NaN,
        "Total Unusual Items": NaN,
        "Total Unusual Items Excluding Goodwill": NaN,
        "Net Income From Continuing Operation Net Minority Interest": NaN,
        "Reconciled Depreciation": NaN,
        "Reconciled Cost Of Revenue": NaN,
        "EBITDA": NaN,
        "EBIT": NaN,
        "Net Interest Income": NaN,
        "Interest Income": NaN,
        "Normalized Income": NaN,
        "Net Income From Continuing And Discontinued Operation": NaN,
        "Total Expenses": NaN,
        "Diluted Average Shares": NaN,
        "Basic Average Shares": NaN,
        "Diluted EPS": NaN,
        "Basic EPS": NaN,
        "Diluted NI Availto Com Stockholders": NaN,
        "Net Income Common Stockholders": NaN,
        "Net Income": NaN,
        "Minority Interests": 0.0,
        "Net Income Including Noncontrolling Interests": NaN,
        "Net Income Continuous Operations": NaN,
        "Tax Provision": NaN,
        "Pretax Income": NaN,
        "Other Income Expense": NaN,
        "Special Income Charges": NaN,
        "Gain On Sale Of Ppe": NaN,
        "Earnings From Equity Interest": 0.0,
        "Net Non Operating Interest Income Expense": NaN,
        "Interest Income Non Operating": NaN,
        "Operating Income": NaN,
        "Operating Expense": NaN,
        "Selling General And Administration": NaN,
        "Gross Profit": NaN,
        "Cost Of Revenue": NaN,
        "Total Revenue": NaN,
        "Operating Revenue": NaN
    },
    "2022-12-31": {
        "Tax Effect Of Unusual Items": NaN,
        "Tax Rate For Calcs": NaN,
        "Normalized EBITDA": NaN,
        "Total Unusual Items": NaN,
        "Total Unusual Items Excluding Goodwill": NaN,
        "Net Income From Continuing Operation Net Minority Interest": NaN,
        "Reconciled Depreciation": NaN,
        "Reconciled Cost Of Revenue": NaN,
        "EBITDA": NaN,
        "EBIT": NaN,
        "Net Interest Income": NaN,
        "Interest Income": NaN,
        "Normalized Income": NaN,
        "Net Income From Continuing And Discontinued Operation": NaN,
        "Total Expenses": NaN,
        "Diluted Average Shares": NaN,
        "Basic Average Shares": NaN,
        "Diluted EPS": NaN,
        "Basic EPS": NaN,
        "Diluted NI Availto Com Stockholders": NaN,
        "Net Income Common Stockholders": NaN,
        "Net Income": NaN,
        "Minority Interests": 0.0,
        "Net Income Including Noncontrolling Interests": NaN,
        "Net Income Continuous Operations": NaN,
        "Tax Provision": NaN,
        "Pretax Income": NaN,
        "Other Income Expense": 1600000.0,
        "Special Income Charges": NaN,
        "Gain On Sale Of Ppe": NaN,
        "Earnings From Equity Interest": 0.0,
        "Net Non Operating Interest Income Expense": NaN,
        "Interest Income Non Operating": NaN,
        "Operating Income": NaN,
        "Operating Expense": NaN,
        "Selling General And Administration": NaN,
        "Gross Profit": NaN,
        "Cost Of Revenue": NaN,
        "Total Revenue": NaN,
        "Operating Revenue": NaN
    },
    "2022-09-30": {
        "Tax Effect Of Unusual Items": NaN,
        "Tax Rate For Calcs": NaN,
        "Normalized EBITDA": NaN,
        "Total Unusual Items": NaN,
        "Total Unusual Items Excluding Goodwill": NaN,
        "Net Income From Continuing Operation Net Minority Interest": NaN,
        "Reconciled Depreciation": NaN,
        "Reconciled Cost Of Revenue": NaN,
        "EBITDA": NaN,
        "EBIT": NaN,
        "Net Interest Income": NaN,
        "Interest Income": NaN,
        "Normalized Income": NaN,
        "Net Income From Continuing And Discontinued Operation": NaN,
        "Total Expenses": NaN,
        "Diluted Average Shares": NaN,
        "Basic Average Shares": NaN,
        "Diluted EPS": NaN,
        "Basic EPS": NaN,
        "Diluted NI Availto Com Stockholders": NaN,
        "Net Income Common Stockholders": NaN,
        "Net Income": NaN,
        "Minority Interests": 0.0,
        "Net Income Including Noncontrolling Interests": NaN,
        "Net Income Continuous Operations": NaN,
        "Tax Provision": NaN,
        "Pretax Income": NaN,
        "Other Income Expense": 100000.0,
        "Special Income Charges": NaN,
        "Gain On Sale Of Ppe": NaN,
        "Earnings From Equity Interest": 100000.0,
        "Net Non Operating Interest Income Expense": NaN,
        "Interest Income Non Operating": NaN,
        "Operating Income": NaN,
        "Operating Expense": NaN,
        "Selling General And Administration": NaN,
        "Gross Profit": NaN,
        "Cost Of Revenue": NaN,
        "Total Revenue": NaN,
        "Operating Revenue": NaN
    },
    "2022-06-30": {
        "Tax Effect Of Unusual Items": 666034.155598,
        "Tax Rate For Calcs": 0.246679,
        "Normalized EBITDA": 47100000.0,
        "Total Unusual Items": 2700000.0,
        "Total Unusual Items Excluding Goodwill": 2700000.0,
        "Net Income From Continuing Operation Net Minority Interest": 39700000.0,
        "Reconciled Depreciation": 700000.0,
        "Reconciled Cost Of Revenue": 234600000.0,
        "EBITDA": 49800000.0,
        "EBIT": 49800000.0,
        "Net Interest Income": 200000.0,
        "Interest Income": 200000.0,
        "Normalized Income": 37666034.155598,
        "Net Income From Continuing And Discontinued Operation": 39700000.0,
        "Total Expenses": 258700000.0,
        "Diluted Average Shares": 49900000.0,
        "Basic Average Shares": 49900000.0,
        "Diluted EPS": 0.8,
        "Basic EPS": 0.8,
        "Diluted NI Availto Com Stockholders": 39700000.0,
        "Net Income Common Stockholders": 39700000.0,
        "Net Income": 39700000.0,
        "Minority Interests": 0.0,
        "Net Income Including Noncontrolling Interests": 39700000.0,
        "Net Income Continuous Operations": 39700000.0,
        "Tax Provision": 13000000.0,
        "Pretax Income": 52700000.0,
        "Other Income Expense": 2700000.0,
        "Special Income Charges": 2700000.0,
        "Gain On Sale Of Ppe": 2700000.0,
        "Earnings From Equity Interest": 0.0,
        "Net Non Operating Interest Income Expense": 200000.0,
        "Interest Income Non Operating": 200000.0,
        "Operating Income": 49800000.0,
        "Operating Expense": 24100000.0,
        "Selling General And Administration": 24100000.0,
        "Gross Profit": 73900000.0,
        "Cost Of Revenue": 234600000.0,
        "Total Revenue": 308500000.0,
        "Operating Revenue": 308500000.0
    },
    "2023-09-30": {
        "Tax Effect Of Unusual Items": NaN,
        "Tax Rate For Calcs": NaN,
        "Normalized EBITDA": NaN,
        "Total Unusual Items": 0.0,
        "Total Unusual Items Excluding Goodwill": 0.0,
        "Net Income From Continuing Operation Net Minority Interest": NaN,
        "Reconciled Depreciation": NaN,
        "Reconciled Cost Of Revenue": NaN,
        "EBITDA": NaN,
        "EBIT": NaN,
        "Net Interest Income": NaN,
        "Interest Income": NaN,
        "Normalized Income": NaN,
        "Net Income From Continuing And Discontinued Operation": NaN,
        "Total Expenses": NaN,
        "Diluted Average Shares": 50400000.0,
        "Basic Average Shares": 50100000.0,
        "Diluted EPS": 1.44,
        "Basic EPS": 1.45,
        "Diluted NI Availto Com Stockholders": NaN,
        "Net Income Common Stockholders": NaN,
        "Net Income": NaN,
        "Net Income Including Noncontrolling Interests": NaN,
        "Net Income Continuous Operations": NaN,
        "Tax Provision": NaN,
        "Pretax Income": NaN,
        "Other Income Expense": 0.0,
        "Special Income Charges": 0.0,
        "Gain On Sale Of Ppe": 0.0,
        "Earnings From Equity Interest": 0.0,
        "Net Non Operating Interest Income Expense": NaN,
        "Interest Income Non Operating": NaN,
        "Operating Income": NaN,
        "Operating Expense": NaN,
        "Selling General And Administration": NaN,
        "Gross Profit": NaN,
        "Cost Of Revenue": NaN,
        "Total Revenue": NaN,
        "Operating Revenue": NaN
    },
    "2023-12-31": {
        "Tax Effect Of Unusual Items": 0.0,
        "Tax Rate For Calcs": 0.254,
        "Normalized EBITDA": 45700000.0,
        "Total Unusual Items": 0.0,
        "Total Unusual Items Excluding Goodwill": 0.0,
        "Net Income From Continuing Operation Net Minority Interest": 38200000.0,
        "Reconciled Depreciation": 800000.0,
        "Reconciled Cost Of Revenue": 233000000.0,
        "EBITDA": 45700000.0,
        "EBIT": 44900000.0,
        "Net Interest Income": 6300000.0,
        "Interest Income": 6300000.0,
        "Normalized Income": 38200000.0,
        "Net Income From Continuing And Discontinued Operation": 38200000.0,
        "Total Expenses": 261000000.0,
        "Diluted Average Shares": 50462082.0,
        "Basic Average Shares": 50065832.0,
        "Diluted EPS": 0.76,
        "Basic EPS": 0.76,
        "Diluted NI Availto Com Stockholders": 38200000.0,
        "Net Income Common Stockholders": 38200000.0,
        "Net Income": 38200000.0,
        "Net Income Including Noncontrolling Interests": 38200000.0,
        "Net Income Continuous Operations": 38200000.0,
        "Tax Provision": 13000000.0,
        "Pretax Income": 51200000.0,
        "Other Income Expense": NaN,
        "Special Income Charges": 0.0,
        "Gain On Sale Of Ppe": 0.0,
        "Earnings From Equity Interest": 0.0,
        "Net Non Operating Interest Income Expense": 6300000.0,
        "Interest Income Non Operating": 6300000.0,
        "Operating Income": 44900000.0,
        "Operating Expense": 28000000.0,
        "Selling General And Administration": 28000000.0,
        "Gross Profit": 72900000.0,
        "Cost Of Revenue": 233000000.0,
        "Total Revenue": 305900000.0,
        "Operating Revenue": 305900000.0
    },
    "2024-03-31": {
        "Tax Effect Of Unusual Items": 0.0,
        "Tax Rate For Calcs": 0.236,
        "Normalized EBITDA": 54500000.0,
        "Total Unusual Items": 0.0,
        "Total Unusual Items Excluding Goodwill": 0.0,
        "Net Income From Continuing Operation Net Minority Interest": 45000000.0,
        "Reconciled Depreciation": 600000.0,
        "Reconciled Cost Of Revenue": 250700000.0,
        "EBITDA": 54500000.0,
        "EBIT": 53900000.0,
        "Net Interest Income": 5000000.0,
        "Interest Income": 5000000.0,
        "Normalized Income": 45000000.0,
        "Net Income From Continuing And Discontinued Operation": 45000000.0,
        "Total Expenses": 279900000.0,
        "Diluted Average Shares": 50600000.0,
        "Basic Average Shares": 50100000.0,
        "Diluted EPS": 0.89,
        "Basic EPS": 0.9,
        "Diluted NI Availto Com Stockholders": 45000000.0,
        "Net Income Common Stockholders": 45000000.0,
        "Net Income": 45000000.0,
        "Net Income Including Noncontrolling Interests": 45000000.0,
        "Net Income Continuous Operations": 45000000.0,
        "Tax Provision": 13900000.0,
        "Pretax Income": 58900000.0,
        "Other Income Expense": NaN,
        "Special Income Charges": 0.0,
        "Gain On Sale Of Ppe": 0.0,
        "Earnings From Equity Interest": NaN,
        "Net Non Operating Interest Income Expense": 5000000.0,
        "Interest Income Non Operating": 5000000.0,
        "Operating Income": 53900000.0,
        "Operating Expense": 29200000.0,
        "Selling General And Administration": 29200000.0,
        "Gross Profit": 83100000.0,
        "Cost Of Revenue": 250700000.0,
        "Total Revenue": 333800000.0,
        "Operating Revenue": 333800000.0
    },
    "2024-06-30": {
        "Tax Effect Of Unusual Items": 1250000.0,
        "Tax Rate For Calcs": 0.25,
        "Normalized EBITDA": 38100000.0,
        "Total Unusual Items": 5000000.0,
        "Total Unusual Items Excluding Goodwill": 5000000.0,
        "Net Income From Continuing Operation Net Minority Interest": 38700000.0,
        "Reconciled Depreciation": 900000.0,
        "Reconciled Cost Of Revenue": 246900000.0,
        "EBITDA": 43100000.0,
        "EBIT": 42200000.0,
        "Net Interest Income": 4400000.0,
        "Interest Income": 4400000.0,
        "Normalized Income": 34950000.0,
        "Net Income From Continuing And Discontinued Operation": 38700000.0,
        "Total Expenses": 276200000.0,
        "Diluted Average Shares": 51100000.0,
        "Basic Average Shares": 50800000.0,
        "Diluted EPS": 0.76,
        "Basic EPS": 0.76,
        "Diluted NI Availto Com Stockholders": 38700000.0,
        "Net Income Common Stockholders": 38700000.0,
        "Net Income": 38700000.0,
        "Net Income Including Noncontrolling Interests": 38700000.0,
        "Net Income Continuous Operations": 38700000.0,
        "Tax Provision": 12900000.0,
        "Pretax Income": 51600000.0,
        "Other Income Expense": 5000000.0,
        "Special Income Charges": 5000000.0,
        "Gain On Sale Of Ppe": 5000000.0,
        "Earnings From Equity Interest": NaN,
        "Net Non Operating Interest Income Expense": 4400000.0,
        "Interest Income Non Operating": 4400000.0,
        "Operating Income": 42200000.0,
        "Operating Expense": 29300000.0,
        "Selling General And Administration": 29300000.0,
        "Gross Profit": 71500000.0,
        "Cost Of Revenue": 246900000.0,
        "Total Revenue": 318400000.0,
        "Operating Revenue": 318400000.0
    },
    "2024-09-30": {
        "Tax Effect Of Unusual Items": 1115668.202765,
        "Tax Rate For Calcs": 0.247926,
        "Normalized EBITDA": 96100000.0,
        "Total Unusual Items": 4500000.0,
        "Total Unusual Items Excluding Goodwill": 4500000.0,
        "Net Income From Continuing Operation Net Minority Interest": 81600000.0,
        "Reconciled Depreciation": 700000.0,
        "Reconciled Cost Of Revenue": 419500000.0,
        "EBITDA": 100600000.0,
        "EBIT": 99900000.0,
        "Net Interest Income": 4100000.0,
        "Interest Income": 4100000.0,
        "Normalized Income": 78215668.202765,
        "Net Income From Continuing And Discontinued Operation": 81600000.0,
        "Total Expenses": 451500000.0,
        "Diluted Average Shares": NaN,
        "Basic Average Shares": NaN,
        "Diluted EPS": NaN,
        "Basic EPS": NaN,
        "Diluted NI Availto Com Stockholders": 81600000.0,
        "Net Income Common Stockholders": 81600000.0,
        "Net Income": 81600000.0,
        "Net Income Including Noncontrolling Interests": 81600000.0,
        "Net Income Continuous Operations": 81600000.0,
        "Tax Provision": 26900000.0,
        "Pretax Income": 108500000.0,
        "Other Income Expense": 4500000.0,
        "Special Income Charges": 4500000.0,
        "Gain On Sale Of Ppe": 4500000.0,
        "Earnings From Equity Interest": NaN,
        "Net Non Operating Interest Income Expense": 4100000.0,
        "Interest Income Non Operating": 4100000.0,
        "Operating Income": 99900000.0,
        "Operating Expense": 32000000.0,
        "Selling General And Administration": 32000000.0,
        "Gross Profit": 131900000.0,
        "Cost Of Revenue": 419500000.0,
        "Total Revenue": 551400000.0,
        "Operating Revenue": 551400000.0
    },
    "2024-12-31": {
        "Tax Effect Of Unusual Items": 0.0,
        "Tax Rate For Calcs": 0.247,
        "Normalized EBITDA": 19800000.0,
        "Total Unusual Items": NaN,
        "Total Unusual Items Excluding Goodwill": NaN,
        "Net Income From Continuing Operation Net Minority Interest": 16500000.0,
        "Reconciled Depreciation": 800000.0,
        "Reconciled Cost Of Revenue": 195400000.0,
        "EBITDA": 19800000.0,
        "EBIT": 19000000.0,
        "Net Interest Income": 2300000.0,
        "Interest Income": 2300000.0,
        "Normalized Income": 16500000.0,
        "Net Income From Continuing And Discontinued Operation": 16500000.0,
        "Total Expenses": 231400000.0,
        "Diluted Average Shares": 51085919.0,
        "Basic Average Shares": 50820797.0,
        "Diluted EPS": 0.32,
        "Basic EPS": 0.32,
        "Diluted NI Availto Com Stockholders": 16500000.0,
        "Net Income Common Stockholders": 16500000.0,
        "Net Income": 16500000.0,
        "Net Income Including Noncontrolling Interests": 16500000.0,
        "Net Income Continuous Operations": 16500000.0,
        "Tax Provision": 5400000.0,
        "Pretax Income": 21900000.0,
        "Other Income Expense": 600000.0,
        "Special Income Charges": NaN,
        "Gain On Sale Of Ppe": NaN,
        "Earnings From Equity Interest": 600000.0,
        "Net Non Operating Interest Income Expense": 2300000.0,
        "Interest Income Non Operating": 2300000.0,
        "Operating Income": 19000000.0,
        "Operating Expense": 36000000.0,
        "Selling General And Administration": 36000000.0,
        "Gross Profit": 55000000.0,
        "Cost Of Revenue": 195400000.0,
        "Total Revenue": 250400000.0,
        "Operating Revenue": 250400000.0
    }
}