{
    "2023-03-31": {
        "Tax Effect Of Unusual Items": -127132.11,
        "Tax Rate For Calcs": 0.21,
        "Normalized EBITDA": -1361399.0,
        "Total Unusual Items": -605391.0,
        "Total Unusual Items Excluding Goodwill": -605391.0,
        "Net Income From Continuing Operation Net Minority Interest": -2248799.0,
        "Reconciled Depreciation": 43644.0,
        "Reconciled Cost Of Revenue": 1247001.0,
        "EBITDA": -1966790.0,
        "EBIT": -2010434.0,
        "Net Interest Income": 174466.0,
        "Interest Expense": 208456.0,
        "Interest Income": 382922.0,
        "Normalized Income": -1770540.11,
        "Net Income From Continuing And Discontinued Operation": 6498479.0,
        "Total Expenses": 6658352.0,
        "Total Operating Income As Reported": -2387797.0,
        "Diluted Average Shares": 32300237.0,
        "Basic Average Shares": 32300237.0,
        "Diluted EPS": 0.19,
        "Basic EPS": 0.19,
        "Diluted NI Availto Com Stockholders": 6498479.0,
        "Average Dilution Earnings": NaN,
        "Net Income Common Stockholders": 6498479.0,
        "Net Income": 6498479.0,
        "Net Income Including Noncontrolling Interests": 6498479.0,
        "Net Income Discontinuous Operations": 8747278.0,
        "Net Income Continuous Operations": -2248799.0,
        "Tax Provision": 29909.0,
        "Pretax Income": -2218890.0,
        "Other Income Expense": -605391.0,
        "Special Income Charges": -599832.0,
        "Gain On Sale Of Ppe": NaN,
        "Other Special Charges": NaN,
        "Restructuring And Mergern Acquisition": 599832.0,
        "Gain On Sale Of Security": -5559.0,
        "Net Non Operating Interest Income Expense": 174466.0,
        "Interest Expense Non Operating": 208456.0,
        "Interest Income Non Operating": 382922.0,
        "Operating Income": -1787965.0,
        "Operating Expense": 5406137.0,
        "Depreciation Amortization Depletion Income Statement": 38430.0,
        "Depreciation And Amortization In Income Statement": 38430.0,
        "Research And Development": 531689.0,
        "Selling General And Administration": 4836018.0,
        "Selling And Marketing Expense": 1196192.0,
        "General And Administrative Expense": 3639826.0,
        "Other Gand A": 3639826.0,
        "Salaries And Wages": NaN,
        "Gross Profit": 3618172.0,
        "Cost Of Revenue": 1252215.0,
        "Total Revenue": 4870387.0,
        "Operating Revenue": 4870387.0
    },
    "2022-12-31": {
        "Tax Effect Of Unusual Items": -6938.4,
        "Tax Rate For Calcs": 0.21,
        "Normalized EBITDA": -2356102.0,
        "Total Unusual Items": -33040.0,
        "Total Unusual Items Excluding Goodwill": -33040.0,
        "Net Income From Continuing Operation Net Minority Interest": -3556714.0,
        "Reconciled Depreciation": 949681.0,
        "Reconciled Cost Of Revenue": 1610095.0,
        "EBITDA": -2389142.0,
        "EBIT": -3338823.0,
        "Net Interest Income": -59380.0,
        "Interest Expense": 213911.0,
        "Interest Income": 154531.0,
        "Normalized Income": -3530612.4,
        "Net Income From Continuing And Discontinued Operation": -3556714.0,
        "Total Expenses": 11364306.0,
        "Total Operating Income As Reported": -3629542.0,
        "Diluted Average Shares": 32189313.0,
        "Basic Average Shares": 32189313.0,
        "Diluted EPS": -0.11,
        "Basic EPS": -0.11,
        "Diluted NI Availto Com Stockholders": -3556714.0,
        "Average Dilution Earnings": NaN,
        "Net Income Common Stockholders": -3556714.0,
        "Net Income": -3556714.0,
        "Net Income Including Noncontrolling Interests": -3556714.0,
        "Net Income Discontinuous Operations": NaN,
        "Net Income Continuous Operations": -3556714.0,
        "Tax Provision": 3980.0,
        "Pretax Income": -3552734.0,
        "Other Income Expense": -33040.0,
        "Special Income Charges": -169228.0,
        "Other Special Charges": NaN,
        "Restructuring And Mergern Acquisition": 0.0,
        "Gain On Sale Of Security": 136188.0,
        "Net Non Operating Interest Income Expense": -59380.0,
        "Interest Expense Non Operating": 213911.0,
        "Interest Income Non Operating": 154531.0,
        "Operating Income": -3460314.0,
        "Operating Expense": 9644344.0,
        "Depreciation Amortization Depletion Income Statement": 839814.0,
        "Depreciation And Amortization In Income Statement": 839814.0,
        "Research And Development": 2478202.0,
        "Selling General And Administration": 6326328.0,
        "Selling And Marketing Expense": 1415525.0,
        "General And Administrative Expense": 4910803.0,
        "Other Gand A": 4910803.0,
        "Salaries And Wages": NaN,
        "Gross Profit": 6184030.0,
        "Cost Of Revenue": 1719962.0,
        "Total Revenue": 7903992.0,
        "Operating Revenue": 7889354.0
    },
    "2022-09-30": {
        "Tax Effect Of Unusual Items": NaN,
        "Tax Rate For Calcs": NaN,
        "Normalized EBITDA": NaN,
        "Total Unusual Items": NaN,
        "Total Unusual Items Excluding Goodwill": NaN,
        "Net Income From Continuing Operation Net Minority Interest": NaN,
        "Reconciled Depreciation": NaN,
        "Reconciled Cost Of Revenue": NaN,
        "EBITDA": NaN,
        "EBIT": NaN,
        "Net Interest Income": NaN,
        "Interest Expense": NaN,
        "Interest Income": NaN,
        "Normalized Income": NaN,
        "Net Income From Continuing And Discontinued Operation": NaN,
        "Total Expenses": NaN,
        "Total Operating Income As Reported": NaN,
        "Diluted Average Shares": NaN,
        "Basic Average Shares": NaN,
        "Diluted EPS": NaN,
        "Basic EPS": NaN,
        "Diluted NI Availto Com Stockholders": NaN,
        "Average Dilution Earnings": 0.0,
        "Net Income Common Stockholders": NaN,
        "Net Income": NaN,
        "Net Income Including Noncontrolling Interests": NaN,
        "Net Income Discontinuous Operations": NaN,
        "Net Income Continuous Operations": NaN,
        "Tax Provision": NaN,
        "Pretax Income": NaN,
        "Other Income Expense": NaN,
        "Special Income Charges": NaN,
        "Gain On Sale Of Ppe": 0.0,
        "Other Special Charges": NaN,
        "Restructuring And Mergern Acquisition": NaN,
        "Gain On Sale Of Security": NaN,
        "Net Non Operating Interest Income Expense": NaN,
        "Interest Expense Non Operating": NaN,
        "Interest Income Non Operating": NaN,
        "Operating Income": NaN,
        "Operating Expense": NaN,
        "Depreciation Amortization Depletion Income Statement": NaN,
        "Depreciation And Amortization In Income Statement": NaN,
        "Research And Development": NaN,
        "Selling General And Administration": NaN,
        "Selling And Marketing Expense": NaN,
        "General And Administrative Expense": NaN,
        "Other Gand A": NaN,
        "Salaries And Wages": NaN,
        "Gross Profit": NaN,
        "Cost Of Revenue": NaN,
        "Total Revenue": NaN,
        "Operating Revenue": NaN
    },
    "2022-06-30": {
        "Tax Effect Of Unusual Items": 147451.2,
        "Tax Rate For Calcs": 0.4,
        "Normalized EBITDA": -4906623.0,
        "Total Unusual Items": 368628.0,
        "Total Unusual Items Excluding Goodwill": 368628.0,
        "Net Income From Continuing Operation Net Minority Interest": -5433545.0,
        "Reconciled Depreciation": 666974.0,
        "Reconciled Cost Of Revenue": 1683956.0,
        "EBITDA": -4537995.0,
        "EBIT": -5204969.0,
        "Net Interest Income": -204622.0,
        "Interest Expense": 223576.0,
        "Interest Income": 18954.0,
        "Normalized Income": -5654721.8,
        "Net Income From Continuing And Discontinued Operation": -5433545.0,
        "Total Expenses": 12126809.0,
        "Total Operating Income As Reported": -5592551.0,
        "Diluted Average Shares": 31984208.0,
        "Basic Average Shares": 31984208.0,
        "Diluted EPS": -0.17,
        "Basic EPS": -0.17,
        "Diluted NI Availto Com Stockholders": -5433545.0,
        "Net Income Common Stockholders": -5433545.0,
        "Net Income": -5433545.0,
        "Net Income Including Noncontrolling Interests": -5433545.0,
        "Net Income Discontinuous Operations": NaN,
        "Net Income Continuous Operations": -5433545.0,
        "Tax Provision": 5000.0,
        "Pretax Income": -5428545.0,
        "Other Income Expense": 368628.0,
        "Special Income Charges": 0.0,
        "Gain On Sale Of Ppe": 0.0,
        "Restructuring And Mergern Acquisition": 0.0,
        "Gain On Sale Of Security": 368628.0,
        "Net Non Operating Interest Income Expense": -204622.0,
        "Interest Expense Non Operating": 223576.0,
        "Interest Income Non Operating": 18954.0,
        "Operating Income": -5592551.0,
        "Operating Expense": 10380001.0,
        "Depreciation Amortization Depletion Income Statement": 604122.0,
        "Depreciation And Amortization In Income Statement": 604122.0,
        "Research And Development": 3387053.0,
        "Selling General And Administration": 6388826.0,
        "Selling And Marketing Expense": 1518669.0,
        "General And Administrative Expense": 4870157.0,
        "Other Gand A": 4870157.0,
        "Salaries And Wages": NaN,
        "Gross Profit": 4787450.0,
        "Cost Of Revenue": 1746808.0,
        "Total Revenue": 6534258.0,
        "Operating Revenue": 6482594.0
    },
    "2023-06-30": {
        "Tax Effect Of Unusual Items": 1691.13,
        "Tax Rate For Calcs": 0.21,
        "Normalized EBITDA": -829741.0,
        "Total Unusual Items": 8053.0,
        "Total Unusual Items Excluding Goodwill": 8053.0,
        "Net Income From Continuing Operation Net Minority Interest": -1090400.0,
        "Reconciled Depreciation": 21767.0,
        "Reconciled Cost Of Revenue": 1270202.0,
        "EBITDA": -821688.0,
        "EBIT": -843455.0,
        "Net Interest Income": 426274.0,
        "Interest Expense": 210758.0,
        "Interest Income": 637032.0,
        "Normalized Income": -1096761.87,
        "Net Income From Continuing And Discontinued Operation": -1122826.0,
        "Total Expenses": 6382082.0,
        "Total Operating Income As Reported": -1488540.0,
        "Diluted Average Shares": 32260992.0,
        "Basic Average Shares": 32260992.0,
        "Diluted EPS": -0.03,
        "Basic EPS": -0.03,
        "Diluted NI Availto Com Stockholders": -1122826.0,
        "Average Dilution Earnings": NaN,
        "Net Income Common Stockholders": -1122826.0,
        "Net Income": -1122826.0,
        "Net Income Including Noncontrolling Interests": -1122826.0,
        "Net Income Discontinuous Operations": -32426.0,
        "Net Income Continuous Operations": -1090400.0,
        "Tax Provision": 36187.0,
        "Pretax Income": -1054213.0,
        "Other Income Expense": 8053.0,
        "Special Income Charges": 0.0,
        "Gain On Sale Of Ppe": NaN,
        "Other Special Charges": NaN,
        "Restructuring And Mergern Acquisition": 0.0,
        "Gain On Sale Of Security": 8053.0,
        "Net Non Operating Interest Income Expense": 426274.0,
        "Interest Expense Non Operating": 210758.0,
        "Interest Income Non Operating": 637032.0,
        "Operating Income": -1488540.0,
        "Operating Expense": 5105370.0,
        "Depreciation Amortization Depletion Income Statement": 15257.0,
        "Depreciation And Amortization In Income Statement": 15257.0,
        "Research And Development": 304187.0,
        "Selling General And Administration": 4785926.0,
        "Selling And Marketing Expense": 1237327.0,
        "General And Administrative Expense": 3548599.0,
        "Other Gand A": 3548599.0,
        "Salaries And Wages": 1469106.0,
        "Gross Profit": 3616830.0,
        "Cost Of Revenue": 1276712.0,
        "Total Revenue": 4893542.0,
        "Operating Revenue": 4893542.0
    },
    "2023-09-30": {
        "Tax Effect Of Unusual Items": 99436.999949,
        "Tax Rate For Calcs": 0.016801,
        "Normalized EBITDA": -144812.0,
        "Total Unusual Items": 5918603.0,
        "Total Unusual Items Excluding Goodwill": 5918603.0,
        "Net Income From Continuing Operation Net Minority Interest": 5453643.0,
        "Reconciled Depreciation": 15624.0,
        "Reconciled Cost Of Revenue": 1357529.0,
        "EBITDA": 5773791.0,
        "EBIT": 5758167.0,
        "Net Interest Income": 435499.0,
        "Interest Expense": 211333.0,
        "Interest Income": 646832.0,
        "Normalized Income": -365523.000051,
        "Net Income From Continuing And Discontinued Operation": 4342091.0,
        "Total Expenses": 6155737.0,
        "Total Operating Income As Reported": -807268.0,
        "Diluted Average Shares": 35068716.0,
        "Basic Average Shares": 32459838.0,
        "Diluted EPS": 0.13,
        "Basic EPS": 0.14,
        "Diluted NI Availto Com Stockholders": 4412218.0,
        "Average Dilution Earnings": 70127.0,
        "Net Income Common Stockholders": 4342091.0,
        "Net Income": 4342091.0,
        "Net Income Including Noncontrolling Interests": 4342091.0,
        "Net Income Discontinuous Operations": -1111552.0,
        "Net Income Continuous Operations": 5453643.0,
        "Tax Provision": 93191.0,
        "Pretax Income": 5546834.0,
        "Other Income Expense": 5918603.0,
        "Special Income Charges": 111151.0,
        "Gain On Sale Of Ppe": NaN,
        "Other Special Charges": -111151.0,
        "Restructuring And Mergern Acquisition": 0.0,
        "Gain On Sale Of Security": 5807452.0,
        "Net Non Operating Interest Income Expense": 435499.0,
        "Interest Expense Non Operating": 211333.0,
        "Interest Income Non Operating": 646832.0,
        "Operating Income": -807268.0,
        "Operating Expense": 4793182.0,
        "Depreciation Amortization Depletion Income Statement": 10598.0,
        "Depreciation And Amortization In Income Statement": 10598.0,
        "Research And Development": 264781.0,
        "Selling General And Administration": 4517803.0,
        "Selling And Marketing Expense": 1313212.0,
        "General And Administrative Expense": 3204591.0,
        "Other Gand A": 3204591.0,
        "Salaries And Wages": NaN,
        "Gross Profit": 3985914.0,
        "Cost Of Revenue": 1362555.0,
        "Total Revenue": 5348469.0,
        "Operating Revenue": 5348469.0
    },
    "2023-12-31": {
        "Tax Effect Of Unusual Items": -16.826978,
        "Tax Rate For Calcs": 0.161798,
        "Normalized EBITDA": -234920.0,
        "Total Unusual Items": -104.0,
        "Total Unusual Items Excluding Goodwill": -104.0,
        "Net Income From Continuing Operation Net Minority Interest": -381014.0,
        "Reconciled Depreciation": 15299.0,
        "Reconciled Cost Of Revenue": 1580404.0,
        "EBITDA": -235024.0,
        "EBIT": -250323.0,
        "Net Interest Income": 456950.0,
        "Interest Expense": 204238.0,
        "Interest Income": 661188.0,
        "Normalized Income": -380926.826978,
        "Net Income From Continuing And Discontinued Operation": 1388943.0,
        "Total Expenses": 6280339.0,
        "Total Operating Income As Reported": -911407.0,
        "Diluted Average Shares": 32459838.0,
        "Basic Average Shares": 32459838.0,
        "Diluted EPS": 0.04,
        "Basic EPS": 0.04,
        "Diluted NI Availto Com Stockholders": 1388943.0,
        "Average Dilution Earnings": NaN,
        "Net Income Common Stockholders": 1388943.0,
        "Net Income": 1388943.0,
        "Net Income Including Noncontrolling Interests": 1388943.0,
        "Net Income Discontinuous Operations": 1769957.0,
        "Net Income Continuous Operations": -381014.0,
        "Tax Provision": -73547.0,
        "Pretax Income": -454561.0,
        "Other Income Expense": -104.0,
        "Special Income Charges": 0.0,
        "Gain On Sale Of Ppe": NaN,
        "Other Special Charges": 0.0,
        "Restructuring And Mergern Acquisition": 0.0,
        "Gain On Sale Of Security": -104.0,
        "Net Non Operating Interest Income Expense": 456950.0,
        "Interest Expense Non Operating": 204238.0,
        "Interest Income Non Operating": 661188.0,
        "Operating Income": -911407.0,
        "Operating Expense": 4694789.0,
        "Depreciation Amortization Depletion Income Statement": 10153.0,
        "Depreciation And Amortization In Income Statement": 10153.0,
        "Research And Development": 306923.0,
        "Selling General And Administration": 4377713.0,
        "Selling And Marketing Expense": 1137536.0,
        "General And Administrative Expense": 3240177.0,
        "Other Gand A": 3240177.0,
        "Salaries And Wages": NaN,
        "Gross Profit": 3783382.0,
        "Cost Of Revenue": 1585550.0,
        "Total Revenue": 5368932.0,
        "Operating Revenue": 5368932.0
    },
    "2024-03-31": {
        "Tax Effect Of Unusual Items": 74432.4,
        "Tax Rate For Calcs": 0.4,
        "Normalized EBITDA": -1083037.0,
        "Total Unusual Items": 186081.0,
        "Total Unusual Items Excluding Goodwill": 186081.0,
        "Net Income From Continuing Operation Net Minority Interest": -1212615.0,
        "Reconciled Depreciation": 14156.0,
        "Reconciled Cost Of Revenue": 1698088.0,
        "EBITDA": -896956.0,
        "EBIT": -911112.0,
        "Net Interest Income": 476194.0,
        "Interest Expense": 198963.0,
        "Interest Income": 675157.0,
        "Normalized Income": -1324263.6,
        "Net Income From Continuing And Discontinued Operation": -1212615.0,
        "Total Expenses": 6649728.0,
        "Total Operating Income As Reported": -1772350.0,
        "Diluted Average Shares": 30999433.0,
        "Basic Average Shares": 30999433.0,
        "Diluted EPS": -0.04,
        "Basic EPS": -0.04,
        "Diluted NI Availto Com Stockholders": -1212615.0,
        "Average Dilution Earnings": NaN,
        "Net Income Common Stockholders": -1212615.0,
        "Net Income": -1212615.0,
        "Net Income Including Noncontrolling Interests": -1212615.0,
        "Net Income Discontinuous Operations": 0.0,
        "Net Income Continuous Operations": -1212615.0,
        "Tax Provision": 102540.0,
        "Pretax Income": -1110075.0,
        "Other Income Expense": 186081.0,
        "Special Income Charges": 137356.0,
        "Gain On Sale Of Ppe": NaN,
        "Other Special Charges": -137356.0,
        "Restructuring And Mergern Acquisition": 0.0,
        "Gain On Sale Of Security": 48725.0,
        "Net Non Operating Interest Income Expense": 476194.0,
        "Interest Expense Non Operating": 198963.0,
        "Interest Income Non Operating": 675157.0,
        "Operating Income": -1772350.0,
        "Operating Expense": 4946371.0,
        "Depreciation Amortization Depletion Income Statement": 8887.0,
        "Depreciation And Amortization In Income Statement": 8887.0,
        "Research And Development": 389889.0,
        "Selling General And Administration": 4547595.0,
        "Selling And Marketing Expense": 1055141.0,
        "General And Administrative Expense": 3492454.0,
        "Other Gand A": 3492454.0,
        "Salaries And Wages": NaN,
        "Gross Profit": 3174021.0,
        "Cost Of Revenue": 1703357.0,
        "Total Revenue": 4877378.0,
        "Operating Revenue": 4877378.0
    }
}