{
    "2023-03-31": {
        "Tax Effect Of Unusual Items": NaN,
        "Tax Rate For Calcs": NaN,
        "Normalized EBITDA": NaN,
        "Total Unusual Items": NaN,
        "Total Unusual Items Excluding Goodwill": NaN,
        "Net Income From Continuing Operation Net Minority Interest": NaN,
        "Reconciled Depreciation": NaN,
        "EBITDA": NaN,
        "EBIT": NaN,
        "Net Interest Income": NaN,
        "Interest Expense": NaN,
        "Interest Income": NaN,
        "Normalized Income": NaN,
        "Net Income From Continuing And Discontinued Operation": NaN,
        "Total Expenses": NaN,
        "Diluted Average Shares": NaN,
        "Basic Average Shares": NaN,
        "Diluted EPS": NaN,
        "Basic EPS": NaN,
        "Diluted NI Availto Com Stockholders": NaN,
        "Net Income Common Stockholders": NaN,
        "Net Income": NaN,
        "Minority Interests": NaN,
        "Net Income Including Noncontrolling Interests": NaN,
        "Net Income Continuous Operations": NaN,
        "Tax Provision": NaN,
        "Pretax Income": NaN,
        "Other Income Expense": NaN,
        "Other Non Operating Income Expenses": NaN,
        "Special Income Charges": NaN,
        "Gain On Sale Of Ppe": 0.0,
        "Other Special Charges": NaN,
        "Restructuring And Mergern Acquisition": 43000000.0,
        "Earnings From Equity Interest": NaN,
        "Gain On Sale Of Security": NaN,
        "Net Non Operating Interest Income Expense": NaN,
        "Interest Expense Non Operating": NaN,
        "Interest Income Non Operating": NaN,
        "Operating Income": NaN,
        "Operating Expense": NaN,
        "Other Operating Expenses": NaN,
        "Depreciation Amortization Depletion Income Statement": NaN,
        "Depreciation And Amortization In Income Statement": NaN,
        "Selling General And Administration": NaN,
        "Total Revenue": NaN,
        "Operating Revenue": NaN
    },
    "2022-12-31": {
        "Tax Effect Of Unusual Items": NaN,
        "Tax Rate For Calcs": NaN,
        "Normalized EBITDA": NaN,
        "Total Unusual Items": NaN,
        "Total Unusual Items Excluding Goodwill": NaN,
        "Net Income From Continuing Operation Net Minority Interest": NaN,
        "Reconciled Depreciation": NaN,
        "EBITDA": NaN,
        "EBIT": NaN,
        "Net Interest Income": NaN,
        "Interest Expense": NaN,
        "Interest Income": NaN,
        "Normalized Income": NaN,
        "Net Income From Continuing And Discontinued Operation": NaN,
        "Total Expenses": NaN,
        "Diluted Average Shares": NaN,
        "Basic Average Shares": NaN,
        "Diluted EPS": NaN,
        "Basic EPS": NaN,
        "Diluted NI Availto Com Stockholders": NaN,
        "Net Income Common Stockholders": NaN,
        "Otherunder Preferred Stock Dividend": 8000000.0,
        "Net Income": NaN,
        "Minority Interests": NaN,
        "Net Income Including Noncontrolling Interests": NaN,
        "Net Income Continuous Operations": NaN,
        "Tax Provision": NaN,
        "Pretax Income": NaN,
        "Other Income Expense": NaN,
        "Other Non Operating Income Expenses": NaN,
        "Special Income Charges": NaN,
        "Gain On Sale Of Ppe": NaN,
        "Other Special Charges": NaN,
        "Restructuring And Mergern Acquisition": NaN,
        "Gain On Sale Of Security": NaN,
        "Net Non Operating Interest Income Expense": NaN,
        "Interest Expense Non Operating": NaN,
        "Interest Income Non Operating": NaN,
        "Operating Income": NaN,
        "Operating Expense": NaN,
        "Other Operating Expenses": NaN,
        "Depreciation Amortization Depletion Income Statement": NaN,
        "Depreciation And Amortization In Income Statement": NaN,
        "Selling General And Administration": NaN,
        "General And Administrative Expense": 550000000.0,
        "Other Gand A": 550000000.0,
        "Total Revenue": NaN,
        "Operating Revenue": NaN
    },
    "2022-09-30": {
        "Tax Effect Of Unusual Items": 5670000.0,
        "Tax Rate For Calcs": 0.27,
        "Normalized EBITDA": 1010000000.0,
        "Total Unusual Items": 21000000.0,
        "Total Unusual Items Excluding Goodwill": 21000000.0,
        "Net Income From Continuing Operation Net Minority Interest": 605000000.0,
        "Reconciled Depreciation": 99000000.0,
        "EBITDA": 1031000000.0,
        "EBIT": 932000000.0,
        "Net Interest Income": -68000000.0,
        "Interest Expense": 87000000.0,
        "Interest Income": 19000000.0,
        "Normalized Income": 589670000.0,
        "Net Income From Continuing And Discontinued Operation": 605000000.0,
        "Total Expenses": 2203000000.0,
        "Diluted Average Shares": 552000000.0,
        "Basic Average Shares": 550000000.0,
        "Diluted EPS": 1.1,
        "Basic EPS": 1.1,
        "Diluted NI Availto Com Stockholders": 605000000.0,
        "Net Income Common Stockholders": 605000000.0,
        "Otherunder Preferred Stock Dividend": NaN,
        "Net Income": 605000000.0,
        "Minority Interests": -8000000.0,
        "Net Income Including Noncontrolling Interests": 613000000.0,
        "Net Income Continuous Operations": 613000000.0,
        "Tax Provision": 232000000.0,
        "Pretax Income": 845000000.0,
        "Other Income Expense": -76000000.0,
        "Other Non Operating Income Expenses": -97000000.0,
        "Special Income Charges": NaN,
        "Other Special Charges": NaN,
        "Write Off": NaN,
        "Gain On Sale Of Security": 21000000.0,
        "Net Non Operating Interest Income Expense": -68000000.0,
        "Interest Expense Non Operating": 87000000.0,
        "Interest Income Non Operating": 19000000.0,
        "Operating Income": 989000000.0,
        "Operating Expense": 2203000000.0,
        "Other Operating Expenses": 1656000000.0,
        "Depreciation Amortization Depletion Income Statement": 99000000.0,
        "Depreciation And Amortization In Income Statement": 99000000.0,
        "Selling General And Administration": 448000000.0,
        "General And Administrative Expense": NaN,
        "Other Gand A": NaN,
        "Total Revenue": 3192000000.0,
        "Operating Revenue": 2931000000.0
    },
    "2022-06-30": {
        "Tax Effect Of Unusual Items": 0.0,
        "Tax Rate For Calcs": 0.310962,
        "Normalized EBITDA": 632000000.0,
        "Total Unusual Items": 0.0,
        "Total Unusual Items Excluding Goodwill": 0.0,
        "Net Income From Continuing Operation Net Minority Interest": 306000000.0,
        "Reconciled Depreciation": 99000000.0,
        "EBITDA": 632000000.0,
        "EBIT": 533000000.0,
        "Net Interest Income": -86000000.0,
        "Interest Expense": 86000000.0,
        "Interest Income": NaN,
        "Normalized Income": 306000000.0,
        "Net Income From Continuing And Discontinued Operation": 306000000.0,
        "Total Expenses": 2366000000.0,
        "Diluted Average Shares": 561000000.0,
        "Basic Average Shares": 557000000.0,
        "Diluted EPS": 0.55,
        "Basic EPS": 0.55,
        "Diluted NI Availto Com Stockholders": 306000000.0,
        "Net Income Common Stockholders": 306000000.0,
        "Otherunder Preferred Stock Dividend": NaN,
        "Net Income": 306000000.0,
        "Minority Interests": -2000000.0,
        "Net Income Including Noncontrolling Interests": 308000000.0,
        "Net Income Continuous Operations": 308000000.0,
        "Tax Provision": 139000000.0,
        "Pretax Income": 447000000.0,
        "Other Income Expense": -134000000.0,
        "Other Non Operating Income Expenses": -134000000.0,
        "Special Income Charges": 0.0,
        "Other Special Charges": NaN,
        "Write Off": 0.0,
        "Gain On Sale Of Security": -93000000.0,
        "Net Non Operating Interest Income Expense": -86000000.0,
        "Interest Expense Non Operating": 86000000.0,
        "Interest Income Non Operating": NaN,
        "Operating Income": 667000000.0,
        "Operating Expense": 2366000000.0,
        "Other Operating Expenses": 1715000000.0,
        "Depreciation Amortization Depletion Income Statement": 99000000.0,
        "Depreciation And Amortization In Income Statement": 99000000.0,
        "Selling General And Administration": 552000000.0,
        "General And Administrative Expense": NaN,
        "Other Gand A": NaN,
        "Total Revenue": 3033000000.0,
        "Operating Revenue": 2781000000.0
    },
    "2022-03-31": {
        "Diluted EPS": 0.5,
        "Total Revenue": NaN,
        "Gross Profit": NaN,
        "Operating Income": 714,
        "EBIT": 811,
        "Net Income": 283
    },
    "2021-12-31": {
        "Diluted EPS": -0.15,
        "Total Revenue": NaN,
        "Gross Profit": 774,
        "Operating Income": 213,
        "EBIT": 310,
        "Net Income": -85
    },
    "2021-09-30": {
        "Diluted EPS": 1.21,
        "Total Revenue": NaN,
        "Gross Profit": NaN,
        "Operating Income": 980,
        "EBIT": NaN,
        "Net Income": 701
    },
    "2021-06-30": {
        "Diluted EPS": 0.45,
        "Total Revenue": NaN,
        "Gross Profit": NaN,
        "Operating Income": 628,
        "EBIT": 717,
        "Net Income": 253
    },
    "2021-03-31": {
        "Diluted EPS": 0.96,
        "Total Revenue": NaN,
        "Gross Profit": NaN,
        "Operating Income": 815,
        "EBIT": 899,
        "Net Income": 567
    },
    "2020-12-31": {
        "Diluted EPS": 0.37,
        "Total Revenue": NaN,
        "Gross Profit": 741,
        "Operating Income": 229,
        "EBIT": 305,
        "Net Income": 224
    },
    "2020-09-30": {
        "Diluted EPS": 1.83,
        "Total Revenue": NaN,
        "Gross Profit": NaN,
        "Operating Income": NaN,
        "EBIT": NaN,
        "Net Income": NaN
    },
    "2020-06-30": {
        "Diluted EPS": 0.21,
        "Total Revenue": NaN,
        "Gross Profit": NaN,
        "Operating Income": 643,
        "EBIT": 742,
        "Net Income": 122
    },
    "2020-03-31": {
        "Diluted EPS": 0.13,
        "Total Revenue": NaN,
        "Gross Profit": NaN,
        "Operating Income": 858,
        "EBIT": 920,
        "Net Income": 78
    },
    "2019-12-31": {
        "Diluted EPS": 0.48,
        "Total Revenue": NaN,
        "Gross Profit": 687,
        "Operating Income": 199,
        "EBIT": 261,
        "Net Income": 300
    },
    "2019-09-30": {
        "Diluted EPS": 0.8,
        "Total Revenue": NaN,
        "Gross Profit": NaN,
        "Operating Income": 797,
        "EBIT": 856,
        "Net Income": 499
    },
    "2019-06-30": {
        "Diluted EPS": 0.74,
        "Total Revenue": NaN,
        "Gross Profit": NaN,
        "Operating Income": 640,
        "EBIT": 709,
        "Net Income": 454
    },
    "2019-03-31": {
        "Diluted EPS": 0.85,
        "Total Revenue": NaN,
        "Gross Profit": NaN,
        "Operating Income": 698,
        "EBIT": 766,
        "Net Income": 529
    },
    "2018-12-31": {
        "Diluted EPS": 0.01,
        "Total Revenue": NaN,
        "Gross Profit": 765,
        "Operating Income": 385,
        "EBIT": 445,
        "Net Income": 8
    },
    "2018-09-30": {
        "Diluted EPS": 0.97,
        "Total Revenue": NaN,
        "Gross Profit": NaN,
        "Operating Income": 708,
        "EBIT": 761,
        "Net Income": 604
    },
    "2018-06-30": {
        "Diluted EPS": 0.0,
        "Total Revenue": NaN,
        "Gross Profit": NaN,
        "Operating Income": NaN,
        "EBIT": NaN,
        "Net Income": NaN
    },
    "2018-03-31": {
        "Diluted EPS": 0.74,
        "Total Revenue": NaN,
        "Gross Profit": NaN,
        "Operating Income": 652,
        "EBIT": 706,
        "Net Income": 457
    },
    "2017-12-31": {
        "Diluted EPS": 0.0,
        "Total Revenue": NaN,
        "Gross Profit": 762,
        "Operating Income": 411,
        "EBIT": 411,
        "Net Income": 869
    },
    "2017-06-30": {
        "Diluted EPS": 0.0,
        "Total Revenue": NaN,
        "Gross Profit": NaN,
        "Operating Income": NaN,
        "EBIT": NaN,
        "Net Income": NaN
    },
    "2023-06-30": {
        "Tax Effect Of Unusual Items": NaN,
        "Tax Rate For Calcs": NaN,
        "Normalized EBITDA": NaN,
        "Total Unusual Items": NaN,
        "Total Unusual Items Excluding Goodwill": NaN,
        "Net Income From Continuing Operation Net Minority Interest": NaN,
        "Reconciled Depreciation": NaN,
        "EBITDA": NaN,
        "EBIT": NaN,
        "Net Interest Income": NaN,
        "Interest Expense": NaN,
        "Interest Income": NaN,
        "Normalized Income": NaN,
        "Net Income From Continuing And Discontinued Operation": NaN,
        "Total Expenses": NaN,
        "Diluted Average Shares": 506000000.0,
        "Basic Average Shares": 506000000.0,
        "Diluted EPS": 0.74,
        "Basic EPS": 0.74,
        "Diluted NI Availto Com Stockholders": NaN,
        "Net Income Common Stockholders": NaN,
        "Net Income": NaN,
        "Minority Interests": NaN,
        "Net Income Including Noncontrolling Interests": NaN,
        "Net Income Continuous Operations": NaN,
        "Tax Provision": NaN,
        "Pretax Income": NaN,
        "Other Income Expense": NaN,
        "Other Non Operating Income Expenses": NaN,
        "Special Income Charges": NaN,
        "Gain On Sale Of Ppe": NaN,
        "Other Special Charges": NaN,
        "Restructuring And Mergern Acquisition": NaN,
        "Earnings From Equity Interest": NaN,
        "Gain On Sale Of Security": NaN,
        "Net Non Operating Interest Income Expense": NaN,
        "Interest Expense Non Operating": NaN,
        "Interest Income Non Operating": NaN,
        "Operating Income": NaN,
        "Operating Expense": NaN,
        "Other Operating Expenses": NaN,
        "Depreciation Amortization Depletion Income Statement": NaN,
        "Depreciation And Amortization In Income Statement": NaN,
        "Selling General And Administration": NaN,
        "Total Revenue": NaN,
        "Operating Revenue": NaN
    },
    "2023-09-30": {
        "Tax Effect Of Unusual Items": -42120000.0,
        "Tax Rate For Calcs": 0.26,
        "Normalized EBITDA": 910000000.0,
        "Total Unusual Items": -162000000.0,
        "Total Unusual Items Excluding Goodwill": -162000000.0,
        "Net Income From Continuing Operation Net Minority Interest": 407000000.0,
        "Reconciled Depreciation": 96000000.0,
        "EBITDA": 748000000.0,
        "EBIT": 652000000.0,
        "Net Interest Income": -42000000.0,
        "Interest Expense": 91000000.0,
        "Interest Income": 49000000.0,
        "Normalized Income": 526880000.0,
        "Net Income From Continuing And Discontinued Operation": 407000000.0,
        "Total Expenses": 2438000000.0,
        "Diluted Average Shares": 494000000.0,
        "Basic Average Shares": 492000000.0,
        "Diluted EPS": 0.82,
        "Basic EPS": 0.83,
        "Diluted NI Availto Com Stockholders": 407000000.0,
        "Net Income Common Stockholders": 407000000.0,
        "Net Income": 407000000.0,
        "Minority Interests": -8000000.0,
        "Net Income Including Noncontrolling Interests": 415000000.0,
        "Net Income Continuous Operations": 415000000.0,
        "Tax Provision": 146000000.0,
        "Pretax Income": 561000000.0,
        "Other Income Expense": -166000000.0,
        "Other Non Operating Income Expenses": -5000000.0,
        "Special Income Charges": 9000000.0,
        "Gain On Sale Of Ppe": NaN,
        "Other Special Charges": 5000000.0,
        "Restructuring And Mergern Acquisition": -9000000.0,
        "Earnings From Equity Interest": 1000000.0,
        "Gain On Sale Of Security": -171000000.0,
        "Net Non Operating Interest Income Expense": -42000000.0,
        "Interest Expense Non Operating": 91000000.0,
        "Interest Income Non Operating": 49000000.0,
        "Operating Income": 769000000.0,
        "Operating Expense": 2438000000.0,
        "Other Operating Expenses": 1862000000.0,
        "Depreciation Amortization Depletion Income Statement": 96000000.0,
        "Depreciation And Amortization In Income Statement": 96000000.0,
        "Selling General And Administration": 480000000.0,
        "Total Revenue": 3207000000.0,
        "Operating Revenue": 2940000000.0
    },
    "2023-12-31": {
        "Tax Effect Of Unusual Items": -3480000.0,
        "Tax Rate For Calcs": 0.12,
        "Normalized EBITDA": 376000000.0,
        "Total Unusual Items": -29000000.0,
        "Total Unusual Items Excluding Goodwill": -29000000.0,
        "Net Income From Continuing Operation Net Minority Interest": 109000000.0,
        "Reconciled Depreciation": 97000000.0,
        "EBITDA": 347000000.0,
        "EBIT": 250000000.0,
        "Net Interest Income": -72000000.0,
        "Interest Expense": 119000000.0,
        "Interest Income": 47000000.0,
        "Normalized Income": 134520000.0,
        "Net Income From Continuing And Discontinued Operation": 109000000.0,
        "Total Expenses": 3985000000.0,
        "Diluted Average Shares": 482000000.0,
        "Basic Average Shares": 481000000.0,
        "Diluted EPS": 0.23,
        "Basic EPS": 0.23,
        "Diluted NI Availto Com Stockholders": 109000000.0,
        "Net Income Common Stockholders": 109000000.0,
        "Net Income": 109000000.0,
        "Minority Interests": -6000000.0,
        "Net Income Including Noncontrolling Interests": 115000000.0,
        "Net Income Continuous Operations": 115000000.0,
        "Tax Provision": 16000000.0,
        "Pretax Income": 131000000.0,
        "Other Income Expense": -46000000.0,
        "Other Non Operating Income Expenses": -17000000.0,
        "Special Income Charges": -7000000.0,
        "Gain On Sale Of Ppe": NaN,
        "Other Special Charges": 7000000.0,
        "Restructuring And Mergern Acquisition": NaN,
        "Earnings From Equity Interest": NaN,
        "Gain On Sale Of Security": -22000000.0,
        "Net Non Operating Interest Income Expense": -72000000.0,
        "Interest Expense Non Operating": 119000000.0,
        "Interest Income Non Operating": 47000000.0,
        "Operating Income": 249000000.0,
        "Operating Expense": 3985000000.0,
        "Other Operating Expenses": 3393000000.0,
        "Depreciation Amortization Depletion Income Statement": 97000000.0,
        "Depreciation And Amortization In Income Statement": 97000000.0,
        "Selling General And Administration": 495000000.0,
        "Total Revenue": 4234000000.0,
        "Operating Revenue": 3789000000.0
    },
    "2024-03-31": {
        "Tax Effect Of Unusual Items": 62910000.0,
        "Tax Rate For Calcs": 0.27,
        "Normalized EBITDA": 925000000.0,
        "Total Unusual Items": 233000000.0,
        "Total Unusual Items Excluding Goodwill": 233000000.0,
        "Net Income From Continuing Operation Net Minority Interest": 666000000.0,
        "Reconciled Depreciation": 98000000.0,
        "EBITDA": 1158000000.0,
        "EBIT": 1060000000.0,
        "Net Interest Income": -55000000.0,
        "Interest Expense": 99000000.0,
        "Interest Income": 44000000.0,
        "Normalized Income": 495910000.0,
        "Net Income From Continuing And Discontinued Operation": 666000000.0,
        "Total Expenses": 2658000000.0,
        "Diluted Average Shares": 475000000.0,
        "Basic Average Shares": 474000000.0,
        "Diluted EPS": 1.4,
        "Basic EPS": 1.41,
        "Diluted NI Availto Com Stockholders": 666000000.0,
        "Net Income Common Stockholders": 666000000.0,
        "Net Income": 666000000.0,
        "Minority Interests": -38000000.0,
        "Net Income Including Noncontrolling Interests": 704000000.0,
        "Net Income Continuous Operations": 704000000.0,
        "Tax Provision": 257000000.0,
        "Pretax Income": 961000000.0,
        "Other Income Expense": 227000000.0,
        "Other Non Operating Income Expenses": -6000000.0,
        "Special Income Charges": 152000000.0,
        "Gain On Sale Of Ppe": 167000000.0,
        "Other Special Charges": 3000000.0,
        "Restructuring And Mergern Acquisition": 15000000.0,
        "Earnings From Equity Interest": NaN,
        "Gain On Sale Of Security": 81000000.0,
        "Net Non Operating Interest Income Expense": -55000000.0,
        "Interest Expense Non Operating": 99000000.0,
        "Interest Income Non Operating": 44000000.0,
        "Operating Income": 789000000.0,
        "Operating Expense": 2658000000.0,
        "Other Operating Expenses": 2050000000.0,
        "Depreciation Amortization Depletion Income Statement": 98000000.0,
        "Depreciation And Amortization In Income Statement": 98000000.0,
        "Selling General And Administration": 510000000.0,
        "Total Revenue": 3447000000.0,
        "Operating Revenue": 3173000000.0
    },
    "2024-06-30": {
        "Tax Effect Of Unusual Items": -35727272.727273,
        "Tax Rate For Calcs": 0.290466,
        "Normalized EBITDA": 768000000.0,
        "Total Unusual Items": -123000000.0,
        "Total Unusual Items Excluding Goodwill": -123000000.0,
        "Net Income From Continuing Operation Net Minority Interest": 319000000.0,
        "Reconciled Depreciation": 98000000.0,
        "EBITDA": 645000000.0,
        "EBIT": 547000000.0,
        "Net Interest Income": -47000000.0,
        "Interest Expense": 96000000.0,
        "Interest Income": 49000000.0,
        "Normalized Income": 406272727.272727,
        "Net Income From Continuing And Discontinued Operation": 319000000.0,
        "Total Expenses": 2421000000.0,
        "Diluted Average Shares": NaN,
        "Basic Average Shares": NaN,
        "Diluted EPS": NaN,
        "Basic EPS": NaN,
        "Diluted NI Availto Com Stockholders": 319000000.0,
        "Net Income Common Stockholders": 319000000.0,
        "Net Income": 319000000.0,
        "Minority Interests": -1000000.0,
        "Net Income Including Noncontrolling Interests": 320000000.0,
        "Net Income Continuous Operations": 320000000.0,
        "Tax Provision": 131000000.0,
        "Pretax Income": 451000000.0,
        "Other Income Expense": -173000000.0,
        "Other Non Operating Income Expenses": -6000000.0,
        "Special Income Charges": -44000000.0,
        "Gain On Sale Of Ppe": -1000000.0,
        "Other Special Charges": 20000000.0,
        "Restructuring And Mergern Acquisition": 23000000.0,
        "Earnings From Equity Interest": NaN,
        "Gain On Sale Of Security": -79000000.0,
        "Net Non Operating Interest Income Expense": -47000000.0,
        "Interest Expense Non Operating": 96000000.0,
        "Interest Income Non Operating": 49000000.0,
        "Operating Income": 671000000.0,
        "Operating Expense": 2421000000.0,
        "Other Operating Expenses": 1784000000.0,
        "Depreciation Amortization Depletion Income Statement": 98000000.0,
        "Depreciation And Amortization In Income Statement": 98000000.0,
        "Selling General And Administration": 539000000.0,
        "Total Revenue": 3092000000.0,
        "Operating Revenue": 2866000000.0
    },
    "2024-09-30": {
        "Tax Effect Of Unusual Items": 52500000.0,
        "Tax Rate For Calcs": 0.25,
        "Normalized EBITDA": 1096000000.0,
        "Total Unusual Items": 210000000.0,
        "Total Unusual Items Excluding Goodwill": 210000000.0,
        "Net Income From Continuing Operation Net Minority Interest": 827000000.0,
        "Reconciled Depreciation": 91000000.0,
        "EBITDA": 1306000000.0,
        "EBIT": 1215000000.0,
        "Net Interest Income": -50000000.0,
        "Interest Expense": 102000000.0,
        "Interest Income": 52000000.0,
        "Normalized Income": 669500000.0,
        "Net Income From Continuing And Discontinued Operation": 827000000.0,
        "Total Expenses": 2611000000.0,
        "Diluted Average Shares": 464000000.0,
        "Basic Average Shares": 461000000.0,
        "Diluted EPS": 1.78,
        "Basic EPS": 1.79,
        "Diluted NI Availto Com Stockholders": 827000000.0,
        "Net Income Common Stockholders": 827000000.0,
        "Net Income": 827000000.0,
        "Minority Interests": -5000000.0,
        "Net Income Including Noncontrolling Interests": 832000000.0,
        "Net Income Continuous Operations": 832000000.0,
        "Tax Provision": 281000000.0,
        "Pretax Income": 1113000000.0,
        "Other Income Expense": 210000000.0,
        "Other Non Operating Income Expenses": -3000000.0,
        "Special Income Charges": -26000000.0,
        "Gain On Sale Of Ppe": NaN,
        "Other Special Charges": 7000000.0,
        "Restructuring And Mergern Acquisition": 19000000.0,
        "Earnings From Equity Interest": 3000000.0,
        "Gain On Sale Of Security": 236000000.0,
        "Net Non Operating Interest Income Expense": -50000000.0,
        "Interest Expense Non Operating": 102000000.0,
        "Interest Income Non Operating": 52000000.0,
        "Operating Income": 953000000.0,
        "Operating Expense": 2611000000.0,
        "Other Operating Expenses": 2018000000.0,
        "Depreciation Amortization Depletion Income Statement": 91000000.0,
        "Depreciation And Amortization In Income Statement": 91000000.0,
        "Selling General And Administration": 502000000.0,
        "Total Revenue": 3564000000.0,
        "Operating Revenue": 3172000000.0
    }
}