{
    "2023-03-31": {
        "Tax Effect Of Unusual Items": 2066231.927711,
        "Tax Rate For Calcs": 0.121988,
        "Normalized EBITDA": -33098000.0,
        "Total Unusual Items": 16938000.0,
        "Total Unusual Items Excluding Goodwill": 16938000.0,
        "Net Income From Continuing Operation Net Minority Interest": 1166000.0,
        "Reconciled Depreciation": 320000.0,
        "EBITDA": -16160000.0,
        "EBIT": -16480000.0,
        "Net Interest Income": 206000.0,
        "Interest Income": 206000.0,
        "Normalized Income": -13705768.072289,
        "Net Income From Continuing And Discontinued Operation": 1166000.0,
        "Total Expenses": 16480000.0,
        "Total Operating Income As Reported": -20082000.0,
        "Diluted Average Shares": 4342060.0,
        "Basic Average Shares": 4342060.0,
        "Basic EPS": 0.3,
        "Diluted NI Availto Com Stockholders": 1166000.0,
        "Net Income Common Stockholders": 1166000.0,
        "Net Income": 1166000.0,
        "Net Income Including Noncontrolling Interests": 1166000.0,
        "Net Income Continuous Operations": 1166000.0,
        "Tax Provision": 162000.0,
        "Pretax Income": 1328000.0,
        "Other Income Expense": 17602000.0,
        "Other Non Operating Income Expenses": 664000.0,
        "Special Income Charges": 16938000.0,
        "Gain On Sale Of Business": 18075000.0,
        "Other Special Charges": NaN,
        "Restructuring And Mergern Acquisition": 1137000.0,
        "Net Non Operating Interest Income Expense": 206000.0,
        "Interest Income Non Operating": 206000.0,
        "Operating Income": -16480000.0,
        "Operating Expense": 16480000.0,
        "Other Taxes": -261000.0,
        "Research And Development": 10893000.0,
        "Selling General And Administration": 5848000.0,
        "General And Administrative Expense": 5848000.0,
        "Other Gand A": 2975000.0,
        "Salaries And Wages": 2873000.0,
        "Total Revenue": 0.0,
        "Operating Revenue": 0.0
    },
    "2022-12-31": {
        "Tax Effect Of Unusual Items": -319010.0,
        "Tax Rate For Calcs": 0.19,
        "Normalized EBITDA": -16026000.0,
        "Total Unusual Items": -1679000.0,
        "Total Unusual Items Excluding Goodwill": -1679000.0,
        "Net Income From Continuing Operation Net Minority Interest": -22999000.0,
        "Reconciled Depreciation": 315000.0,
        "EBITDA": -17705000.0,
        "EBIT": -18020000.0,
        "Net Interest Income": 273000.0,
        "Interest Income": 273000.0,
        "Normalized Income": -21639010.0,
        "Net Income From Continuing And Discontinued Operation": -22999000.0,
        "Total Expenses": 18020000.0,
        "Total Operating Income As Reported": -19877000.0,
        "Diluted Average Shares": NaN,
        "Basic Average Shares": NaN,
        "Basic EPS": NaN,
        "Diluted NI Availto Com Stockholders": -22999000.0,
        "Net Income Common Stockholders": -22999000.0,
        "Net Income": -22999000.0,
        "Net Income Including Noncontrolling Interests": -22999000.0,
        "Net Income Continuous Operations": -22999000.0,
        "Tax Provision": 272000.0,
        "Pretax Income": -22727000.0,
        "Other Income Expense": -4978000.0,
        "Other Non Operating Income Expenses": -3299000.0,
        "Special Income Charges": -1679000.0,
        "Gain On Sale Of Business": NaN,
        "Other Special Charges": 91000.0,
        "Restructuring And Mergern Acquisition": NaN,
        "Net Non Operating Interest Income Expense": 273000.0,
        "Interest Income Non Operating": 273000.0,
        "Operating Income": -18020000.0,
        "Operating Expense": 18020000.0,
        "Other Taxes": -267000.0,
        "Research And Development": 12642000.0,
        "Selling General And Administration": 5645000.0,
        "General And Administrative Expense": 5645000.0,
        "Other Gand A": 3424000.0,
        "Salaries And Wages": 2221000.0,
        "Total Revenue": 0.0,
        "Operating Revenue": 0.0
    },
    "2022-09-30": {
        "Tax Effect Of Unusual Items": 0.0,
        "Tax Rate For Calcs": 0.4,
        "Normalized EBITDA": -22519000.0,
        "Total Unusual Items": NaN,
        "Total Unusual Items Excluding Goodwill": NaN,
        "Net Income From Continuing Operation Net Minority Interest": -14893000.0,
        "Reconciled Depreciation": 406000.0,
        "EBITDA": -22519000.0,
        "EBIT": -22925000.0,
        "Net Interest Income": 296000.0,
        "Interest Income": 296000.0,
        "Normalized Income": -14893000.0,
        "Net Income From Continuing And Discontinued Operation": -14893000.0,
        "Total Expenses": 22925000.0,
        "Total Operating Income As Reported": -23507000.0,
        "Diluted Average Shares": 4332041.0,
        "Basic Average Shares": 4332041.0,
        "Diluted EPS": -3.0,
        "Basic EPS": -3.0,
        "Diluted NI Availto Com Stockholders": -14893000.0,
        "Net Income Common Stockholders": -14893000.0,
        "Net Income": -14893000.0,
        "Net Income Including Noncontrolling Interests": -14893000.0,
        "Net Income Continuous Operations": -14893000.0,
        "Tax Provision": 50000.0,
        "Pretax Income": -14843000.0,
        "Other Income Expense": 7785000.0,
        "Other Non Operating Income Expenses": 2478000.0,
        "Special Income Charges": NaN,
        "Gain On Sale Of Business": NaN,
        "Other Special Charges": NaN,
        "Restructuring And Mergern Acquisition": NaN,
        "Net Non Operating Interest Income Expense": 296000.0,
        "Interest Income Non Operating": 296000.0,
        "Operating Income": -22925000.0,
        "Operating Expense": 22925000.0,
        "Other Taxes": -583000.0,
        "Research And Development": 14776000.0,
        "Selling General And Administration": 8732000.0,
        "General And Administrative Expense": 8732000.0,
        "Other Gand A": 4411000.0,
        "Salaries And Wages": 4321000.0,
        "Total Revenue": 0.0,
        "Operating Revenue": 0.0
    },
    "2022-06-30": {
        "Tax Effect Of Unusual Items": 0.0,
        "Tax Rate For Calcs": 0.4,
        "Normalized EBITDA": -26078000.0,
        "Total Unusual Items": NaN,
        "Total Unusual Items Excluding Goodwill": NaN,
        "Net Income From Continuing Operation Net Minority Interest": -24347000.0,
        "Reconciled Depreciation": 479000.0,
        "EBITDA": -26078000.0,
        "EBIT": -26557000.0,
        "Net Interest Income": 251000.0,
        "Interest Income": 251000.0,
        "Normalized Income": -24347000.0,
        "Net Income From Continuing And Discontinued Operation": -24347000.0,
        "Total Expenses": 26557000.0,
        "Total Operating Income As Reported": -26892000.0,
        "Diluted Average Shares": 4302000.0,
        "Basic Average Shares": 4302000.0,
        "Diluted EPS": -5.620935,
        "Basic EPS": -5.620935,
        "Diluted NI Availto Com Stockholders": -24347000.0,
        "Net Income Common Stockholders": -24347000.0,
        "Net Income": -24347000.0,
        "Net Income Including Noncontrolling Interests": -24347000.0,
        "Net Income Continuous Operations": -24347000.0,
        "Tax Provision": 24000.0,
        "Pretax Income": -24323000.0,
        "Other Income Expense": 1983000.0,
        "Other Non Operating Income Expenses": 1983000.0,
        "Special Income Charges": NaN,
        "Gain On Sale Of Business": NaN,
        "Other Special Charges": NaN,
        "Restructuring And Mergern Acquisition": NaN,
        "Net Non Operating Interest Income Expense": 251000.0,
        "Interest Income Non Operating": 251000.0,
        "Operating Income": -26557000.0,
        "Operating Expense": 26557000.0,
        "Other Operating Expenses": -335000.0,
        "Other Taxes": -335000.0,
        "Research And Development": 18837000.0,
        "Selling General And Administration": 8055000.0,
        "General And Administrative Expense": 8055000.0,
        "Other Gand A": 4247000.0,
        "Salaries And Wages": 3808000.0,
        "Total Revenue": 0.0,
        "Operating Revenue": 0.0
    },
    "2022-03-31": {
        "Diluted EPS": -0.63,
        "Total Revenue": NaN,
        "Gross Profit": NaN,
        "Operating Income": -28,
        "EBIT": -28,
        "Net Income": -27
    },
    "2021-03-31": {
        "Diluted EPS": -14.63,
        "Total Revenue": NaN,
        "Gross Profit": NaN,
        "Operating Income": -34,
        "EBIT": -33,
        "Net Income": -35
    },
    "2020-12-31": {
        "Diluted EPS": 0.0,
        "Total Revenue": NaN,
        "Gross Profit": NaN,
        "Operating Income": NaN,
        "EBIT": NaN,
        "Net Income": NaN
    },
    "2020-03-31": {
        "Diluted EPS": -27.61,
        "Total Revenue": NaN,
        "Gross Profit": NaN,
        "Operating Income": -21,
        "EBIT": -21,
        "Net Income": -17
    },
    "2019-12-31": {
        "Diluted EPS": 0.0,
        "Total Revenue": NaN,
        "Gross Profit": NaN,
        "Operating Income": NaN,
        "EBIT": NaN,
        "Net Income": NaN
    },
    "2023-06-30": {
        "Tax Effect Of Unusual Items": 390450.0,
        "Tax Rate For Calcs": 0.19,
        "Normalized EBITDA": -19125000.0,
        "Total Unusual Items": 2055000.0,
        "Total Unusual Items Excluding Goodwill": 2055000.0,
        "Net Income From Continuing Operation Net Minority Interest": -16011000.0,
        "Reconciled Depreciation": 433000.0,
        "EBITDA": -17070000.0,
        "EBIT": -17503000.0,
        "Net Interest Income": 34000.0,
        "Interest Income": 34000.0,
        "Normalized Income": -17675550.0,
        "Net Income From Continuing And Discontinued Operation": -16011000.0,
        "Total Expenses": 18120000.0,
        "Total Operating Income As Reported": -15651000.0,
        "Diluted Average Shares": NaN,
        "Basic Average Shares": NaN,
        "Basic EPS": NaN,
        "Diluted NI Availto Com Stockholders": -16011000.0,
        "Net Income Common Stockholders": -16011000.0,
        "Net Income": -16011000.0,
        "Net Income Including Noncontrolling Interests": -16011000.0,
        "Net Income Continuous Operations": -16011000.0,
        "Tax Provision": 6000.0,
        "Pretax Income": -16005000.0,
        "Other Income Expense": 1464000.0,
        "Other Non Operating Income Expenses": -591000.0,
        "Special Income Charges": 2055000.0,
        "Gain On Sale Of Business": -33000.0,
        "Other Special Charges": NaN,
        "Restructuring And Mergern Acquisition": 139000.0,
        "Net Non Operating Interest Income Expense": 34000.0,
        "Interest Income Non Operating": 34000.0,
        "Operating Income": -17503000.0,
        "Operating Expense": 18120000.0,
        "Other Taxes": -203000.0,
        "Research And Development": 8827000.0,
        "Selling General And Administration": 9496000.0,
        "General And Administrative Expense": 9496000.0,
        "Other Gand A": 6708000.0,
        "Salaries And Wages": 2788000.0,
        "Total Revenue": 617000.0,
        "Operating Revenue": 617000.0
    },
    "2023-09-30": {
        "Tax Effect Of Unusual Items": -15770.0,
        "Tax Rate For Calcs": 0.19,
        "Normalized EBITDA": -11559000.0,
        "Total Unusual Items": -83000.0,
        "Total Unusual Items Excluding Goodwill": -83000.0,
        "Net Income From Continuing Operation Net Minority Interest": -12088000.0,
        "Reconciled Depreciation": 386000.0,
        "EBITDA": -11642000.0,
        "EBIT": -12028000.0,
        "Net Interest Income": 98000.0,
        "Interest Income": 98000.0,
        "Normalized Income": -12020770.0,
        "Net Income From Continuing And Discontinued Operation": -12088000.0,
        "Total Expenses": 12033000.0,
        "Total Operating Income As Reported": -12266000.0,
        "Diluted Average Shares": NaN,
        "Basic Average Shares": NaN,
        "Basic EPS": NaN,
        "Diluted NI Availto Com Stockholders": -12088000.0,
        "Net Income Common Stockholders": -12088000.0,
        "Net Income": -12088000.0,
        "Net Income Including Noncontrolling Interests": -12088000.0,
        "Net Income Continuous Operations": -12088000.0,
        "Tax Provision": 41000.0,
        "Pretax Income": -12047000.0,
        "Other Income Expense": -117000.0,
        "Other Non Operating Income Expenses": -34000.0,
        "Special Income Charges": -83000.0,
        "Gain On Sale Of Business": -20000.0,
        "Other Special Charges": 0.0,
        "Restructuring And Mergern Acquisition": 63000.0,
        "Net Non Operating Interest Income Expense": 98000.0,
        "Interest Income Non Operating": 98000.0,
        "Operating Income": -12028000.0,
        "Operating Expense": 12033000.0,
        "Other Taxes": -155000.0,
        "Research And Development": 5788000.0,
        "Selling General And Administration": 6400000.0,
        "General And Administrative Expense": 6400000.0,
        "Other Gand A": 3204000.0,
        "Salaries And Wages": 3196000.0,
        "Total Revenue": 5000.0,
        "Operating Revenue": 5000.0
    }
}