{
    "2023-03-31": {
        "Tax Effect Of Unusual Items": 0.0,
        "Tax Rate For Calcs": 0.0,
        "Normalized EBITDA": -4273000.0,
        "Net Income From Continuing Operation Net Minority Interest": -4276000.0,
        "Reconciled Depreciation": 10000.0,
        "EBITDA": -4273000.0,
        "EBIT": -4273000.0,
        "Net Interest Income": -3000.0,
        "Interest Expense": 3000.0,
        "Normalized Income": -4276000.0,
        "Net Income From Continuing And Discontinued Operation": -4276000.0,
        "Total Expenses": 4350000.0,
        "Total Operating Income As Reported": -4341000.0,
        "Diluted Average Shares": 3756613.0,
        "Basic Average Shares": 3756613.0,
        "Diluted EPS": -1.14,
        "Basic EPS": -1.14,
        "Diluted NI Availto Com Stockholders": -4276000.0,
        "Net Income Common Stockholders": -4276000.0,
        "Otherunder Preferred Stock Dividend": NaN,
        "Net Income": -4276000.0,
        "Net Income Including Noncontrolling Interests": -4276000.0,
        "Net Income Continuous Operations": -4276000.0,
        "Pretax Income": -4276000.0,
        "Other Income Expense": 68000.0,
        "Other Non Operating Income Expenses": 68000.0,
        "Net Non Operating Interest Income Expense": -3000.0,
        "Interest Expense Non Operating": 3000.0,
        "Operating Income": -4341000.0,
        "Operating Expense": 4350000.0,
        "Research And Development": 1936000.0,
        "Selling General And Administration": 2414000.0,
        "General And Administrative Expense": 2414000.0,
        "Other Gand A": 2414000.0,
        "Total Revenue": 9000.0,
        "Operating Revenue": 9000.0
    },
    "2022-12-31": {
        "Tax Effect Of Unusual Items": 0.0,
        "Tax Rate For Calcs": 0.0,
        "Normalized EBITDA": -4524000.0,
        "Net Income From Continuing Operation Net Minority Interest": -4527000.0,
        "Reconciled Depreciation": 9000.0,
        "EBITDA": -4524000.0,
        "EBIT": -4524000.0,
        "Net Interest Income": -3000.0,
        "Interest Expense": 3000.0,
        "Normalized Income": -4527000.0,
        "Net Income From Continuing And Discontinued Operation": -4527000.0,
        "Total Expenses": 6643000.0,
        "Total Operating Income As Reported": -4593000.0,
        "Diluted Average Shares": 3013184.0,
        "Basic Average Shares": 3013184.0,
        "Diluted EPS": -1.5,
        "Basic EPS": -1.5,
        "Diluted NI Availto Com Stockholders": -4527000.0,
        "Net Income Common Stockholders": -4527000.0,
        "Otherunder Preferred Stock Dividend": NaN,
        "Net Income": -4527000.0,
        "Net Income Including Noncontrolling Interests": -4527000.0,
        "Net Income Continuous Operations": -4527000.0,
        "Pretax Income": -4527000.0,
        "Other Income Expense": 69000.0,
        "Other Non Operating Income Expenses": 69000.0,
        "Net Non Operating Interest Income Expense": -3000.0,
        "Interest Expense Non Operating": 3000.0,
        "Operating Income": -4593000.0,
        "Operating Expense": 6643000.0,
        "Research And Development": 2605000.0,
        "Selling General And Administration": 4038000.0,
        "General And Administrative Expense": 4038000.0,
        "Other Gand A": 4038000.0,
        "Total Revenue": 2050000.0,
        "Operating Revenue": 2050000.0
    },
    "2022-09-30": {
        "Tax Effect Of Unusual Items": 0.0,
        "Tax Rate For Calcs": 0.0,
        "Normalized EBITDA": -6010000.0,
        "Net Income From Continuing Operation Net Minority Interest": -6018000.0,
        "Reconciled Depreciation": 8000.0,
        "EBITDA": -6010000.0,
        "EBIT": -6018000.0,
        "Net Interest Income": 0.0,
        "Interest Expense": 0.0,
        "Normalized Income": -6018000.0,
        "Net Income From Continuing And Discontinued Operation": -6018000.0,
        "Total Expenses": 6562000.0,
        "Total Operating Income As Reported": -6076000.0,
        "Diluted Average Shares": 2906000.0,
        "Basic Average Shares": 2906000.0,
        "Diluted EPS": -2.07,
        "Basic EPS": -2.07,
        "Diluted NI Availto Com Stockholders": -6018000.0,
        "Net Income Common Stockholders": -6018000.0,
        "Otherunder Preferred Stock Dividend": NaN,
        "Net Income": -6018000.0,
        "Net Income Including Noncontrolling Interests": -6018000.0,
        "Net Income Continuous Operations": -6018000.0,
        "Pretax Income": -6018000.0,
        "Other Income Expense": 58000.0,
        "Other Non Operating Income Expenses": 58000.0,
        "Net Non Operating Interest Income Expense": 0.0,
        "Interest Expense Non Operating": 0.0,
        "Operating Income": -6076000.0,
        "Operating Expense": 6562000.0,
        "Research And Development": 3560000.0,
        "Selling General And Administration": 3002000.0,
        "General And Administrative Expense": 3002000.0,
        "Other Gand A": 3002000.0,
        "Total Revenue": 486000.0,
        "Operating Revenue": 486000.0
    },
    "2022-06-30": {
        "Tax Effect Of Unusual Items": 0.0,
        "Tax Rate For Calcs": 0.0,
        "Normalized EBITDA": -1139000.0,
        "Net Income From Continuing Operation Net Minority Interest": -1147000.0,
        "Reconciled Depreciation": 6000.0,
        "EBITDA": -1139000.0,
        "EBIT": -1145000.0,
        "Net Interest Income": -2000.0,
        "Interest Expense": 2000.0,
        "Normalized Income": -1147000.0,
        "Net Income From Continuing And Discontinued Operation": -1147000.0,
        "Total Expenses": 5773000.0,
        "Total Operating Income As Reported": -1458000.0,
        "Diluted Average Shares": 2655251.0,
        "Basic Average Shares": 2655251.0,
        "Diluted EPS": -0.43,
        "Basic EPS": -0.43,
        "Diluted NI Availto Com Stockholders": -1147000.0,
        "Net Income Common Stockholders": -1147000.0,
        "Net Income": -1147000.0,
        "Net Income Including Noncontrolling Interests": -1147000.0,
        "Net Income Continuous Operations": -1147000.0,
        "Pretax Income": -1147000.0,
        "Other Income Expense": 313000.0,
        "Other Non Operating Income Expenses": 313000.0,
        "Net Non Operating Interest Income Expense": -2000.0,
        "Interest Expense Non Operating": 2000.0,
        "Operating Income": -1458000.0,
        "Operating Expense": 5773000.0,
        "Research And Development": 1865000.0,
        "Selling General And Administration": 3908000.0,
        "General And Administrative Expense": 3908000.0,
        "Other Gand A": 3908000.0,
        "Total Revenue": 4315000.0,
        "Operating Revenue": 4315000.0
    },
    "2022-03-31": {
        "Diluted EPS": -3.55,
        "Total Revenue": 0,
        "Gross Profit": 0,
        "Operating Income": -9,
        "EBIT": -9,
        "Net Income": -9
    },
    "2021-12-31": {
        "Diluted EPS": -8.05,
        "Total Revenue": 0,
        "Gross Profit": 0,
        "Operating Income": -6,
        "EBIT": -6,
        "Net Income": -6
    },
    "2021-09-30": {
        "Diluted EPS": -7.15,
        "Total Revenue": 0,
        "Gross Profit": 0,
        "Operating Income": -13,
        "EBIT": -13,
        "Net Income": -13
    },
    "2021-06-30": {
        "Diluted EPS": -0.16,
        "Total Revenue": 0,
        "Gross Profit": 0,
        "Operating Income": -12,
        "EBIT": -12,
        "Net Income": -11
    },
    "2021-03-31": {
        "Diluted EPS": -6.76,
        "Total Revenue": 0,
        "Gross Profit": 0,
        "Operating Income": -9,
        "EBIT": -9,
        "Net Income": -9
    },
    "2020-12-31": {
        "Diluted EPS": 8.11,
        "Total Revenue": 0,
        "Gross Profit": 0,
        "Operating Income": -7,
        "EBIT": -7,
        "Net Income": -7
    },
    "2020-09-30": {
        "Diluted EPS": -6.76,
        "Total Revenue": 0,
        "Gross Profit": 0,
        "Operating Income": -4,
        "EBIT": -4,
        "Net Income": -4
    },
    "2020-06-30": {
        "Diluted EPS": -19.37,
        "Total Revenue": 1,
        "Gross Profit": 1,
        "Operating Income": -5,
        "EBIT": -5,
        "Net Income": -5
    },
    "2020-03-31": {
        "Diluted EPS": -20.27,
        "Total Revenue": 1,
        "Gross Profit": 1,
        "Operating Income": -4,
        "EBIT": -4,
        "Net Income": -4
    },
    "2019-12-31": {
        "Diluted EPS": 275.23,
        "Total Revenue": 1,
        "Gross Profit": 1,
        "Operating Income": -11,
        "EBIT": -10,
        "Net Income": -11
    },
    "2019-09-30": {
        "Diluted EPS": -74.32,
        "Total Revenue": 1,
        "Gross Profit": 1,
        "Operating Income": -6,
        "EBIT": -6,
        "Net Income": -5
    },
    "2019-06-30": {
        "Diluted EPS": -291.89,
        "Total Revenue": 3,
        "Gross Profit": 3,
        "Operating Income": -3,
        "EBIT": -3,
        "Net Income": -4
    },
    "2019-03-31": {
        "Diluted EPS": -111.71,
        "Total Revenue": 3,
        "Gross Profit": 3,
        "Operating Income": -5,
        "EBIT": -4,
        "Net Income": 6
    },
    "2018-12-31": {
        "Diluted EPS": -734.28,
        "Total Revenue": 6,
        "Gross Profit": 6,
        "Operating Income": 5,
        "EBIT": 6,
        "Net Income": -1
    },
    "2018-09-30": {
        "Diluted EPS": -269.37,
        "Total Revenue": 3,
        "Gross Profit": 3,
        "Operating Income": -2,
        "EBIT": -2,
        "Net Income": -4
    },
    "2018-06-30": {
        "Diluted EPS": -69.35,
        "Total Revenue": 1,
        "Gross Profit": 1,
        "Operating Income": -5,
        "EBIT": -5,
        "Net Income": -5
    },
    "2018-03-31": {
        "Diluted EPS": -91.41,
        "Total Revenue": 1,
        "Gross Profit": -1,
        "Operating Income": -7,
        "EBIT": -6,
        "Net Income": -6
    },
    "2017-12-31": {
        "Diluted EPS": -59.89,
        "Total Revenue": 4,
        "Gross Profit": 2,
        "Operating Income": -4,
        "EBIT": 0,
        "Net Income": -4
    },
    "2017-09-30": {
        "Diluted EPS": -85.11,
        "Total Revenue": 3,
        "Gross Profit": 1,
        "Operating Income": -3,
        "EBIT": -7,
        "Net Income": -3
    },
    "2017-06-30": {
        "Diluted EPS": -94.57,
        "Total Revenue": 3,
        "Gross Profit": 2,
        "Operating Income": -3,
        "EBIT": -2,
        "Net Income": -3
    },
    "2017-03-31": {
        "Diluted EPS": -78.81,
        "Total Revenue": 3,
        "Gross Profit": 2,
        "Operating Income": -3,
        "EBIT": -4,
        "Net Income": -3
    },
    "2016-12-31": {
        "Diluted EPS": -81.96,
        "Total Revenue": 3,
        "Gross Profit": 2,
        "Operating Income": -3,
        "EBIT": 1,
        "Net Income": -3
    },
    "2016-09-30": {
        "Diluted EPS": -75.65,
        "Total Revenue": 3,
        "Gross Profit": 2,
        "Operating Income": -3,
        "EBIT": -6,
        "Net Income": -3
    },
    "2016-06-30": {
        "Diluted EPS": -44.13,
        "Total Revenue": 4,
        "Gross Profit": 3,
        "Operating Income": -1,
        "EBIT": -1,
        "Net Income": -1
    },
    "2016-03-31": {
        "Diluted EPS": -81.96,
        "Total Revenue": 5,
        "Gross Profit": 2,
        "Operating Income": -3,
        "EBIT": -2,
        "Net Income": -2
    },
    "2015-12-31": {
        "Diluted EPS": -88.26,
        "Total Revenue": 7,
        "Gross Profit": 3,
        "Operating Income": -2,
        "EBIT": -2,
        "Net Income": -2
    },
    "2015-09-30": {
        "Diluted EPS": -9.46,
        "Total Revenue": 5,
        "Gross Profit": 4,
        "Operating Income": 0,
        "EBIT": 0,
        "Net Income": 0
    },
    "2015-06-30": {
        "Diluted EPS": -94.57,
        "Total Revenue": 4,
        "Gross Profit": 2,
        "Operating Income": -3,
        "EBIT": -2,
        "Net Income": -3
    },
    "2015-03-31": {
        "Diluted EPS": -126.09,
        "Total Revenue": 5,
        "Gross Profit": 2,
        "Operating Income": -4,
        "EBIT": -4,
        "Net Income": -4
    },
    "2014-12-31": {
        "Diluted EPS": -145.0,
        "Total Revenue": 5,
        "Gross Profit": 1,
        "Operating Income": -5,
        "EBIT": -5,
        "Net Income": -5
    },
    "2014-09-30": {
        "Diluted EPS": -157.61,
        "Total Revenue": 3,
        "Gross Profit": 1,
        "Operating Income": -4,
        "EBIT": -4,
        "Net Income": -4
    },
    "2014-06-30": {
        "Diluted EPS": -157.61,
        "Total Revenue": 5,
        "Gross Profit": 1,
        "Operating Income": -4,
        "EBIT": -4,
        "Net Income": -4
    },
    "2014-03-31": {
        "Diluted EPS": -126.09,
        "Total Revenue": 2,
        "Gross Profit": 1,
        "Operating Income": -3,
        "EBIT": -3,
        "Net Income": -3
    },
    "2013-12-31": {
        "Diluted EPS": -94.57,
        "Total Revenue": 3,
        "Gross Profit": 2,
        "Operating Income": -2,
        "EBIT": -2,
        "Net Income": -2
    },
    "2013-09-30": {
        "Diluted EPS": -346.74,
        "Total Revenue": 2,
        "Gross Profit": -2,
        "Operating Income": -10,
        "EBIT": -9,
        "Net Income": -10
    },
    "2013-06-30": {
        "Diluted EPS": -346.74,
        "Total Revenue": 1,
        "Gross Profit": -2,
        "Operating Income": -10,
        "EBIT": -9,
        "Net Income": -10
    },
    "2013-03-31": {
        "Diluted EPS": -346.74,
        "Total Revenue": 2,
        "Gross Profit": -2,
        "Operating Income": -9,
        "EBIT": -9,
        "Net Income": -9
    },
    "2012-12-31": {
        "Diluted EPS": -283.7,
        "Total Revenue": 2,
        "Gross Profit": -1,
        "Operating Income": -8,
        "EBIT": -7,
        "Net Income": -8
    },
    "2012-09-30": {
        "Diluted EPS": -283.7,
        "Total Revenue": 2,
        "Gross Profit": -2,
        "Operating Income": -8,
        "EBIT": -7,
        "Net Income": -8
    },
    "2012-06-30": {
        "Diluted EPS": -283.7,
        "Total Revenue": 2,
        "Gross Profit": -1,
        "Operating Income": -8,
        "EBIT": -7,
        "Net Income": -8
    },
    "2012-03-31": {
        "Diluted EPS": 0.0,
        "Total Revenue": 11,
        "Gross Profit": 9,
        "Operating Income": 0,
        "EBIT": 0,
        "Net Income": 0
    },
    "2011-12-31": {
        "Diluted EPS": -283.7,
        "Total Revenue": 2,
        "Gross Profit": -1,
        "Operating Income": -7,
        "EBIT": -6,
        "Net Income": -7
    },
    "2011-09-30": {
        "Diluted EPS": 693.49,
        "Total Revenue": 27,
        "Gross Profit": 24,
        "Operating Income": 16,
        "EBIT": 17,
        "Net Income": 16
    },
    "2011-06-30": {
        "Diluted EPS": -378.27,
        "Total Revenue": 1,
        "Gross Profit": -2,
        "Operating Income": -8,
        "EBIT": -8,
        "Net Income": -8
    },
    "2011-03-31": {
        "Diluted EPS": -378.27,
        "Total Revenue": 1,
        "Gross Profit": -2,
        "Operating Income": -9,
        "EBIT": -8,
        "Net Income": -9
    },
    "2010-12-31": {
        "Diluted EPS": -283.7,
        "Total Revenue": 3,
        "Gross Profit": 0,
        "Operating Income": -7,
        "EBIT": -6,
        "Net Income": -7
    },
    "2010-09-30": {
        "Diluted EPS": -378.27,
        "Total Revenue": 2,
        "Gross Profit": 0,
        "Operating Income": -7,
        "EBIT": -6,
        "Net Income": -7
    },
    "2010-06-30": {
        "Diluted EPS": -472.83,
        "Total Revenue": 2,
        "Gross Profit": -1,
        "Operating Income": -9,
        "EBIT": -8,
        "Net Income": -8
    },
    "2010-03-31": {
        "Diluted EPS": -472.83,
        "Total Revenue": 1,
        "Gross Profit": -1,
        "Operating Income": -9,
        "EBIT": -8,
        "Net Income": -8
    },
    "2009-12-31": {
        "Diluted EPS": -409.79,
        "Total Revenue": 3,
        "Gross Profit": 1,
        "Operating Income": -7,
        "EBIT": -7,
        "Net Income": -7
    },
    "2009-09-30": {
        "Diluted EPS": -441.31,
        "Total Revenue": 4,
        "Gross Profit": 0,
        "Operating Income": -7,
        "EBIT": -6,
        "Net Income": -7
    },
    "2009-06-30": {
        "Diluted EPS": -441.31,
        "Total Revenue": 4,
        "Gross Profit": 2,
        "Operating Income": -6,
        "EBIT": -5,
        "Net Income": -6
    },
    "2009-03-31": {
        "Diluted EPS": -630.44,
        "Total Revenue": 2,
        "Gross Profit": 0,
        "Operating Income": -8,
        "EBIT": -8,
        "Net Income": -8
    },
    "2023-06-30": {
        "Tax Effect Of Unusual Items": 0.0,
        "Tax Rate For Calcs": 0.0,
        "Normalized EBITDA": -2272000.0,
        "Net Income From Continuing Operation Net Minority Interest": -2284000.0,
        "Reconciled Depreciation": 10000.0,
        "EBITDA": -2272000.0,
        "EBIT": -2282000.0,
        "Net Interest Income": -2000.0,
        "Interest Expense": 2000.0,
        "Normalized Income": -2284000.0,
        "Net Income From Continuing And Discontinued Operation": -2284000.0,
        "Total Expenses": 2417000.0,
        "Total Operating Income As Reported": -2364000.0,
        "Diluted Average Shares": 5906475.0,
        "Basic Average Shares": 5906475.0,
        "Diluted EPS": -0.39,
        "Basic EPS": -0.39,
        "Diluted NI Availto Com Stockholders": -2284000.0,
        "Net Income Common Stockholders": -2284000.0,
        "Otherunder Preferred Stock Dividend": NaN,
        "Net Income": -2284000.0,
        "Net Income Including Noncontrolling Interests": -2284000.0,
        "Net Income Continuous Operations": -2284000.0,
        "Pretax Income": -2284000.0,
        "Other Income Expense": 82000.0,
        "Other Non Operating Income Expenses": 82000.0,
        "Net Non Operating Interest Income Expense": -2000.0,
        "Interest Expense Non Operating": 2000.0,
        "Operating Income": -2364000.0,
        "Operating Expense": 2417000.0,
        "Research And Development": 609000.0,
        "Selling General And Administration": 1808000.0,
        "General And Administrative Expense": 1808000.0,
        "Other Gand A": 1808000.0,
        "Total Revenue": 53000.0,
        "Operating Revenue": 53000.0
    },
    "2023-09-30": {
        "Tax Effect Of Unusual Items": 0.0,
        "Tax Rate For Calcs": 0.21,
        "Normalized EBITDA": 2115000.0,
        "Net Income From Continuing Operation Net Minority Interest": 2104000.0,
        "Reconciled Depreciation": 11000.0,
        "EBITDA": 2115000.0,
        "EBIT": 2104000.0,
        "Net Interest Income": 0.0,
        "Interest Expense": 0.0,
        "Normalized Income": 2104000.0,
        "Net Income From Continuing And Discontinued Operation": 2104000.0,
        "Total Expenses": 5947000.0,
        "Total Operating Income As Reported": 1997000.0,
        "Diluted Average Shares": 5912786.0,
        "Basic Average Shares": 5912786.0,
        "Diluted EPS": 0.32,
        "Basic EPS": 0.32,
        "Diluted NI Availto Com Stockholders": 1907000.0,
        "Net Income Common Stockholders": 1907000.0,
        "Otherunder Preferred Stock Dividend": 197000.0,
        "Net Income": 2104000.0,
        "Net Income Including Noncontrolling Interests": 2104000.0,
        "Net Income Continuous Operations": 2104000.0,
        "Pretax Income": 2104000.0,
        "Other Income Expense": 107000.0,
        "Other Non Operating Income Expenses": 107000.0,
        "Net Non Operating Interest Income Expense": 0.0,
        "Interest Expense Non Operating": 0.0,
        "Operating Income": 1997000.0,
        "Operating Expense": 5947000.0,
        "Research And Development": 627000.0,
        "Selling General And Administration": 5320000.0,
        "General And Administrative Expense": 5320000.0,
        "Other Gand A": 5320000.0,
        "Total Revenue": 7944000.0,
        "Operating Revenue": 7944000.0
    }
}