{
    "2023-03-31": {
        "Tax Effect Of Unusual Items": -237510.0,
        "Tax Rate For Calcs": 0.21,
        "Normalized EBITDA": -104110000.0,
        "Total Unusual Items": -1131000.0,
        "Total Unusual Items Excluding Goodwill": -1131000.0,
        "Net Income From Continuing Operation Net Minority Interest": -120555000.0,
        "Reconciled Depreciation": 10654000.0,
        "Reconciled Cost Of Revenue": 164000.0,
        "EBITDA": -105241000.0,
        "EBIT": -115895000.0,
        "Net Interest Income": 2293000.0,
        "Interest Expense": 4601000.0,
        "Interest Income": 6894000.0,
        "Normalized Income": -119661510.0,
        "Net Income From Continuing And Discontinued Operation": -120555000.0,
        "Total Expenses": 121811000.0,
        "Total Operating Income As Reported": -121613000.0,
        "Diluted Average Shares": 320983589.0,
        "Basic Average Shares": 320983589.0,
        "Diluted EPS": -0.38,
        "Basic EPS": -0.38,
        "Diluted NI Availto Com Stockholders": -120555000.0,
        "Net Income Common Stockholders": -120555000.0,
        "Net Income": -120555000.0,
        "Net Income Including Noncontrolling Interests": -120555000.0,
        "Net Income Continuous Operations": -120555000.0,
        "Tax Provision": 59000.0,
        "Pretax Income": -120496000.0,
        "Other Income Expense": -1176000.0,
        "Other Non Operating Income Expenses": -45000.0,
        "Gain On Sale Of Security": -1131000.0,
        "Net Non Operating Interest Income Expense": 2293000.0,
        "Interest Expense Non Operating": 4601000.0,
        "Interest Income Non Operating": 6894000.0,
        "Operating Income": -121613000.0,
        "Operating Expense": 121647000.0,
        "Research And Development": 76999000.0,
        "Selling General And Administration": 44648000.0,
        "General And Administrative Expense": 44648000.0,
        "Other Gand A": 44648000.0,
        "Gross Profit": 34000.0,
        "Cost Of Revenue": 164000.0,
        "Total Revenue": 198000.0,
        "Operating Revenue": 198000.0
    },
    "2022-12-31": {
        "Tax Effect Of Unusual Items": 0.0,
        "Tax Rate For Calcs": 0.0,
        "Normalized EBITDA": -164535000.0,
        "Total Unusual Items": 6697000.0,
        "Total Unusual Items Excluding Goodwill": 6697000.0,
        "Net Income From Continuing Operation Net Minority Interest": -170104000.0,
        "Reconciled Depreciation": 7482000.0,
        "Reconciled Cost Of Revenue": 238000.0,
        "EBITDA": -157838000.0,
        "EBIT": -165320000.0,
        "Net Interest Income": 1086000.0,
        "Interest Expense": 4599000.0,
        "Interest Income": 5685000.0,
        "Normalized Income": -176801000.0,
        "Net Income From Continuing And Discontinued Operation": -170104000.0,
        "Total Expenses": 178442000.0,
        "Total Operating Income As Reported": -178136000.0,
        "Diluted Average Shares": NaN,
        "Basic Average Shares": NaN,
        "Diluted EPS": NaN,
        "Basic EPS": NaN,
        "Diluted NI Availto Com Stockholders": -170104000.0,
        "Net Income Common Stockholders": -170104000.0,
        "Net Income": -170104000.0,
        "Net Income Including Noncontrolling Interests": -170104000.0,
        "Net Income Continuous Operations": -170104000.0,
        "Tax Provision": NaN,
        "Pretax Income": -169919000.0,
        "Other Income Expense": 7131000.0,
        "Other Non Operating Income Expenses": 434000.0,
        "Gain On Sale Of Security": 6697000.0,
        "Net Non Operating Interest Income Expense": 1086000.0,
        "Interest Expense Non Operating": 4599000.0,
        "Interest Income Non Operating": 5685000.0,
        "Operating Income": -178136000.0,
        "Operating Expense": 178204000.0,
        "Research And Development": 133402000.0,
        "Selling General And Administration": 44802000.0,
        "General And Administrative Expense": NaN,
        "Other Gand A": NaN,
        "Gross Profit": 68000.0,
        "Cost Of Revenue": 238000.0,
        "Total Revenue": 306000.0,
        "Operating Revenue": 306000.0
    },
    "2022-09-30": {
        "Tax Effect Of Unusual Items": 0.0,
        "Tax Rate For Calcs": 0.0,
        "Normalized EBITDA": -134995000.0,
        "Total Unusual Items": -8015000.0,
        "Total Unusual Items Excluding Goodwill": -8015000.0,
        "Net Income From Continuing Operation Net Minority Interest": -149342000.0,
        "Reconciled Depreciation": 1639000.0,
        "Reconciled Cost Of Revenue": 6000.0,
        "EBITDA": -143010000.0,
        "EBIT": -144649000.0,
        "Net Interest Income": -1618000.0,
        "Interest Expense": 4693000.0,
        "Interest Income": 3075000.0,
        "Normalized Income": -141327000.0,
        "Net Income From Continuing And Discontinued Operation": -149342000.0,
        "Total Expenses": 139993000.0,
        "Total Operating Income As Reported": -139979000.0,
        "Diluted Average Shares": 303224595.0,
        "Basic Average Shares": 303224595.0,
        "Diluted EPS": -0.49,
        "Basic EPS": -0.49,
        "Diluted NI Availto Com Stockholders": -149342000.0,
        "Net Income Common Stockholders": -149342000.0,
        "Net Income": -149342000.0,
        "Net Income Including Noncontrolling Interests": -149342000.0,
        "Net Income Continuous Operations": -149342000.0,
        "Tax Provision": NaN,
        "Pretax Income": -149342000.0,
        "Other Income Expense": -7745000.0,
        "Other Non Operating Income Expenses": 270000.0,
        "Gain On Sale Of Security": -8015000.0,
        "Net Non Operating Interest Income Expense": -1618000.0,
        "Interest Expense Non Operating": 4693000.0,
        "Interest Income Non Operating": 3075000.0,
        "Operating Income": -139979000.0,
        "Operating Expense": 139987000.0,
        "Research And Development": 117885000.0,
        "Selling General And Administration": 22102000.0,
        "General And Administrative Expense": 22102000.0,
        "Other Gand A": 22102000.0,
        "Gross Profit": 8000.0,
        "Cost Of Revenue": 6000.0,
        "Total Revenue": 14000.0,
        "Operating Revenue": 14000.0
    },
    "2022-06-30": {
        "Tax Effect Of Unusual Items": 0.0,
        "Tax Rate For Calcs": 0.0,
        "Normalized EBITDA": -86430000.0,
        "Total Unusual Items": -13447000.0,
        "Total Unusual Items Excluding Goodwill": -13447000.0,
        "Net Income From Continuing Operation Net Minority Interest": -105976000.0,
        "Reconciled Depreciation": 1348000.0,
        "Reconciled Cost Of Revenue": 8000.0,
        "EBITDA": -99877000.0,
        "EBIT": -101225000.0,
        "Net Interest Income": -3398000.0,
        "Interest Expense": 4751000.0,
        "Interest Income": 1353000.0,
        "Normalized Income": -92529000.0,
        "Net Income From Continuing And Discontinued Operation": -105976000.0,
        "Total Expenses": 88689000.0,
        "Total Operating Income As Reported": -88679000.0,
        "Diluted Average Shares": 298269801.0,
        "Basic Average Shares": 298269801.0,
        "Diluted EPS": -0.36,
        "Basic EPS": -0.36,
        "Diluted NI Availto Com Stockholders": -105976000.0,
        "Net Income Common Stockholders": -105976000.0,
        "Net Income": -105976000.0,
        "Net Income Including Noncontrolling Interests": -105976000.0,
        "Net Income Continuous Operations": -105976000.0,
        "Tax Provision": NaN,
        "Pretax Income": -105976000.0,
        "Other Income Expense": -13899000.0,
        "Other Non Operating Income Expenses": -452000.0,
        "Gain On Sale Of Security": -13447000.0,
        "Net Non Operating Interest Income Expense": -3398000.0,
        "Interest Expense Non Operating": 4751000.0,
        "Interest Income Non Operating": 1353000.0,
        "Operating Income": -88679000.0,
        "Operating Expense": 88681000.0,
        "Research And Development": 71160000.0,
        "Selling General And Administration": 17521000.0,
        "General And Administrative Expense": 17521000.0,
        "Other Gand A": 17521000.0,
        "Gross Profit": 2000.0,
        "Cost Of Revenue": 8000.0,
        "Total Revenue": 10000.0,
        "Operating Revenue": 10000.0
    },
    "2022-03-31": {
        "Diluted EPS": -0.41,
        "Total Revenue": 0,
        "Gross Profit": 0,
        "Operating Income": -123,
        "EBIT": -122,
        "Net Income": -122
    },
    "2021-12-31": {
        "Diluted EPS": -0.45,
        "Total Revenue": 0,
        "Gross Profit": 0,
        "Operating Income": -133,
        "EBIT": -132,
        "Net Income": -138
    },
    "2021-09-30": {
        "Diluted EPS": -0.37,
        "Total Revenue": 0,
        "Gross Profit": 0,
        "Operating Income": -110,
        "EBIT": -108,
        "Net Income": -110
    },
    "2021-06-30": {
        "Diluted EPS": -0.16,
        "Total Revenue": 0,
        "Gross Profit": 0,
        "Operating Income": -53,
        "EBIT": -52,
        "Net Income": -46
    },
    "2021-03-31": {
        "Diluted EPS": -0.63,
        "Total Revenue": 0,
        "Gross Profit": 0,
        "Operating Income": -33,
        "EBIT": -33,
        "Net Income": -177
    },
    "2020-12-31": {
        "Diluted EPS": -0.55,
        "Total Revenue": NaN,
        "Gross Profit": NaN,
        "Operating Income": -31,
        "EBIT": -31,
        "Net Income": -87
    },
    "2020-09-30": {
        "Diluted EPS": -0.38,
        "Total Revenue": NaN,
        "Gross Profit": NaN,
        "Operating Income": -10,
        "EBIT": -9,
        "Net Income": -40
    },
    "2020-06-30": {
        "Diluted EPS": -0.02,
        "Total Revenue": NaN,
        "Gross Profit": NaN,
        "Operating Income": -1,
        "EBIT": -1,
        "Net Income": -2
    },
    "2020-03-31": {
        "Diluted EPS": -0.01,
        "Total Revenue": NaN,
        "Gross Profit": NaN,
        "Operating Income": -1,
        "EBIT": -1,
        "Net Income": -1
    },
    "2019-12-31": {
        "Diluted EPS": -0.15,
        "Total Revenue": NaN,
        "Gross Profit": NaN,
        "Operating Income": -9,
        "EBIT": -9,
        "Net Income": -18
    },
    "2019-09-30": {
        "Diluted EPS": 0.03,
        "Total Revenue": NaN,
        "Gross Profit": NaN,
        "Operating Income": 0,
        "EBIT": 0,
        "Net Income": 2
    },
    "2019-06-30": {
        "Diluted EPS": -0.01,
        "Total Revenue": NaN,
        "Gross Profit": NaN,
        "Operating Income": 0,
        "EBIT": 0,
        "Net Income": 3
    },
    "2019-03-31": {
        "Diluted EPS": 0.03,
        "Total Revenue": NaN,
        "Gross Profit": NaN,
        "Operating Income": 0,
        "EBIT": 0,
        "Net Income": 2
    },
    "2018-12-31": {
        "Diluted EPS": -0.05,
        "Total Revenue": NaN,
        "Gross Profit": NaN,
        "Operating Income": -3,
        "EBIT": -3,
        "Net Income": -5
    },
    "2018-09-30": {
        "Diluted EPS": 0.01,
        "Total Revenue": NaN,
        "Gross Profit": NaN,
        "Operating Income": -1,
        "EBIT": -1,
        "Net Income": 0
    },
    "2018-06-30": {
        "Diluted EPS": 0.0,
        "Total Revenue": NaN,
        "Gross Profit": NaN,
        "Operating Income": NaN,
        "EBIT": NaN,
        "Net Income": NaN
    },
    "2018-03-31": {
        "Diluted EPS": 0.0,
        "Total Revenue": NaN,
        "Gross Profit": NaN,
        "Operating Income": NaN,
        "EBIT": NaN,
        "Net Income": NaN
    },
    "2017-12-31": {
        "Diluted EPS": 0.0,
        "Total Revenue": NaN,
        "Gross Profit": NaN,
        "Operating Income": NaN,
        "EBIT": NaN,
        "Net Income": NaN
    },
    "2023-06-30": {
        "Tax Effect Of Unusual Items": 869400.0,
        "Tax Rate For Calcs": 0.21,
        "Normalized EBITDA": -62865000.0,
        "Total Unusual Items": 4140000.0,
        "Total Unusual Items Excluding Goodwill": 4140000.0,
        "Net Income From Continuing Operation Net Minority Interest": -82607000.0,
        "Reconciled Depreciation": 18998000.0,
        "Reconciled Cost Of Revenue": 760000.0,
        "EBITDA": -58725000.0,
        "EBIT": -77723000.0,
        "Net Interest Income": 1976000.0,
        "Interest Expense": 4605000.0,
        "Interest Income": 6581000.0,
        "Normalized Income": -85877600.0,
        "Net Income From Continuing And Discontinued Operation": -82607000.0,
        "Total Expenses": 89009000.0,
        "Total Operating Income As Reported": -88184000.0,
        "Diluted Average Shares": 335888051.0,
        "Basic Average Shares": 335888051.0,
        "Diluted EPS": -0.25,
        "Basic EPS": -0.25,
        "Diluted NI Availto Com Stockholders": -82607000.0,
        "Net Income Common Stockholders": -82607000.0,
        "Net Income": -82607000.0,
        "Net Income Including Noncontrolling Interests": -82607000.0,
        "Net Income Continuous Operations": -82607000.0,
        "Tax Provision": 279000.0,
        "Pretax Income": -82328000.0,
        "Other Income Expense": 3880000.0,
        "Other Non Operating Income Expenses": -260000.0,
        "Gain On Sale Of Security": 4140000.0,
        "Net Non Operating Interest Income Expense": 1976000.0,
        "Interest Expense Non Operating": 4605000.0,
        "Interest Income Non Operating": 6581000.0,
        "Operating Income": -88184000.0,
        "Operating Expense": 88249000.0,
        "Research And Development": 45982000.0,
        "Selling General And Administration": 42267000.0,
        "General And Administrative Expense": NaN,
        "Other Gand A": NaN,
        "Gross Profit": 65000.0,
        "Cost Of Revenue": 760000.0,
        "Total Revenue": 825000.0,
        "Operating Revenue": 825000.0
    },
    "2023-09-30": {
        "Tax Effect Of Unusual Items": 2365230.0,
        "Tax Rate For Calcs": 0.21,
        "Normalized EBITDA": -60996000.0,
        "Total Unusual Items": 11263000.0,
        "Total Unusual Items Excluding Goodwill": 11263000.0,
        "Net Income From Continuing Operation Net Minority Interest": -95219000.0,
        "Reconciled Depreciation": 38723000.0,
        "Reconciled Cost Of Revenue": 104548000.0,
        "EBITDA": -49733000.0,
        "EBIT": -88456000.0,
        "Net Interest Income": 1467000.0,
        "Interest Expense": 4928000.0,
        "Interest Income": 6395000.0,
        "Normalized Income": -104116770.0,
        "Net Income From Continuing And Discontinued Operation": -95219000.0,
        "Total Expenses": 175626000.0,
        "Total Operating Income As Reported": -103826000.0,
        "Diluted Average Shares": 343101845.0,
        "Basic Average Shares": 343101845.0,
        "Diluted EPS": -0.27,
        "Basic EPS": -0.27,
        "Diluted NI Availto Com Stockholders": -95219000.0,
        "Net Income Common Stockholders": -95219000.0,
        "Net Income": -95219000.0,
        "Net Income Including Noncontrolling Interests": -95219000.0,
        "Net Income Continuous Operations": -95219000.0,
        "Tax Provision": 1835000.0,
        "Pretax Income": -93384000.0,
        "Other Income Expense": 8975000.0,
        "Other Non Operating Income Expenses": -2288000.0,
        "Gain On Sale Of Security": 11263000.0,
        "Net Non Operating Interest Income Expense": 1467000.0,
        "Interest Expense Non Operating": 4928000.0,
        "Interest Income Non Operating": 6395000.0,
        "Operating Income": -103826000.0,
        "Operating Expense": 71078000.0,
        "Research And Development": 13428000.0,
        "Selling General And Administration": 57650000.0,
        "General And Administrative Expense": NaN,
        "Other Gand A": NaN,
        "Gross Profit": -32748000.0,
        "Cost Of Revenue": 104548000.0,
        "Total Revenue": 71800000.0,
        "Operating Revenue": 71800000.0
    }
}