{
    "2023-03-31": {
        "Tax Effect Of Unusual Items": -916400.0,
        "Tax Rate For Calcs": 0.158,
        "Normalized EBITDA": 43600000.0,
        "Total Unusual Items": -5800000.0,
        "Total Unusual Items Excluding Goodwill": -5800000.0,
        "Net Income From Continuing Operation Net Minority Interest": 8000000.0,
        "Reconciled Depreciation": 23100000.0,
        "Reconciled Cost Of Revenue": 539300000.0,
        "EBITDA": 37800000.0,
        "EBIT": 14700000.0,
        "Net Interest Income": 100000.0,
        "Interest Expense": 32700000.0,
        "Interest Income": 100000.0,
        "Normalized Income": 12883600.0,
        "Net Income From Continuing And Discontinued Operation": 12500000.0,
        "Total Expenses": 679200000.0,
        "Total Operating Income As Reported": 14100000.0,
        "Diluted Average Shares": 88800000.0,
        "Basic Average Shares": 88800000.0,
        "Diluted EPS": 0.140766,
        "Basic EPS": 0.140766,
        "Diluted NI Availto Com Stockholders": 12500000.0,
        "Net Income Common Stockholders": 12500000.0,
        "Net Income": 12500000.0,
        "Net Income Including Noncontrolling Interests": 12500000.0,
        "Net Income Discontinuous Operations": 4500000.0,
        "Net Income Continuous Operations": 8000000.0,
        "Tax Provision": 1500000.0,
        "Pretax Income": 9500000.0,
        "Other Income Expense": -5300000.0,
        "Other Non Operating Income Expenses": 500000.0,
        "Special Income Charges": -600000.0,
        "Restructuring And Mergern Acquisition": 600000.0,
        "Gain On Sale Of Security": -5200000.0,
        "Net Non Operating Interest Income Expense": 100000.0,
        "Interest Expense Non Operating": 32700000.0,
        "Interest Income Non Operating": 100000.0,
        "Operating Income": 14700000.0,
        "Operating Expense": 137700000.0,
        "Depreciation Amortization Depletion Income Statement": 20900000.0,
        "Depreciation And Amortization In Income Statement": 20900000.0,
        "Selling General And Administration": 116800000.0,
        "Gross Profit": 152400000.0,
        "Cost Of Revenue": 541500000.0,
        "Total Revenue": 693900000.0,
        "Operating Revenue": 693900000.0
    },
    "2023-06-30": {
        "Tax Effect Of Unusual Items": 408000.0,
        "Tax Rate For Calcs": 0.272,
        "Normalized EBITDA": 63200000.0,
        "Total Unusual Items": 1500000.0,
        "Total Unusual Items Excluding Goodwill": 1500000.0,
        "Net Income From Continuing Operation Net Minority Interest": 28300000.0,
        "Reconciled Depreciation": 24800000.0,
        "Reconciled Cost Of Revenue": 649700000.0,
        "EBITDA": 64700000.0,
        "EBIT": 39600000.0,
        "Net Interest Income": -700000.0,
        "Interest Expense": 700000.0,
        "Interest Income": NaN,
        "Normalized Income": 27208000.0,
        "Net Income From Continuing And Discontinued Operation": 28300000.0,
        "Total Expenses": 755300000.0,
        "Total Operating Income As Reported": 33800000.0,
        "Diluted Average Shares": 88800000.0,
        "Basic Average Shares": 88800000.0,
        "Diluted EPS": 0.32,
        "Basic EPS": 0.32,
        "Diluted NI Availto Com Stockholders": 28300000.0,
        "Net Income Common Stockholders": 28300000.0,
        "Net Income": 28300000.0,
        "Net Income Including Noncontrolling Interests": 28300000.0,
        "Net Income Discontinuous Operations": NaN,
        "Net Income Continuous Operations": 28300000.0,
        "Tax Provision": 10600000.0,
        "Pretax Income": 38900000.0,
        "Other Income Expense": 1900000.0,
        "Other Non Operating Income Expenses": 400000.0,
        "Special Income Charges": -3900000.0,
        "Restructuring And Mergern Acquisition": 3900000.0,
        "Gain On Sale Of Security": 5400000.0,
        "Net Non Operating Interest Income Expense": -700000.0,
        "Interest Expense Non Operating": 700000.0,
        "Interest Income Non Operating": NaN,
        "Operating Income": 37700000.0,
        "Operating Expense": 105900000.0,
        "Depreciation Amortization Depletion Income Statement": 25100000.0,
        "Depreciation And Amortization In Income Statement": 25100000.0,
        "Selling General And Administration": 80800000.0,
        "Gross Profit": 143600000.0,
        "Cost Of Revenue": 649400000.0,
        "Total Revenue": 793000000.0,
        "Operating Revenue": 793000000.0
    },
    "2022-06-30": {
        "Tax Effect Of Unusual Items": -206000.0,
        "Tax Rate For Calcs": 0.206,
        "Normalized EBITDA": 108000000.0,
        "Total Unusual Items": -1000000.0,
        "Total Unusual Items Excluding Goodwill": -1000000.0,
        "Net Income From Continuing Operation Net Minority Interest": 66400000.0,
        "Reconciled Depreciation": 23400000.0,
        "Reconciled Cost Of Revenue": 614300000.0,
        "EBITDA": 107000000.0,
        "EBIT": 83600000.0,
        "Net Interest Income": 0.0,
        "Interest Expense": 0.0,
        "Normalized Income": 67194000.0,
        "Net Income From Continuing And Discontinued Operation": 66400000.0,
        "Total Expenses": 708900000.0,
        "Total Operating Income As Reported": 71200000.0,
        "Diluted Average Shares": 88400000.0,
        "Basic Average Shares": 88400000.0,
        "Diluted EPS": 0.751131,
        "Basic EPS": 0.751131,
        "Diluted NI Availto Com Stockholders": 66400000.0,
        "Net Income Common Stockholders": 66400000.0,
        "Net Income": 66400000.0,
        "Net Income Including Noncontrolling Interests": 66400000.0,
        "Net Income Continuous Operations": 66400000.0,
        "Tax Provision": 17200000.0,
        "Pretax Income": 83600000.0,
        "Other Income Expense": -600000.0,
        "Other Non Operating Income Expenses": 400000.0,
        "Special Income Charges": -13000000.0,
        "Restructuring And Mergern Acquisition": 13000000.0,
        "Gain On Sale Of Security": 12000000.0,
        "Net Non Operating Interest Income Expense": 0.0,
        "Interest Expense Non Operating": 0.0,
        "Operating Income": 84200000.0,
        "Operating Expense": 94600000.0,
        "Depreciation Amortization Depletion Income Statement": 23400000.0,
        "Depreciation And Amortization In Income Statement": 23400000.0,
        "Selling General And Administration": 71200000.0,
        "Gross Profit": 178800000.0,
        "Cost Of Revenue": 614300000.0,
        "Total Revenue": 793100000.0,
        "Operating Revenue": 793100000.0
    },
    "2023-09-30": {
        "Tax Effect Of Unusual Items": -3350000.0,
        "Tax Rate For Calcs": 0.268,
        "Normalized EBITDA": 53800000.0,
        "Total Unusual Items": -12500000.0,
        "Total Unusual Items Excluding Goodwill": -12500000.0,
        "Net Income From Continuing Operation Net Minority Interest": -13100000.0,
        "Reconciled Depreciation": 24600000.0,
        "Reconciled Cost Of Revenue": 647300000.0,
        "EBITDA": 41300000.0,
        "EBIT": 16700000.0,
        "Net Interest Income": -34600000.0,
        "Interest Expense": 34600000.0,
        "Interest Income": NaN,
        "Normalized Income": -3950000.0,
        "Net Income From Continuing And Discontinued Operation": -13100000.0,
        "Total Expenses": 750800000.0,
        "Total Operating Income As Reported": 14000000.0,
        "Diluted Average Shares": 88800000.0,
        "Basic Average Shares": 88800000.0,
        "Diluted EPS": -0.15,
        "Basic EPS": -0.15,
        "Diluted NI Availto Com Stockholders": -13100000.0,
        "Net Income Common Stockholders": -13100000.0,
        "Net Income": -13100000.0,
        "Net Income Including Noncontrolling Interests": -13100000.0,
        "Net Income Discontinuous Operations": NaN,
        "Net Income Continuous Operations": -13100000.0,
        "Tax Provision": -4800000.0,
        "Pretax Income": -17900000.0,
        "Other Income Expense": -8900000.0,
        "Other Non Operating Income Expenses": 3600000.0,
        "Special Income Charges": -11600000.0,
        "Restructuring And Mergern Acquisition": 11600000.0,
        "Gain On Sale Of Security": -900000.0,
        "Net Non Operating Interest Income Expense": -34600000.0,
        "Interest Expense Non Operating": 34600000.0,
        "Interest Income Non Operating": NaN,
        "Operating Income": 25600000.0,
        "Operating Expense": 103500000.0,
        "Depreciation Amortization Depletion Income Statement": 24600000.0,
        "Depreciation And Amortization In Income Statement": 24600000.0,
        "Selling General And Administration": 78900000.0,
        "Gross Profit": 129100000.0,
        "Cost Of Revenue": 647300000.0,
        "Total Revenue": 776400000.0,
        "Operating Revenue": 776400000.0
    },
    "2022-12-31": {
        "Tax Effect Of Unusual Items": -8928519.061584,
        "Tax Rate For Calcs": 0.258798,
        "Normalized EBITDA": 57100000.0,
        "Total Unusual Items": -34500000.0,
        "Total Unusual Items Excluding Goodwill": -34500000.0,
        "Net Income From Continuing Operation Net Minority Interest": -101100000.0,
        "Reconciled Depreciation": 23000000.0,
        "Reconciled Cost Of Revenue": 630400000.0,
        "EBITDA": 22600000.0,
        "EBIT": -4000000.0,
        "Net Interest Income": -132400000.0,
        "Interest Expense": 132400000.0,
        "Normalized Income": -75528519.061584,
        "Net Income From Continuing And Discontinued Operation": -101100000.0,
        "Total Expenses": 736800000.0,
        "Total Operating Income As Reported": 12400000.0,
        "Diluted Average Shares": NaN,
        "Basic Average Shares": NaN,
        "Diluted EPS": NaN,
        "Basic EPS": NaN,
        "Diluted NI Availto Com Stockholders": -101100000.0,
        "Net Income Common Stockholders": -101100000.0,
        "Net Income": -101100000.0,
        "Net Income Including Noncontrolling Interests": -101100000.0,
        "Net Income Continuous Operations": -101100000.0,
        "Tax Provision": -35300000.0,
        "Pretax Income": -136400000.0,
        "Other Income Expense": -28900000.0,
        "Other Non Operating Income Expenses": 5600000.0,
        "Special Income Charges": -12500000.0,
        "Restructuring And Mergern Acquisition": 2700000.0,
        "Gain On Sale Of Security": -22000000.0,
        "Net Non Operating Interest Income Expense": -132400000.0,
        "Interest Expense Non Operating": 132400000.0,
        "Operating Income": 24900000.0,
        "Operating Expense": 110000000.0,
        "Depreciation Amortization Depletion Income Statement": 26600000.0,
        "Depreciation And Amortization In Income Statement": 26600000.0,
        "Selling General And Administration": 83400000.0,
        "Gross Profit": 134900000.0,
        "Cost Of Revenue": 626800000.0,
        "Total Revenue": 761700000.0,
        "Operating Revenue": 761700000.0
    },
    "2022-09-30": {
        "Tax Effect Of Unusual Items": NaN,
        "Tax Rate For Calcs": NaN,
        "Normalized EBITDA": NaN,
        "Total Unusual Items": NaN,
        "Total Unusual Items Excluding Goodwill": NaN,
        "Net Income From Continuing Operation Net Minority Interest": NaN,
        "Reconciled Depreciation": NaN,
        "Reconciled Cost Of Revenue": NaN,
        "EBITDA": NaN,
        "EBIT": NaN,
        "Net Interest Income": NaN,
        "Interest Expense": NaN,
        "Normalized Income": NaN,
        "Net Income From Continuing And Discontinued Operation": NaN,
        "Total Expenses": NaN,
        "Total Operating Income As Reported": NaN,
        "Diluted Average Shares": 88400000.0,
        "Basic Average Shares": 88400000.0,
        "Diluted EPS": 0.68552,
        "Basic EPS": 0.68552,
        "Diluted NI Availto Com Stockholders": NaN,
        "Net Income Common Stockholders": NaN,
        "Net Income": NaN,
        "Net Income Including Noncontrolling Interests": NaN,
        "Net Income Continuous Operations": NaN,
        "Tax Provision": NaN,
        "Pretax Income": NaN,
        "Other Income Expense": NaN,
        "Other Non Operating Income Expenses": NaN,
        "Special Income Charges": NaN,
        "Restructuring And Mergern Acquisition": NaN,
        "Gain On Sale Of Security": NaN,
        "Net Non Operating Interest Income Expense": NaN,
        "Interest Expense Non Operating": NaN,
        "Operating Income": NaN,
        "Operating Expense": NaN,
        "Depreciation Amortization Depletion Income Statement": NaN,
        "Depreciation And Amortization In Income Statement": NaN,
        "Selling General And Administration": NaN,
        "Gross Profit": NaN,
        "Cost Of Revenue": NaN,
        "Total Revenue": NaN,
        "Operating Revenue": NaN
    },
    "2023-12-31": {
        "Tax Effect Of Unusual Items": -695121.95122,
        "Tax Rate For Calcs": 0.121951,
        "Normalized EBITDA": 23100000.0,
        "Total Unusual Items": -5700000.0,
        "Total Unusual Items Excluding Goodwill": -5700000.0,
        "Net Income From Continuing Operation Net Minority Interest": -36000000.0,
        "Reconciled Depreciation": 23900000.0,
        "Reconciled Cost Of Revenue": 655700000.0,
        "EBITDA": 17400000.0,
        "EBIT": -6500000.0,
        "Net Interest Income": -34500000.0,
        "Interest Expense": 34500000.0,
        "Interest Income": NaN,
        "Normalized Income": -30995121.95122,
        "Net Income From Continuing And Discontinued Operation": -36000000.0,
        "Total Expenses": 778500000.0,
        "Total Operating Income As Reported": -10700000.0,
        "Diluted Average Shares": 87804878.0,
        "Basic Average Shares": 87804878.0,
        "Diluted EPS": -0.41,
        "Basic EPS": -0.41,
        "Diluted NI Availto Com Stockholders": -36000000.0,
        "Net Income Common Stockholders": -36000000.0,
        "Net Income": -36000000.0,
        "Net Income Including Noncontrolling Interests": -36000000.0,
        "Net Income Discontinuous Operations": NaN,
        "Net Income Continuous Operations": -36000000.0,
        "Tax Provision": -5000000.0,
        "Pretax Income": -41000000.0,
        "Other Income Expense": -3400000.0,
        "Other Non Operating Income Expenses": 2300000.0,
        "Special Income Charges": -7600000.0,
        "Restructuring And Mergern Acquisition": 7400000.0,
        "Gain On Sale Of Security": 1900000.0,
        "Net Non Operating Interest Income Expense": -34500000.0,
        "Interest Expense Non Operating": 34500000.0,
        "Interest Income Non Operating": NaN,
        "Operating Income": -3100000.0,
        "Operating Expense": 122800000.0,
        "Depreciation Amortization Depletion Income Statement": 23900000.0,
        "Depreciation And Amortization In Income Statement": 23900000.0,
        "Selling General And Administration": 98900000.0,
        "Gross Profit": 119700000.0,
        "Cost Of Revenue": 655700000.0,
        "Total Revenue": 775400000.0,
        "Operating Revenue": 775400000.0
    },
    "2024-03-31": {
        "Tax Effect Of Unusual Items": -3440000.0,
        "Tax Rate For Calcs": 0.4,
        "Normalized EBITDA": -9300000.0,
        "Total Unusual Items": -8600000.0,
        "Total Unusual Items Excluding Goodwill": -8600000.0,
        "Net Income From Continuing Operation Net Minority Interest": -79800000.0,
        "Reconciled Depreciation": 23500000.0,
        "Reconciled Cost Of Revenue": 552600000.0,
        "EBITDA": -17900000.0,
        "EBIT": -41400000.0,
        "Net Interest Income": -34300000.0,
        "Interest Expense": 34300000.0,
        "Interest Income": NaN,
        "Normalized Income": -74640000.0,
        "Net Income From Continuing And Discontinued Operation": -101000000.0,
        "Total Expenses": 696200000.0,
        "Total Operating Income As Reported": -37400000.0,
        "Diluted Average Shares": 89200000.0,
        "Basic Average Shares": 89200000.0,
        "Diluted EPS": -1.15,
        "Basic EPS": -1.15,
        "Diluted NI Availto Com Stockholders": -101000000.0,
        "Net Income Common Stockholders": -101000000.0,
        "Net Income": -101000000.0,
        "Net Income Including Noncontrolling Interests": -101000000.0,
        "Net Income Discontinuous Operations": -21200000.0,
        "Net Income Continuous Operations": -79800000.0,
        "Tax Provision": 4100000.0,
        "Pretax Income": -75700000.0,
        "Other Income Expense": -7300000.0,
        "Other Non Operating Income Expenses": 1300000.0,
        "Special Income Charges": -3300000.0,
        "Restructuring And Mergern Acquisition": 3300000.0,
        "Gain On Sale Of Security": -5300000.0,
        "Net Non Operating Interest Income Expense": -34300000.0,
        "Interest Expense Non Operating": 34300000.0,
        "Interest Income Non Operating": NaN,
        "Operating Income": -34100000.0,
        "Operating Expense": 142000000.0,
        "Depreciation Amortization Depletion Income Statement": 21900000.0,
        "Depreciation And Amortization In Income Statement": 21900000.0,
        "Selling General And Administration": 120100000.0,
        "Gross Profit": 107900000.0,
        "Cost Of Revenue": 554200000.0,
        "Total Revenue": 662100000.0,
        "Operating Revenue": 662100000.0
    }
}