{
    "2023-03-31": {
        "Tax Effect Of Unusual Items": NaN,
        "Tax Rate For Calcs": NaN,
        "Normalized EBITDA": NaN,
        "Total Unusual Items": NaN,
        "Total Unusual Items Excluding Goodwill": NaN,
        "Net Income From Continuing Operation Net Minority Interest": NaN,
        "Reconciled Depreciation": NaN,
        "Reconciled Cost Of Revenue": NaN,
        "EBITDA": NaN,
        "EBIT": NaN,
        "Net Interest Income": NaN,
        "Interest Expense": NaN,
        "Interest Income": NaN,
        "Normalized Income": NaN,
        "Net Income From Continuing And Discontinued Operation": NaN,
        "Total Expenses": NaN,
        "Total Operating Income As Reported": NaN,
        "Diluted Average Shares": NaN,
        "Basic Average Shares": NaN,
        "Diluted EPS": NaN,
        "Basic EPS": NaN,
        "Diluted NI Availto Com Stockholders": NaN,
        "Average Dilution Earnings": NaN,
        "Net Income Common Stockholders": NaN,
        "Preferred Stock Dividends": NaN,
        "Net Income": NaN,
        "Minority Interests": NaN,
        "Net Income Including Noncontrolling Interests": NaN,
        "Net Income Continuous Operations": NaN,
        "Tax Provision": NaN,
        "Pretax Income": NaN,
        "Other Income Expense": NaN,
        "Other Non Operating Income Expenses": NaN,
        "Special Income Charges": NaN,
        "Other Special Charges": NaN,
        "Earnings From Equity Interest": 5000000.0,
        "Gain On Sale Of Security": NaN,
        "Net Non Operating Interest Income Expense": NaN,
        "Interest Expense Non Operating": NaN,
        "Interest Income Non Operating": NaN,
        "Operating Income": NaN,
        "Operating Expense": NaN,
        "Other Operating Expenses": NaN,
        "Depreciation Amortization Depletion Income Statement": NaN,
        "Depreciation And Amortization In Income Statement": NaN,
        "Gross Profit": NaN,
        "Cost Of Revenue": NaN,
        "Total Revenue": NaN,
        "Operating Revenue": NaN
    },
    "2022-12-31": {
        "Tax Effect Of Unusual Items": 6946564.885496,
        "Tax Rate For Calcs": 0.198473,
        "Normalized EBITDA": 1209000000.0,
        "Total Unusual Items": 35000000.0,
        "Total Unusual Items Excluding Goodwill": 35000000.0,
        "Net Income From Continuing Operation Net Minority Interest": 386000000.0,
        "Reconciled Depreciation": 422000000.0,
        "Reconciled Cost Of Revenue": 1268000000.0,
        "EBITDA": 1244000000.0,
        "EBIT": 822000000.0,
        "Net Interest Income": -287000000.0,
        "Interest Expense": 298000000.0,
        "Interest Income": NaN,
        "Normalized Income": 357946564.885496,
        "Net Income From Continuing And Discontinued Operation": 386000000.0,
        "Total Expenses": 2415000000.0,
        "Total Operating Income As Reported": 753000000.0,
        "Diluted Average Shares": NaN,
        "Basic Average Shares": NaN,
        "Diluted EPS": NaN,
        "Basic EPS": NaN,
        "Diluted NI Availto Com Stockholders": 370000000.0,
        "Average Dilution Earnings": 0.0,
        "Net Income Common Stockholders": 370000000.0,
        "Preferred Stock Dividends": 16000000.0,
        "Net Income": 386000000.0,
        "Minority Interests": -34000000.0,
        "Net Income Including Noncontrolling Interests": 420000000.0,
        "Net Income Continuous Operations": 420000000.0,
        "Tax Provision": 104000000.0,
        "Pretax Income": 524000000.0,
        "Other Income Expense": 58000000.0,
        "Other Non Operating Income Expenses": 23000000.0,
        "Special Income Charges": 24000000.0,
        "Other Special Charges": -24000000.0,
        "Gain On Sale Of Security": 11000000.0,
        "Net Non Operating Interest Income Expense": -287000000.0,
        "Interest Expense Non Operating": 298000000.0,
        "Interest Income Non Operating": NaN,
        "Operating Income": 753000000.0,
        "Operating Expense": 1147000000.0,
        "Other Operating Expenses": 725000000.0,
        "Depreciation Amortization Depletion Income Statement": 422000000.0,
        "Depreciation And Amortization In Income Statement": 422000000.0,
        "Gross Profit": 1900000000.0,
        "Cost Of Revenue": 1268000000.0,
        "Total Revenue": 3168000000.0,
        "Operating Revenue": 3037000000.0
    },
    "2022-09-30": {
        "Tax Effect Of Unusual Items": NaN,
        "Tax Rate For Calcs": NaN,
        "Normalized EBITDA": NaN,
        "Total Unusual Items": NaN,
        "Total Unusual Items Excluding Goodwill": NaN,
        "Net Income From Continuing Operation Net Minority Interest": NaN,
        "Reconciled Depreciation": NaN,
        "Reconciled Cost Of Revenue": NaN,
        "EBITDA": NaN,
        "EBIT": NaN,
        "Net Interest Income": NaN,
        "Interest Expense": NaN,
        "Interest Income": NaN,
        "Normalized Income": NaN,
        "Net Income From Continuing And Discontinued Operation": NaN,
        "Total Expenses": NaN,
        "Total Operating Income As Reported": NaN,
        "Diluted Average Shares": 479900000.0,
        "Basic Average Shares": 479400000.0,
        "Diluted EPS": 0.68,
        "Basic EPS": 0.68,
        "Diluted NI Availto Com Stockholders": NaN,
        "Average Dilution Earnings": NaN,
        "Net Income Common Stockholders": NaN,
        "Preferred Stock Dividends": NaN,
        "Net Income": NaN,
        "Minority Interests": NaN,
        "Net Income Including Noncontrolling Interests": NaN,
        "Net Income Continuous Operations": NaN,
        "Tax Provision": NaN,
        "Pretax Income": NaN,
        "Other Income Expense": NaN,
        "Other Non Operating Income Expenses": NaN,
        "Special Income Charges": NaN,
        "Other Special Charges": NaN,
        "Earnings From Equity Interest": NaN,
        "Gain On Sale Of Security": NaN,
        "Net Non Operating Interest Income Expense": NaN,
        "Interest Expense Non Operating": NaN,
        "Interest Income Non Operating": NaN,
        "Operating Income": NaN,
        "Operating Expense": NaN,
        "Other Operating Expenses": NaN,
        "Depreciation Amortization Depletion Income Statement": NaN,
        "Depreciation And Amortization In Income Statement": NaN,
        "Gross Profit": NaN,
        "Cost Of Revenue": NaN,
        "Total Revenue": NaN,
        "Operating Revenue": NaN
    },
    "2022-06-30": {
        "Tax Effect Of Unusual Items": -1522193.211488,
        "Tax Rate For Calcs": 0.138381,
        "Normalized EBITDA": 1077000000.0,
        "Total Unusual Items": -11000000.0,
        "Total Unusual Items Excluding Goodwill": -11000000.0,
        "Net Income From Continuing Operation Net Minority Interest": 300000000.0,
        "Reconciled Depreciation": 417000000.0,
        "Reconciled Cost Of Revenue": 797000000.0,
        "EBITDA": 1066000000.0,
        "EBIT": 649000000.0,
        "Net Interest Income": -266000000.0,
        "Interest Expense": 266000000.0,
        "Interest Income": NaN,
        "Normalized Income": 309477806.788512,
        "Net Income From Continuing And Discontinued Operation": 300000000.0,
        "Total Expenses": 1873000000.0,
        "Total Operating Income As Reported": 614000000.0,
        "Diluted Average Shares": 478300000.0,
        "Basic Average Shares": 477800000.0,
        "Diluted EPS": 0.59,
        "Basic EPS": 0.59,
        "Diluted NI Availto Com Stockholders": 284000000.0,
        "Average Dilution Earnings": 0.0,
        "Net Income Common Stockholders": 284000000.0,
        "Preferred Stock Dividends": 16000000.0,
        "Net Income": 300000000.0,
        "Minority Interests": -30000000.0,
        "Net Income Including Noncontrolling Interests": 330000000.0,
        "Net Income Continuous Operations": 330000000.0,
        "Tax Provision": 53000000.0,
        "Pretax Income": 383000000.0,
        "Other Income Expense": 35000000.0,
        "Other Non Operating Income Expenses": 28000000.0,
        "Special Income Charges": 18000000.0,
        "Other Special Charges": -18000000.0,
        "Earnings From Equity Interest": 18000000.0,
        "Gain On Sale Of Security": -11000000.0,
        "Net Non Operating Interest Income Expense": -266000000.0,
        "Interest Expense Non Operating": 266000000.0,
        "Interest Income Non Operating": NaN,
        "Operating Income": 614000000.0,
        "Operating Expense": 1076000000.0,
        "Other Operating Expenses": 659000000.0,
        "Depreciation Amortization Depletion Income Statement": 417000000.0,
        "Depreciation And Amortization In Income Statement": 417000000.0,
        "Gross Profit": 1690000000.0,
        "Cost Of Revenue": 797000000.0,
        "Total Revenue": 2487000000.0,
        "Operating Revenue": 2487000000.0
    },
    "2023-06-30": {
        "Tax Effect Of Unusual Items": NaN,
        "Tax Rate For Calcs": NaN,
        "Normalized EBITDA": NaN,
        "Total Unusual Items": NaN,
        "Total Unusual Items Excluding Goodwill": NaN,
        "Net Income From Continuing Operation Net Minority Interest": NaN,
        "Reconciled Depreciation": NaN,
        "Reconciled Cost Of Revenue": NaN,
        "EBITDA": NaN,
        "EBIT": NaN,
        "Net Interest Income": NaN,
        "Interest Expense": NaN,
        "Interest Income": NaN,
        "Normalized Income": NaN,
        "Net Income From Continuing And Discontinued Operation": NaN,
        "Total Expenses": NaN,
        "Total Operating Income As Reported": NaN,
        "Diluted Average Shares": 485700000.0,
        "Basic Average Shares": 485400000.0,
        "Diluted EPS": 0.61,
        "Basic EPS": 0.61,
        "Diluted NI Availto Com Stockholders": NaN,
        "Average Dilution Earnings": NaN,
        "Net Income Common Stockholders": NaN,
        "Preferred Stock Dividends": NaN,
        "Net Income": NaN,
        "Minority Interests": NaN,
        "Net Income Including Noncontrolling Interests": NaN,
        "Net Income Continuous Operations": NaN,
        "Tax Provision": NaN,
        "Pretax Income": NaN,
        "Other Income Expense": NaN,
        "Other Non Operating Income Expenses": NaN,
        "Special Income Charges": 23000000.0,
        "Other Special Charges": -23000000.0,
        "Earnings From Equity Interest": NaN,
        "Gain On Sale Of Security": NaN,
        "Net Non Operating Interest Income Expense": NaN,
        "Interest Expense Non Operating": NaN,
        "Interest Income Non Operating": NaN,
        "Operating Income": NaN,
        "Operating Expense": NaN,
        "Other Operating Expenses": NaN,
        "Depreciation Amortization Depletion Income Statement": NaN,
        "Depreciation And Amortization In Income Statement": NaN,
        "Gross Profit": NaN,
        "Cost Of Revenue": NaN,
        "Total Revenue": NaN,
        "Operating Revenue": NaN
    },
    "2022-03-31": {
        "Diluted EPS": 0.58,
        "Total Revenue": NaN,
        "Gross Profit": 855,
        "Operating Income": 534,
        "EBIT": 843,
        "Net Income": 276
    },
    "2021-12-31": {
        "Diluted EPS": 0.55,
        "Total Revenue": NaN,
        "Gross Profit": 819,
        "Operating Income": 514,
        "EBIT": 812,
        "Net Income": 261
    },
    "2021-09-30": {
        "Diluted EPS": 0.5,
        "Total Revenue": NaN,
        "Gross Profit": 777,
        "Operating Income": 475,
        "EBIT": 752,
        "Net Income": 234
    },
    "2021-06-30": {
        "Diluted EPS": 0.44,
        "Total Revenue": NaN,
        "Gross Profit": 754,
        "Operating Income": 454,
        "EBIT": 752,
        "Net Income": 206
    },
    "2021-03-31": {
        "Diluted EPS": 0.6,
        "Total Revenue": NaN,
        "Gross Profit": 821,
        "Operating Income": 528,
        "EBIT": 810,
        "Net Income": 280
    },
    "2020-12-31": {
        "Diluted EPS": 0.54,
        "Total Revenue": NaN,
        "Gross Profit": 765,
        "Operating Income": 498,
        "EBIT": 750,
        "Net Income": 253
    },
    "2020-09-30": {
        "Diluted EPS": 0.47,
        "Total Revenue": NaN,
        "Gross Profit": 721,
        "Operating Income": 452,
        "EBIT": 739,
        "Net Income": 219
    },
    "2020-06-30": {
        "Diluted EPS": 0.43,
        "Total Revenue": NaN,
        "Gross Profit": 696,
        "Operating Income": 431,
        "EBIT": 685,
        "Net Income": 198
    },
    "2020-03-31": {
        "Diluted EPS": 0.5,
        "Total Revenue": NaN,
        "Gross Profit": 757,
        "Operating Income": 491,
        "EBIT": 754,
        "Net Income": 233
    },
    "2019-12-31": {
        "Diluted EPS": 0.59,
        "Total Revenue": NaN,
        "Gross Profit": 781,
        "Operating Income": 525,
        "EBIT": 774,
        "Net Income": 264
    },
    "2019-09-30": {
        "Diluted EPS": 0.48,
        "Total Revenue": NaN,
        "Gross Profit": 697,
        "Operating Income": 443,
        "EBIT": 699,
        "Net Income": 211
    },
    "2019-06-30": {
        "Diluted EPS": 1.24,
        "Total Revenue": NaN,
        "Gross Profit": 651,
        "Operating Income": 830,
        "EBIT": NaN,
        "Net Income": 538
    },
    "2019-03-31": {
        "Diluted EPS": 0.54,
        "Total Revenue": NaN,
        "Gross Profit": 743,
        "Operating Income": 491,
        "EBIT": 738,
        "Net Income": 234
    },
    "2018-12-31": {
        "Diluted EPS": 0.46,
        "Total Revenue": NaN,
        "Gross Profit": 676,
        "Operating Income": 435,
        "EBIT": 681,
        "Net Income": 196
    },
    "2018-09-30": {
        "Diluted EPS": 0.5,
        "Total Revenue": NaN,
        "Gross Profit": 696,
        "Operating Income": 456,
        "EBIT": 685,
        "Net Income": 211
    },
    "2018-06-30": {
        "Diluted EPS": 0.44,
        "Total Revenue": NaN,
        "Gross Profit": 687,
        "Operating Income": 448,
        "EBIT": 676,
        "Net Income": 186
    },
    "2018-03-31": {
        "Diluted EPS": 0.6,
        "Total Revenue": NaN,
        "Gross Profit": 724,
        "Operating Income": 485,
        "EBIT": 718,
        "Net Income": 256
    },
    "2017-12-31": {
        "Diluted EPS": 0.25,
        "Total Revenue": NaN,
        "Gross Profit": 712,
        "Operating Income": 480,
        "EBIT": 678,
        "Net Income": 108
    },
    "2017-09-30": {
        "Diluted EPS": 0.53,
        "Total Revenue": NaN,
        "Gross Profit": 733,
        "Operating Income": 502,
        "EBIT": 760,
        "Net Income": 222
    },
    "2017-06-30": {
        "Diluted EPS": 0.46,
        "Total Revenue": NaN,
        "Gross Profit": 684,
        "Operating Income": 463,
        "EBIT": 676,
        "Net Income": 191
    },
    "2017-03-31": {
        "Diluted EPS": 0.54,
        "Total Revenue": NaN,
        "Gross Profit": 709,
        "Operating Income": 484,
        "EBIT": 703,
        "Net Income": 222
    },
    "2016-12-31": {
        "Diluted EPS": 0.37,
        "Total Revenue": NaN,
        "Gross Profit": 564,
        "Operating Income": 351,
        "EBIT": 550,
        "Net Income": 143
    },
    "2016-09-30": {
        "Diluted EPS": 0.35,
        "Total Revenue": NaN,
        "Gross Profit": 450,
        "Operating Income": 270,
        "EBIT": 440,
        "Net Income": 97
    },
    "2016-06-30": {
        "Diluted EPS": 0.3,
        "Total Revenue": NaN,
        "Gross Profit": 421,
        "Operating Income": 241,
        "EBIT": 426,
        "Net Income": 83
    },
    "2016-03-31": {
        "Diluted EPS": 0.42,
        "Total Revenue": NaN,
        "Gross Profit": 428,
        "Operating Income": 257,
        "EBIT": 423,
        "Net Income": 118
    },
    "2015-12-31": {
        "Diluted EPS": 0.36,
        "Total Revenue": NaN,
        "Gross Profit": NaN,
        "Operating Income": NaN,
        "EBIT": NaN,
        "Net Income": 101
    },
    "2015-09-30": {
        "Diluted EPS": 0.41,
        "Total Revenue": NaN,
        "Gross Profit": NaN,
        "Operating Income": NaN,
        "EBIT": NaN,
        "Net Income": 116
    },
    "2023-09-30": {
        "Tax Effect Of Unusual Items": 1199255.121043,
        "Tax Rate For Calcs": 0.171322,
        "Normalized EBITDA": 1304000000.0,
        "Total Unusual Items": 7000000.0,
        "Total Unusual Items Excluding Goodwill": 7000000.0,
        "Net Income From Continuing Operation Net Minority Interest": 411000000.0,
        "Reconciled Depreciation": 443000000.0,
        "Reconciled Cost Of Revenue": 773000000.0,
        "EBITDA": 1311000000.0,
        "EBIT": 868000000.0,
        "Net Interest Income": -311000000.0,
        "Interest Expense": 331000000.0,
        "Interest Income": 20000000.0,
        "Normalized Income": 405199255.121043,
        "Net Income From Continuing And Discontinued Operation": 411000000.0,
        "Total Expenses": 1898000000.0,
        "Total Operating Income As Reported": 821000000.0,
        "Diluted Average Shares": 487700000.0,
        "Basic Average Shares": 487400000.0,
        "Diluted EPS": 0.81,
        "Basic EPS": 0.81,
        "Diluted NI Availto Com Stockholders": 394000000.0,
        "Average Dilution Earnings": 0.0,
        "Net Income Common Stockholders": 394000000.0,
        "Preferred Stock Dividends": 17000000.0,
        "Net Income": 411000000.0,
        "Minority Interests": -34000000.0,
        "Net Income Including Noncontrolling Interests": 445000000.0,
        "Net Income Continuous Operations": 445000000.0,
        "Tax Provision": 92000000.0,
        "Pretax Income": 537000000.0,
        "Other Income Expense": 27000000.0,
        "Other Non Operating Income Expenses": 20000000.0,
        "Special Income Charges": 25000000.0,
        "Other Special Charges": -25000000.0,
        "Earnings From Equity Interest": NaN,
        "Gain On Sale Of Security": -18000000.0,
        "Net Non Operating Interest Income Expense": -311000000.0,
        "Interest Expense Non Operating": 331000000.0,
        "Interest Income Non Operating": 20000000.0,
        "Operating Income": 821000000.0,
        "Operating Expense": 1125000000.0,
        "Other Operating Expenses": 682000000.0,
        "Depreciation Amortization Depletion Income Statement": 443000000.0,
        "Depreciation And Amortization In Income Statement": 443000000.0,
        "Gross Profit": 1946000000.0,
        "Cost Of Revenue": 773000000.0,
        "Total Revenue": 2719000000.0,
        "Operating Revenue": 2719000000.0
    },
    "2023-12-31": {
        "Tax Effect Of Unusual Items": -6444043.3213,
        "Tax Rate For Calcs": 0.214801,
        "Normalized EBITDA": 1374000000.0,
        "Total Unusual Items": -30000000.0,
        "Total Unusual Items Excluding Goodwill": -30000000.0,
        "Net Income From Continuing Operation Net Minority Interest": 398000000.0,
        "Reconciled Depreciation": 454000000.0,
        "Reconciled Cost Of Revenue": 899000000.0,
        "EBITDA": 1344000000.0,
        "EBIT": 890000000.0,
        "Net Interest Income": -314000000.0,
        "Interest Expense": 336000000.0,
        "Interest Income": 22000000.0,
        "Normalized Income": 421555956.6787,
        "Net Income From Continuing And Discontinued Operation": 398000000.0,
        "Total Expenses": 2106000000.0,
        "Total Operating Income As Reported": 779000000.0,
        "Diluted Average Shares": NaN,
        "Basic Average Shares": NaN,
        "Diluted EPS": NaN,
        "Basic EPS": NaN,
        "Diluted NI Availto Com Stockholders": 381000000.0,
        "Average Dilution Earnings": 0.0,
        "Net Income Common Stockholders": 381000000.0,
        "Preferred Stock Dividends": 17000000.0,
        "Net Income": 398000000.0,
        "Minority Interests": -37000000.0,
        "Net Income Including Noncontrolling Interests": 435000000.0,
        "Net Income Continuous Operations": 435000000.0,
        "Tax Provision": 119000000.0,
        "Pretax Income": 554000000.0,
        "Other Income Expense": 89000000.0,
        "Other Non Operating Income Expenses": 119000000.0,
        "Special Income Charges": -48000000.0,
        "Other Special Charges": -30000000.0,
        "Earnings From Equity Interest": NaN,
        "Gain On Sale Of Security": 18000000.0,
        "Net Non Operating Interest Income Expense": -314000000.0,
        "Interest Expense Non Operating": 336000000.0,
        "Interest Income Non Operating": 22000000.0,
        "Operating Income": 779000000.0,
        "Operating Expense": 1207000000.0,
        "Other Operating Expenses": 753000000.0,
        "Depreciation Amortization Depletion Income Statement": 454000000.0,
        "Depreciation And Amortization In Income Statement": 454000000.0,
        "Gross Profit": 1986000000.0,
        "Cost Of Revenue": 899000000.0,
        "Total Revenue": 2885000000.0,
        "Operating Revenue": 2531000000.0
    },
    "2024-03-31": {
        "Tax Effect Of Unusual Items": -823817.292007,
        "Tax Rate For Calcs": 0.164763,
        "Normalized EBITDA": 1421000000.0,
        "Total Unusual Items": -5000000.0,
        "Total Unusual Items Excluding Goodwill": -5000000.0,
        "Net Income From Continuing Operation Net Minority Interest": 477000000.0,
        "Reconciled Depreciation": 467000000.0,
        "Reconciled Cost Of Revenue": 1009000000.0,
        "EBITDA": 1416000000.0,
        "EBIT": 949000000.0,
        "Net Interest Income": -320000000.0,
        "Interest Expense": 336000000.0,
        "Interest Income": 16000000.0,
        "Normalized Income": 481176182.707993,
        "Net Income From Continuing And Discontinued Operation": 477000000.0,
        "Total Expenses": 2242000000.0,
        "Total Operating Income As Reported": 876000000.0,
        "Diluted Average Shares": 491800000.0,
        "Basic Average Shares": 491600000.0,
        "Diluted EPS": 0.93,
        "Basic EPS": 0.93,
        "Diluted NI Availto Com Stockholders": 459000000.0,
        "Average Dilution Earnings": 0.0,
        "Net Income Common Stockholders": 459000000.0,
        "Preferred Stock Dividends": 18000000.0,
        "Net Income": 477000000.0,
        "Minority Interests": -35000000.0,
        "Net Income Including Noncontrolling Interests": 512000000.0,
        "Net Income Continuous Operations": 512000000.0,
        "Tax Provision": 101000000.0,
        "Pretax Income": 613000000.0,
        "Other Income Expense": 57000000.0,
        "Other Non Operating Income Expenses": 57000000.0,
        "Special Income Charges": 30000000.0,
        "Other Special Charges": -30000000.0,
        "Earnings From Equity Interest": 5000000.0,
        "Gain On Sale Of Security": -5000000.0,
        "Net Non Operating Interest Income Expense": -320000000.0,
        "Interest Expense Non Operating": 336000000.0,
        "Interest Income Non Operating": 16000000.0,
        "Operating Income": 876000000.0,
        "Operating Expense": 1233000000.0,
        "Other Operating Expenses": 766000000.0,
        "Depreciation Amortization Depletion Income Statement": 467000000.0,
        "Depreciation And Amortization In Income Statement": 467000000.0,
        "Gross Profit": 2109000000.0,
        "Cost Of Revenue": 1009000000.0,
        "Total Revenue": 3118000000.0,
        "Operating Revenue": 3118000000.0
    },
    "2024-06-30": {
        "Tax Effect Of Unusual Items": -302631.578947,
        "Tax Rate For Calcs": 0.151316,
        "Normalized EBITDA": 1285000000.0,
        "Total Unusual Items": -2000000.0,
        "Total Unusual Items Excluding Goodwill": -2000000.0,
        "Net Income From Continuing Operation Net Minority Interest": 349000000.0,
        "Reconciled Depreciation": 480000000.0,
        "Reconciled Cost Of Revenue": 713000000.0,
        "EBITDA": 1283000000.0,
        "EBIT": 803000000.0,
        "Net Interest Income": -331000000.0,
        "Interest Expense": 347000000.0,
        "Interest Income": 16000000.0,
        "Normalized Income": 350697368.421053,
        "Net Income From Continuing And Discontinued Operation": 349000000.0,
        "Total Expenses": 1932000000.0,
        "Total Operating Income As Reported": 738000000.0,
        "Diluted Average Shares": 494200000.0,
        "Basic Average Shares": 494000000.0,
        "Diluted EPS": 0.67,
        "Basic EPS": 0.67,
        "Diluted NI Availto Com Stockholders": 331000000.0,
        "Average Dilution Earnings": 0.0,
        "Net Income Common Stockholders": 331000000.0,
        "Preferred Stock Dividends": 18000000.0,
        "Net Income": 349000000.0,
        "Minority Interests": -38000000.0,
        "Net Income Including Noncontrolling Interests": 387000000.0,
        "Net Income Continuous Operations": 387000000.0,
        "Tax Provision": 69000000.0,
        "Pretax Income": 456000000.0,
        "Other Income Expense": 49000000.0,
        "Other Non Operating Income Expenses": 51000000.0,
        "Special Income Charges": NaN,
        "Other Special Charges": NaN,
        "Earnings From Equity Interest": NaN,
        "Gain On Sale Of Security": -2000000.0,
        "Net Non Operating Interest Income Expense": -331000000.0,
        "Interest Expense Non Operating": 347000000.0,
        "Interest Income Non Operating": 16000000.0,
        "Operating Income": 738000000.0,
        "Operating Expense": 1219000000.0,
        "Other Operating Expenses": 739000000.0,
        "Depreciation Amortization Depletion Income Statement": 480000000.0,
        "Depreciation And Amortization In Income Statement": 480000000.0,
        "Gross Profit": 1957000000.0,
        "Cost Of Revenue": 713000000.0,
        "Total Revenue": 2670000000.0,
        "Operating Revenue": 2670000000.0
    },
    "2024-09-30": {
        "Tax Effect Of Unusual Items": 9616755.793226,
        "Tax Rate For Calcs": 0.14795,
        "Normalized EBITDA": 1331000000.0,
        "Total Unusual Items": 65000000.0,
        "Total Unusual Items Excluding Goodwill": 65000000.0,
        "Net Income From Continuing Operation Net Minority Interest": 439000000.0,
        "Reconciled Depreciation": 480000000.0,
        "Reconciled Cost Of Revenue": 737000000.0,
        "EBITDA": 1396000000.0,
        "EBIT": 916000000.0,
        "Net Interest Income": -338000000.0,
        "Interest Expense": 355000000.0,
        "Interest Income": 17000000.0,
        "Normalized Income": 383616755.793226,
        "Net Income From Continuing And Discontinued Operation": 439000000.0,
        "Total Expenses": 1957000000.0,
        "Total Operating Income As Reported": 814000000.0,
        "Diluted Average Shares": 496400000.0,
        "Basic Average Shares": 496200000.0,
        "Diluted EPS": 0.85,
        "Basic EPS": 0.85,
        "Diluted NI Availto Com Stockholders": 420000000.0,
        "Average Dilution Earnings": 0.0,
        "Net Income Common Stockholders": 420000000.0,
        "Preferred Stock Dividends": 19000000.0,
        "Net Income": 439000000.0,
        "Minority Interests": -39000000.0,
        "Net Income Including Noncontrolling Interests": 478000000.0,
        "Net Income Continuous Operations": 478000000.0,
        "Tax Provision": 83000000.0,
        "Pretax Income": 561000000.0,
        "Other Income Expense": 85000000.0,
        "Other Non Operating Income Expenses": 19000000.0,
        "Special Income Charges": 37000000.0,
        "Other Special Charges": -37000000.0,
        "Earnings From Equity Interest": 1000000.0,
        "Gain On Sale Of Security": 28000000.0,
        "Net Non Operating Interest Income Expense": -338000000.0,
        "Interest Expense Non Operating": 355000000.0,
        "Interest Income Non Operating": 17000000.0,
        "Operating Income": 814000000.0,
        "Operating Expense": 1220000000.0,
        "Other Operating Expenses": 740000000.0,
        "Depreciation Amortization Depletion Income Statement": 480000000.0,
        "Depreciation And Amortization In Income Statement": 480000000.0,
        "Gross Profit": 2034000000.0,
        "Cost Of Revenue": 737000000.0,
        "Total Revenue": 2771000000.0,
        "Operating Revenue": 2771000000.0
    }
}