{
    "2023-06-30": {
        "Tax Effect Of Unusual Items": 0.0,
        "Tax Rate For Calcs": 0.165335,
        "Normalized EBITDA": 397000000.0,
        "Total Unusual Items": 0.0,
        "Total Unusual Items Excluding Goodwill": 0.0,
        "Net Income From Continuing Operation Net Minority Interest": 209000000.0,
        "Reconciled Depreciation": 113500000.0,
        "Reconciled Cost Of Revenue": 621000000.0,
        "EBITDA": 397000000.0,
        "EBIT": 283500000.0,
        "Net Interest Income": -33100000.0,
        "Interest Expense": 33100000.0,
        "Normalized Income": 209000000.0,
        "Net Income From Continuing And Discontinued Operation": 209000000.0,
        "Total Expenses": 1235100000.0,
        "Total Operating Income As Reported": 291300000.0,
        "Diluted Average Shares": 355500000.0,
        "Basic Average Shares": 353000000.0,
        "Diluted EPS": 0.59,
        "Basic EPS": 0.59,
        "Diluted NI Availto Com Stockholders": 209000000.0,
        "Average Dilution Earnings": NaN,
        "Net Income Common Stockholders": 209000000.0,
        "Net Income": 209000000.0,
        "Net Income Including Noncontrolling Interests": 209000000.0,
        "Net Income Discontinuous Operations": NaN,
        "Net Income Continuous Operations": 209000000.0,
        "Tax Provision": 41400000.0,
        "Pretax Income": 250400000.0,
        "Other Income Expense": -7800000.0,
        "Other Non Operating Income Expenses": -7800000.0,
        "Special Income Charges": 0.0,
        "Gain On Sale Of Ppe": 0.0,
        "Gain On Sale Of Business": 0.0,
        "Other Special Charges": NaN,
        "Net Non Operating Interest Income Expense": -33100000.0,
        "Total Other Finance Cost": 33100000.0,
        "Interest Expense Non Operating": 33100000.0,
        "Operating Income": 291300000.0,
        "Operating Expense": 614100000.0,
        "Research And Development": 100100000.0,
        "Selling General And Administration": 514000000.0,
        "Gross Profit": 905400000.0,
        "Cost Of Revenue": 621000000.0,
        "Total Revenue": 1526400000.0,
        "Operating Revenue": 1526400000.0
    },
    "2023-03-31": {
        "Tax Effect Of Unusual Items": NaN,
        "Tax Rate For Calcs": NaN,
        "Normalized EBITDA": NaN,
        "Total Unusual Items": NaN,
        "Total Unusual Items Excluding Goodwill": NaN,
        "Net Income From Continuing Operation Net Minority Interest": NaN,
        "Reconciled Depreciation": NaN,
        "Reconciled Cost Of Revenue": NaN,
        "EBITDA": NaN,
        "EBIT": NaN,
        "Net Interest Income": NaN,
        "Interest Expense": NaN,
        "Normalized Income": NaN,
        "Net Income From Continuing And Discontinued Operation": NaN,
        "Total Expenses": NaN,
        "Total Operating Income As Reported": NaN,
        "Diluted Average Shares": NaN,
        "Basic Average Shares": NaN,
        "Diluted EPS": NaN,
        "Basic EPS": NaN,
        "Diluted NI Availto Com Stockholders": NaN,
        "Average Dilution Earnings": 0.0,
        "Net Income Common Stockholders": NaN,
        "Net Income": NaN,
        "Net Income Including Noncontrolling Interests": NaN,
        "Net Income Discontinuous Operations": NaN,
        "Net Income Continuous Operations": NaN,
        "Tax Provision": NaN,
        "Pretax Income": NaN,
        "Other Income Expense": NaN,
        "Other Non Operating Income Expenses": NaN,
        "Special Income Charges": NaN,
        "Gain On Sale Of Ppe": 0.0,
        "Gain On Sale Of Business": NaN,
        "Other Special Charges": NaN,
        "Net Non Operating Interest Income Expense": NaN,
        "Total Other Finance Cost": NaN,
        "Interest Expense Non Operating": NaN,
        "Operating Income": NaN,
        "Operating Expense": NaN,
        "Research And Development": NaN,
        "Selling General And Administration": NaN,
        "Gross Profit": NaN,
        "Cost Of Revenue": NaN,
        "Total Revenue": NaN,
        "Operating Revenue": NaN
    },
    "2022-12-31": {
        "Tax Effect Of Unusual Items": NaN,
        "Tax Rate For Calcs": NaN,
        "Normalized EBITDA": NaN,
        "Total Unusual Items": NaN,
        "Total Unusual Items Excluding Goodwill": NaN,
        "Net Income From Continuing Operation Net Minority Interest": NaN,
        "Reconciled Depreciation": NaN,
        "Reconciled Cost Of Revenue": NaN,
        "EBITDA": NaN,
        "EBIT": NaN,
        "Net Interest Income": NaN,
        "Interest Expense": NaN,
        "Normalized Income": NaN,
        "Net Income From Continuing And Discontinued Operation": NaN,
        "Total Expenses": NaN,
        "Total Operating Income As Reported": NaN,
        "Diluted Average Shares": NaN,
        "Basic Average Shares": NaN,
        "Diluted EPS": NaN,
        "Basic EPS": NaN,
        "Diluted NI Availto Com Stockholders": NaN,
        "Average Dilution Earnings": NaN,
        "Net Income Common Stockholders": NaN,
        "Net Income": NaN,
        "Net Income Including Noncontrolling Interests": NaN,
        "Net Income Discontinuous Operations": 0.0,
        "Net Income Continuous Operations": NaN,
        "Tax Provision": NaN,
        "Pretax Income": NaN,
        "Other Income Expense": NaN,
        "Other Non Operating Income Expenses": NaN,
        "Special Income Charges": NaN,
        "Gain On Sale Of Ppe": NaN,
        "Gain On Sale Of Business": -600000.0,
        "Other Special Charges": 600000.0,
        "Net Non Operating Interest Income Expense": NaN,
        "Total Other Finance Cost": NaN,
        "Interest Expense Non Operating": NaN,
        "Operating Income": NaN,
        "Operating Expense": NaN,
        "Research And Development": NaN,
        "Selling General And Administration": NaN,
        "Gross Profit": NaN,
        "Cost Of Revenue": NaN,
        "Total Revenue": NaN,
        "Operating Revenue": NaN
    },
    "2022-09-30": {
        "Tax Effect Of Unusual Items": NaN,
        "Tax Rate For Calcs": NaN,
        "Normalized EBITDA": NaN,
        "Total Unusual Items": NaN,
        "Total Unusual Items Excluding Goodwill": NaN,
        "Net Income From Continuing Operation Net Minority Interest": NaN,
        "Reconciled Depreciation": NaN,
        "Reconciled Cost Of Revenue": NaN,
        "EBITDA": NaN,
        "EBIT": NaN,
        "Net Interest Income": NaN,
        "Interest Expense": NaN,
        "Normalized Income": NaN,
        "Net Income From Continuing And Discontinued Operation": NaN,
        "Total Expenses": NaN,
        "Total Operating Income As Reported": NaN,
        "Diluted Average Shares": NaN,
        "Basic Average Shares": NaN,
        "Diluted EPS": NaN,
        "Basic EPS": NaN,
        "Diluted NI Availto Com Stockholders": NaN,
        "Average Dilution Earnings": 0.0,
        "Net Income Common Stockholders": NaN,
        "Net Income": NaN,
        "Net Income Including Noncontrolling Interests": NaN,
        "Net Income Discontinuous Operations": 0.0,
        "Net Income Continuous Operations": NaN,
        "Tax Provision": NaN,
        "Pretax Income": NaN,
        "Other Income Expense": NaN,
        "Other Non Operating Income Expenses": NaN,
        "Special Income Charges": NaN,
        "Gain On Sale Of Ppe": NaN,
        "Gain On Sale Of Business": -1100000.0,
        "Other Special Charges": 1100000.0,
        "Net Non Operating Interest Income Expense": NaN,
        "Total Other Finance Cost": NaN,
        "Interest Expense Non Operating": NaN,
        "Operating Income": NaN,
        "Operating Expense": NaN,
        "Research And Development": NaN,
        "Selling General And Administration": NaN,
        "Gross Profit": NaN,
        "Cost Of Revenue": NaN,
        "Total Revenue": NaN,
        "Operating Revenue": NaN
    },
    "2022-06-30": {
        "Tax Effect Of Unusual Items": -2737800.0,
        "Tax Rate For Calcs": 0.169,
        "Normalized EBITDA": 361600000.0,
        "Total Unusual Items": -16200000.0,
        "Total Unusual Items Excluding Goodwill": -16200000.0,
        "Net Income From Continuing Operation Net Minority Interest": 173000000.0,
        "Reconciled Depreciation": 116200000.0,
        "Reconciled Cost Of Revenue": 629800000.0,
        "EBITDA": 345400000.0,
        "EBIT": 229200000.0,
        "Net Interest Income": -21000000.0,
        "Interest Expense": 21000000.0,
        "Normalized Income": 186462200.0,
        "Net Income From Continuing And Discontinued Operation": 173000000.0,
        "Total Expenses": 1214800000.0,
        "Total Operating Income As Reported": 232300000.0,
        "Diluted Average Shares": 359800000.0,
        "Basic Average Shares": 357400000.0,
        "Diluted EPS": 0.48,
        "Basic EPS": 0.48,
        "Diluted NI Availto Com Stockholders": 173000000.0,
        "Average Dilution Earnings": NaN,
        "Net Income Common Stockholders": 173000000.0,
        "Net Income": 173000000.0,
        "Net Income Including Noncontrolling Interests": 173000000.0,
        "Net Income Discontinuous Operations": 0.0,
        "Net Income Continuous Operations": 173000000.0,
        "Tax Provision": 35200000.0,
        "Pretax Income": 208200000.0,
        "Other Income Expense": -19300000.0,
        "Other Non Operating Income Expenses": -3100000.0,
        "Special Income Charges": -16200000.0,
        "Other Special Charges": 16200000.0,
        "Net Non Operating Interest Income Expense": -21000000.0,
        "Total Other Finance Cost": NaN,
        "Interest Expense Non Operating": 21000000.0,
        "Operating Income": 248500000.0,
        "Operating Expense": 585000000.0,
        "Research And Development": 100100000.0,
        "Selling General And Administration": 484900000.0,
        "Gross Profit": 833500000.0,
        "Cost Of Revenue": 629800000.0,
        "Total Revenue": 1463300000.0,
        "Operating Revenue": 1463300000.0
    },
    "2022-03-31": {
        "Diluted EPS": 0.45,
        "Total Revenue": NaN,
        "Gross Profit": 792,
        "Operating Income": 212,
        "EBIT": 330,
        "Net Income": 165
    },
    "2021-12-31": {
        "Diluted EPS": 0.46,
        "Total Revenue": NaN,
        "Gross Profit": 794,
        "Operating Income": 202,
        "EBIT": 306,
        "Net Income": 165
    },
    "2021-09-30": {
        "Diluted EPS": 0.42,
        "Total Revenue": NaN,
        "Gross Profit": 746,
        "Operating Income": 202,
        "EBIT": 301,
        "Net Income": 152
    },
    "2021-06-30": {
        "Diluted EPS": 0.48,
        "Total Revenue": NaN,
        "Gross Profit": 756,
        "Operating Income": 211,
        "EBIT": 307,
        "Net Income": 164
    },
    "2021-03-31": {
        "Diluted EPS": 0.27,
        "Total Revenue": NaN,
        "Gross Profit": 712,
        "Operating Income": 198,
        "EBIT": 295,
        "Net Income": 93
    },
    "2020-12-31": {
        "Diluted EPS": 3.37,
        "Total Revenue": NaN,
        "Gross Profit": 762,
        "Operating Income": 184,
        "EBIT": 275,
        "Net Income": NaN
    },
    "2020-09-30": {
        "Diluted EPS": 0.61,
        "Total Revenue": NaN,
        "Gross Profit": 652,
        "Operating Income": 138,
        "EBIT": 233,
        "Net Income": 209
    },
    "2020-06-30": {
        "Diluted EPS": 0.33,
        "Total Revenue": NaN,
        "Gross Profit": 583,
        "Operating Income": 103,
        "EBIT": 202,
        "Net Income": 113
    },
    "2020-03-31": {
        "Diluted EPS": 0.07,
        "Total Revenue": NaN,
        "Gross Profit": 612,
        "Operating Income": 115,
        "EBIT": 214,
        "Net Income": 25
    },
    "2019-12-31": {
        "Diluted EPS": 0.52,
        "Total Revenue": NaN,
        "Gross Profit": 707,
        "Operating Income": 140,
        "EBIT": 172,
        "Net Income": 176
    },
    "2019-09-30": {
        "Diluted EPS": 0.56,
        "Total Revenue": NaN,
        "Gross Profit": 928,
        "Operating Income": 242,
        "EBIT": 359,
        "Net Income": 190
    },
    "2019-06-30": {
        "Diluted EPS": 0.46,
        "Total Revenue": NaN,
        "Gross Profit": 904,
        "Operating Income": 250,
        "EBIT": 360,
        "Net Income": 157
    },
    "2019-03-31": {
        "Diluted EPS": 0.43,
        "Total Revenue": NaN,
        "Gross Profit": 813,
        "Operating Income": 217,
        "EBIT": 299,
        "Net Income": 147
    },
    "2018-12-31": {
        "Diluted EPS": 6.17,
        "Total Revenue": NaN,
        "Gross Profit": 898,
        "Operating Income": 295,
        "EBIT": 297,
        "Net Income": NaN
    },
    "2018-09-30": {
        "Diluted EPS": 0.64,
        "Total Revenue": NaN,
        "Gross Profit": 826,
        "Operating Income": 282,
        "EBIT": 344,
        "Net Income": 228
    },
    "2018-06-30": {
        "Diluted EPS": 0.83,
        "Total Revenue": NaN,
        "Gross Profit": 831,
        "Operating Income": 324,
        "EBIT": 379,
        "Net Income": 295
    },
    "2018-03-31": {
        "Diluted EPS": 0.74,
        "Total Revenue": NaN,
        "Gross Profit": 766,
        "Operating Income": 278,
        "EBIT": 334,
        "Net Income": 261
    },
    "2017-12-31": {
        "Diluted EPS": 0.95,
        "Total Revenue": 907,
        "Gross Profit": 533,
        "Operating Income": 142,
        "EBIT": 189,
        "Net Income": 337
    },
    "2017-09-30": {
        "Diluted EPS": 0.76,
        "Total Revenue": NaN,
        "Gross Profit": 839,
        "Operating Income": 357,
        "EBIT": 397,
        "Net Income": 268
    },
    "2017-06-30": {
        "Diluted EPS": 0.68,
        "Total Revenue": NaN,
        "Gross Profit": 805,
        "Operating Income": 349,
        "EBIT": 386,
        "Net Income": 240
    },
    "2017-03-31": {
        "Diluted EPS": 0.57,
        "Total Revenue": NaN,
        "Gross Profit": 744,
        "Operating Income": 296,
        "EBIT": 332,
        "Net Income": 200
    },
    "2016-12-31": {
        "Diluted EPS": 0.64,
        "Total Revenue": 781,
        "Gross Profit": 449,
        "Operating Income": 153,
        "EBIT": 182,
        "Net Income": 225
    },
    "2016-09-30": {
        "Diluted EPS": 0.65,
        "Total Revenue": NaN,
        "Gross Profit": 773,
        "Operating Income": 323,
        "EBIT": 372,
        "Net Income": 227
    },
    "2016-06-30": {
        "Diluted EPS": 0.69,
        "Total Revenue": NaN,
        "Gross Profit": 768,
        "Operating Income": 322,
        "EBIT": 367,
        "Net Income": 239
    },
    "2016-03-31": {
        "Diluted EPS": 0.53,
        "Total Revenue": NaN,
        "Gross Profit": 695,
        "Operating Income": 263,
        "EBIT": 307,
        "Net Income": 182
    },
    "2015-12-31": {
        "Diluted EPS": 0.68,
        "Total Revenue": NaN,
        "Gross Profit": 757,
        "Operating Income": 338,
        "EBIT": 383,
        "Net Income": 236
    },
    "2015-09-30": {
        "Diluted EPS": 0.57,
        "Total Revenue": NaN,
        "Gross Profit": 747,
        "Operating Income": 302,
        "EBIT": 357,
        "Net Income": 197
    },
    "2015-06-30": {
        "Diluted EPS": 0.66,
        "Total Revenue": NaN,
        "Gross Profit": 765,
        "Operating Income": 336,
        "EBIT": 381,
        "Net Income": 227
    },
    "2015-03-31": {
        "Diluted EPS": 0.0,
        "Total Revenue": NaN,
        "Gross Profit": 731,
        "Operating Income": 294,
        "EBIT": 338,
        "Net Income": 204
    },
    "2014-12-31": {
        "Diluted EPS": 0.0,
        "Total Revenue": NaN,
        "Gross Profit": NaN,
        "Operating Income": NaN,
        "EBIT": NaN,
        "Net Income": NaN
    },
    "2013-12-31": {
        "Diluted EPS": 0.0,
        "Total Revenue": NaN,
        "Gross Profit": NaN,
        "Operating Income": NaN,
        "EBIT": NaN,
        "Net Income": NaN
    },
    "2012-12-31": {
        "Diluted EPS": 0.0,
        "Total Revenue": NaN,
        "Gross Profit": NaN,
        "Operating Income": NaN,
        "EBIT": NaN,
        "Net Income": NaN
    },
    "2023-09-30": {
        "Tax Effect Of Unusual Items": 0.0,
        "Tax Rate For Calcs": 0.152,
        "Normalized EBITDA": 401700000.0,
        "Total Unusual Items": 0.0,
        "Total Unusual Items Excluding Goodwill": 0.0,
        "Net Income From Continuing Operation Net Minority Interest": 218000000.0,
        "Reconciled Depreciation": 114800000.0,
        "Reconciled Cost Of Revenue": 601500000.0,
        "EBITDA": 401700000.0,
        "EBIT": 286900000.0,
        "Net Interest Income": -29800000.0,
        "Interest Expense": 29800000.0,
        "Normalized Income": 218000000.0,
        "Net Income From Continuing And Discontinued Operation": 218000000.0,
        "Total Expenses": 1203400000.0,
        "Total Operating Income As Reported": 291100000.0,
        "Diluted Average Shares": 356100000.0,
        "Basic Average Shares": 352100000.0,
        "Diluted EPS": 0.61,
        "Basic EPS": 0.62,
        "Diluted NI Availto Com Stockholders": 218000000.0,
        "Average Dilution Earnings": 0.0,
        "Net Income Common Stockholders": 218000000.0,
        "Net Income": 218000000.0,
        "Net Income Including Noncontrolling Interests": 218000000.0,
        "Net Income Discontinuous Operations": NaN,
        "Net Income Continuous Operations": 218000000.0,
        "Tax Provision": 39100000.0,
        "Pretax Income": 257100000.0,
        "Other Income Expense": -4200000.0,
        "Other Non Operating Income Expenses": -4200000.0,
        "Special Income Charges": 0.0,
        "Gain On Sale Of Ppe": NaN,
        "Gain On Sale Of Business": 0.0,
        "Other Special Charges": NaN,
        "Net Non Operating Interest Income Expense": -29800000.0,
        "Total Other Finance Cost": NaN,
        "Interest Expense Non Operating": 29800000.0,
        "Operating Income": 291100000.0,
        "Operating Expense": 601900000.0,
        "Research And Development": 98400000.0,
        "Selling General And Administration": 503500000.0,
        "Gross Profit": 893000000.0,
        "Cost Of Revenue": 601500000.0,
        "Total Revenue": 1494500000.0,
        "Operating Revenue": 1494500000.0
    },
    "2023-12-31": {
        "Tax Effect Of Unusual Items": 0.0,
        "Tax Rate For Calcs": 0.044324,
        "Normalized EBITDA": 421700000.0,
        "Total Unusual Items": 0.0,
        "Total Unusual Items Excluding Goodwill": 0.0,
        "Net Income From Continuing Operation Net Minority Interest": 265200000.0,
        "Reconciled Depreciation": 115700000.0,
        "Reconciled Cost Of Revenue": 636200000.0,
        "EBITDA": 421700000.0,
        "EBIT": 306000000.0,
        "Net Interest Income": -28500000.0,
        "Interest Expense": 28500000.0,
        "Normalized Income": 265200000.0,
        "Net Income From Continuing And Discontinued Operation": 265200000.0,
        "Total Expenses": 1272800000.0,
        "Total Operating Income As Reported": 310900000.0,
        "Diluted Average Shares": 354500000.0,
        "Basic Average Shares": 351300000.0,
        "Diluted EPS": 0.75,
        "Basic EPS": 0.75,
        "Diluted NI Availto Com Stockholders": 265200000.0,
        "Average Dilution Earnings": 0.0,
        "Net Income Common Stockholders": 265200000.0,
        "Net Income": 265200000.0,
        "Net Income Including Noncontrolling Interests": 265200000.0,
        "Net Income Discontinuous Operations": NaN,
        "Net Income Continuous Operations": 265200000.0,
        "Tax Provision": 12300000.0,
        "Pretax Income": 277500000.0,
        "Other Income Expense": -4900000.0,
        "Other Non Operating Income Expenses": -4900000.0,
        "Special Income Charges": 0.0,
        "Gain On Sale Of Ppe": NaN,
        "Gain On Sale Of Business": NaN,
        "Other Special Charges": NaN,
        "Net Non Operating Interest Income Expense": -28500000.0,
        "Total Other Finance Cost": NaN,
        "Interest Expense Non Operating": 28500000.0,
        "Operating Income": 310900000.0,
        "Operating Expense": 636600000.0,
        "Research And Development": 99200000.0,
        "Selling General And Administration": 537400000.0,
        "Gross Profit": 947500000.0,
        "Cost Of Revenue": 636200000.0,
        "Total Revenue": 1583700000.0,
        "Operating Revenue": 1583700000.0
    },
    "2024-03-31": {
        "Tax Effect Of Unusual Items": 7193400.0,
        "Tax Rate For Calcs": 0.114,
        "Normalized EBITDA": 351700000.0,
        "Total Unusual Items": 63100000.0,
        "Total Unusual Items Excluding Goodwill": 63100000.0,
        "Net Income From Continuing Operation Net Minority Interest": 207400000.0,
        "Reconciled Depreciation": 136800000.0,
        "Reconciled Cost Of Revenue": 620300000.0,
        "EBITDA": 414800000.0,
        "EBIT": 278000000.0,
        "Net Interest Income": -44000000.0,
        "Interest Expense": 44000000.0,
        "Normalized Income": 151493400.0,
        "Net Income From Continuing And Discontinued Operation": 207400000.0,
        "Total Expenses": 1285400000.0,
        "Total Operating Income As Reported": 302200000.0,
        "Diluted Average Shares": 356000000.0,
        "Basic Average Shares": 351700000.0,
        "Diluted EPS": 0.58,
        "Basic EPS": 0.59,
        "Diluted NI Availto Com Stockholders": 207400000.0,
        "Average Dilution Earnings": NaN,
        "Net Income Common Stockholders": 207400000.0,
        "Net Income": 207400000.0,
        "Net Income Including Noncontrolling Interests": 207400000.0,
        "Net Income Discontinuous Operations": NaN,
        "Net Income Continuous Operations": 207400000.0,
        "Tax Provision": 26600000.0,
        "Pretax Income": 234000000.0,
        "Other Income Expense": 38900000.0,
        "Other Non Operating Income Expenses": -24200000.0,
        "Special Income Charges": 63100000.0,
        "Gain On Sale Of Ppe": 63100000.0,
        "Gain On Sale Of Business": NaN,
        "Other Special Charges": NaN,
        "Net Non Operating Interest Income Expense": -44000000.0,
        "Total Other Finance Cost": NaN,
        "Interest Expense Non Operating": 44000000.0,
        "Operating Income": 239100000.0,
        "Operating Expense": 665100000.0,
        "Research And Development": 104100000.0,
        "Selling General And Administration": 561000000.0,
        "Gross Profit": 904200000.0,
        "Cost Of Revenue": 620300000.0,
        "Total Revenue": 1524500000.0,
        "Operating Revenue": 1524500000.0
    },
    "2024-06-30": {
        "Tax Effect Of Unusual Items": -3761084.390031,
        "Tax Rate For Calcs": 0.146917,
        "Normalized EBITDA": 429500000.0,
        "Total Unusual Items": -25600000.0,
        "Total Unusual Items Excluding Goodwill": -25600000.0,
        "Net Income From Continuing Operation Net Minority Interest": 195100000.0,
        "Reconciled Depreciation": 136500000.0,
        "Reconciled Cost Of Revenue": 624100000.0,
        "EBITDA": 403900000.0,
        "EBIT": 267400000.0,
        "Net Interest Income": -38700000.0,
        "Interest Expense": 38700000.0,
        "Normalized Income": 216938915.609969,
        "Net Income From Continuing And Discontinued Operation": 195100000.0,
        "Total Expenses": 1250600000.0,
        "Total Operating Income As Reported": 301800000.0,
        "Diluted Average Shares": 354800000.0,
        "Basic Average Shares": 351300000.0,
        "Diluted EPS": 0.55,
        "Basic EPS": 0.56,
        "Diluted NI Availto Com Stockholders": 195100000.0,
        "Average Dilution Earnings": NaN,
        "Net Income Common Stockholders": 195100000.0,
        "Net Income": 195100000.0,
        "Net Income Including Noncontrolling Interests": 195100000.0,
        "Net Income Discontinuous Operations": NaN,
        "Net Income Continuous Operations": 195100000.0,
        "Tax Provision": 33600000.0,
        "Pretax Income": 228700000.0,
        "Other Income Expense": -34400000.0,
        "Other Non Operating Income Expenses": -8800000.0,
        "Special Income Charges": -25600000.0,
        "Gain On Sale Of Ppe": 0.0,
        "Gain On Sale Of Business": -25600000.0,
        "Other Special Charges": NaN,
        "Net Non Operating Interest Income Expense": -38700000.0,
        "Total Other Finance Cost": NaN,
        "Interest Expense Non Operating": 38700000.0,
        "Operating Income": 301800000.0,
        "Operating Expense": 626500000.0,
        "Research And Development": 101100000.0,
        "Selling General And Administration": 525400000.0,
        "Gross Profit": 928300000.0,
        "Cost Of Revenue": 624100000.0,
        "Total Revenue": 1552400000.0,
        "Operating Revenue": 1552400000.0
    }
}