{
    "2023-03-31": {
        "Tax Effect Of Unusual Items": 0.0,
        "Tax Rate For Calcs": 0.001366,
        "Normalized EBITDA": -72095000.0,
        "Total Unusual Items": NaN,
        "Total Unusual Items Excluding Goodwill": NaN,
        "Net Income From Continuing Operation Net Minority Interest": -83357000.0,
        "Reconciled Depreciation": 9509000.0,
        "Reconciled Cost Of Revenue": 320475000.0,
        "EBITDA": -72095000.0,
        "EBIT": -81604000.0,
        "Net Interest Income": -1878000.0,
        "Interest Expense": 1878000.0,
        "Normalized Income": -83357000.0,
        "Net Income From Continuing And Discontinued Operation": -83613000.0,
        "Total Expenses": 405834000.0,
        "Total Operating Income As Reported": -81460000.0,
        "Diluted Average Shares": 225461595.0,
        "Basic Average Shares": 225461595.0,
        "Diluted EPS": -0.37,
        "Basic EPS": -0.37,
        "Diluted NI Availto Com Stockholders": -83613000.0,
        "Net Income Common Stockholders": -83613000.0,
        "Net Income": -83613000.0,
        "Minority Interests": 11000.0,
        "Net Income Including Noncontrolling Interests": -83624000.0,
        "Net Income Discontinuous Operations": -256000.0,
        "Net Income Continuous Operations": -83368000.0,
        "Tax Provision": -114000.0,
        "Pretax Income": -83482000.0,
        "Other Income Expense": -144000.0,
        "Other Non Operating Income Expenses": -144000.0,
        "Special Income Charges": NaN,
        "Impairment Of Capital Assets": NaN,
        "Gain On Sale Of Security": NaN,
        "Net Non Operating Interest Income Expense": -1878000.0,
        "Interest Expense Non Operating": 1878000.0,
        "Operating Income": -81460000.0,
        "Operating Expense": 84692000.0,
        "Depreciation Amortization Depletion Income Statement": 8842000.0,
        "Depreciation And Amortization In Income Statement": 8842000.0,
        "Research And Development": 18227000.0,
        "Selling General And Administration": 57623000.0,
        "Selling And Marketing Expense": 42946000.0,
        "General And Administrative Expense": 14677000.0,
        "Other Gand A": 14677000.0,
        "Salaries And Wages": NaN,
        "Gross Profit": 3232000.0,
        "Cost Of Revenue": 321142000.0,
        "Total Revenue": 324374000.0,
        "Operating Revenue": 323596000.0
    },
    "2022-12-31": {
        "Tax Effect Of Unusual Items": 0.0,
        "Tax Rate For Calcs": 0.005351,
        "Normalized EBITDA": -85220000.0,
        "Total Unusual Items": 46136000.0,
        "Total Unusual Items Excluding Goodwill": 46136000.0,
        "Net Income From Continuing Operation Net Minority Interest": -95814000.0,
        "Reconciled Depreciation": 5402000.0,
        "Reconciled Cost Of Revenue": 319858000.0,
        "EBITDA": -85220000.0,
        "EBIT": -93777000.0,
        "Net Interest Income": -2654000.0,
        "Interest Expense": 2654000.0,
        "Normalized Income": -95814000.0,
        "Net Income From Continuing And Discontinued Operation": -151981000.0,
        "Total Expenses": 413216000.0,
        "Total Operating Income As Reported": -93901000.0,
        "Diluted Average Shares": 200129461.0,
        "Basic Average Shares": 200129461.0,
        "Diluted EPS": -0.76,
        "Basic EPS": -0.76,
        "Diluted NI Availto Com Stockholders": -151981000.0,
        "Net Income Common Stockholders": -151981000.0,
        "Net Income": -151981000.0,
        "Minority Interests": 101000.0,
        "Net Income Including Noncontrolling Interests": -152082000.0,
        "Net Income Discontinuous Operations": -56167000.0,
        "Net Income Continuous Operations": -95915000.0,
        "Tax Provision": -516000.0,
        "Pretax Income": -96431000.0,
        "Other Income Expense": 124000.0,
        "Other Non Operating Income Expenses": 124000.0,
        "Special Income Charges": 46136000.0,
        "Impairment Of Capital Assets": -46136000.0,
        "Gain On Sale Of Security": 0.0,
        "Net Non Operating Interest Income Expense": -2654000.0,
        "Interest Expense Non Operating": 2654000.0,
        "Operating Income": -93901000.0,
        "Operating Expense": 96513000.0,
        "Depreciation Amortization Depletion Income Statement": 8557000.0,
        "Depreciation And Amortization In Income Statement": 8557000.0,
        "Research And Development": 14905000.0,
        "Selling General And Administration": 73051000.0,
        "Selling And Marketing Expense": 57615000.0,
        "General And Administrative Expense": 15436000.0,
        "Other Gand A": 15436000.0,
        "Salaries And Wages": NaN,
        "Gross Profit": 2612000.0,
        "Cost Of Revenue": 316703000.0,
        "Total Revenue": 319315000.0,
        "Operating Revenue": 318717000.0
    },
    "2022-09-30": {
        "Tax Effect Of Unusual Items": -90754.535125,
        "Tax Rate For Calcs": 0.00256,
        "Normalized EBITDA": -103811000.0,
        "Total Unusual Items": -35454000.0,
        "Total Unusual Items Excluding Goodwill": -35454000.0,
        "Net Income From Continuing Operation Net Minority Interest": -152648000.0,
        "Reconciled Depreciation": 10456000.0,
        "Reconciled Cost Of Revenue": 229139000.0,
        "EBITDA": -139265000.0,
        "EBIT": -149721000.0,
        "Net Interest Income": -3417000.0,
        "Interest Expense": 3417000.0,
        "Normalized Income": -117284754.535125,
        "Net Income From Continuing And Discontinued Operation": -152648000.0,
        "Total Expenses": 339688000.0,
        "Total Operating Income As Reported": -150329000.0,
        "Diluted Average Shares": 186750504.0,
        "Basic Average Shares": 186750504.0,
        "Diluted EPS": -0.82,
        "Basic EPS": -0.82,
        "Diluted NI Availto Com Stockholders": -152648000.0,
        "Net Income Common Stockholders": -152648000.0,
        "Net Income": -152648000.0,
        "Minority Interests": 98000.0,
        "Net Income Including Noncontrolling Interests": -152746000.0,
        "Net Income Discontinuous Operations": NaN,
        "Net Income Continuous Operations": -152746000.0,
        "Tax Provision": -392000.0,
        "Pretax Income": -153138000.0,
        "Other Income Expense": -34846000.0,
        "Other Non Operating Income Expenses": 608000.0,
        "Special Income Charges": -35454000.0,
        "Impairment Of Capital Assets": 35454000.0,
        "Gain On Sale Of Security": NaN,
        "Net Non Operating Interest Income Expense": -3417000.0,
        "Interest Expense Non Operating": 3417000.0,
        "Operating Income": -114875000.0,
        "Operating Expense": 108614000.0,
        "Depreciation Amortization Depletion Income Statement": 8521000.0,
        "Depreciation And Amortization In Income Statement": 8521000.0,
        "Research And Development": 20129000.0,
        "Selling General And Administration": 79964000.0,
        "Selling And Marketing Expense": 57975000.0,
        "General And Administrative Expense": 21989000.0,
        "Other Gand A": 21989000.0,
        "Salaries And Wages": NaN,
        "Gross Profit": -6261000.0,
        "Cost Of Revenue": 231074000.0,
        "Total Revenue": 224813000.0,
        "Operating Revenue": 224449000.0
    },
    "2022-06-30": {
        "Tax Effect Of Unusual Items": -32514.297473,
        "Tax Rate For Calcs": 0.003044,
        "Normalized EBITDA": -90926000.0,
        "Total Unusual Items": -10682000.0,
        "Total Unusual Items Excluding Goodwill": -10682000.0,
        "Net Income From Continuing Operation Net Minority Interest": -116124000.0,
        "Reconciled Depreciation": 10722000.0,
        "Reconciled Cost Of Revenue": 233854000.0,
        "EBITDA": -101608000.0,
        "EBIT": -112330000.0,
        "Net Interest Income": -4299000.0,
        "Interest Expense": 4299000.0,
        "Normalized Income": -105474514.297473,
        "Net Income From Continuing And Discontinued Operation": -116124000.0,
        "Total Expenses": 323733000.0,
        "Total Operating Income As Reported": -112525000.0,
        "Diluted Average Shares": 185103005.0,
        "Basic Average Shares": 185103005.0,
        "Diluted EPS": -0.63,
        "Basic EPS": -0.63,
        "Diluted NI Availto Com Stockholders": -116124000.0,
        "Net Income Common Stockholders": -116124000.0,
        "Net Income": -116124000.0,
        "Minority Interests": 150000.0,
        "Net Income Including Noncontrolling Interests": -116274000.0,
        "Net Income Discontinuous Operations": NaN,
        "Net Income Continuous Operations": -116274000.0,
        "Tax Provision": -355000.0,
        "Pretax Income": -116629000.0,
        "Other Income Expense": -10487000.0,
        "Other Non Operating Income Expenses": 195000.0,
        "Special Income Charges": -10682000.0,
        "Impairment Of Capital Assets": 10682000.0,
        "Gain On Sale Of Security": NaN,
        "Net Non Operating Interest Income Expense": -4299000.0,
        "Interest Expense Non Operating": 4299000.0,
        "Operating Income": -101843000.0,
        "Operating Expense": 87676000.0,
        "Depreciation Amortization Depletion Income Statement": 8519000.0,
        "Depreciation And Amortization In Income Statement": 8519000.0,
        "Research And Development": 20923000.0,
        "Selling General And Administration": 58234000.0,
        "Selling And Marketing Expense": 30789000.0,
        "General And Administrative Expense": 27445000.0,
        "Other Gand A": 27445000.0,
        "Salaries And Wages": NaN,
        "Gross Profit": -14167000.0,
        "Cost Of Revenue": 236057000.0,
        "Total Revenue": 221890000.0,
        "Operating Revenue": 221781000.0
    },
    "2022-03-31": {
        "Diluted EPS": -0.89,
        "Total Revenue": 242,
        "Gross Profit": -24,
        "Operating Income": -123,
        "EBIT": -110,
        "Net Income": -141
    },
    "2021-12-31": {
        "Diluted EPS": -0.77,
        "Total Revenue": 231,
        "Gross Profit": -3,
        "Operating Income": -79,
        "EBIT": -65,
        "Net Income": -112
    },
    "2021-09-30": {
        "Diluted EPS": -0.74,
        "Total Revenue": 157,
        "Gross Profit": -1,
        "Operating Income": -103,
        "EBIT": -89,
        "Net Income": -106
    },
    "2021-06-30": {
        "Diluted EPS": -0.68,
        "Total Revenue": 131,
        "Gross Profit": -2,
        "Operating Income": -81,
        "EBIT": -67,
        "Net Income": -95
    },
    "2021-03-31": {
        "Diluted EPS": -0.59,
        "Total Revenue": 120,
        "Gross Profit": -4,
        "Operating Income": -65,
        "EBIT": -53,
        "Net Income": -70
    },
    "2020-12-31": {
        "Diluted EPS": -2.71,
        "Total Revenue": 105,
        "Gross Profit": 5,
        "Operating Income": -92,
        "EBIT": -82,
        "Net Income": -168
    },
    "2020-09-30": {
        "Diluted EPS": -6.2,
        "Total Revenue": 61,
        "Gross Profit": -10,
        "Operating Income": -302,
        "EBIT": -286,
        "Net Income": -274
    },
    "2020-06-30": {
        "Diluted EPS": -2.08,
        "Total Revenue": 44,
        "Gross Profit": -18,
        "Operating Income": -67,
        "EBIT": -43,
        "Net Income": -73
    },
    "2020-03-31": {
        "Diluted EPS": -1.83,
        "Total Revenue": 7,
        "Gross Profit": 7,
        "Operating Income": -18,
        "EBIT": -11,
        "Net Income": -56
    },
    "2019-12-31": {
        "Diluted EPS": -0.77,
        "Total Revenue": -2,
        "Gross Profit": -2,
        "Operating Income": -20,
        "EBIT": -14,
        "Net Income": -19
    },
    "2019-09-30": {
        "Diluted EPS": -0.29,
        "Total Revenue": 6,
        "Gross Profit": 6,
        "Operating Income": -7,
        "EBIT": 4,
        "Net Income": -7
    },
    "2019-06-30": {
        "Diluted EPS": -0.24,
        "Total Revenue": NaN,
        "Gross Profit": NaN,
        "Operating Income": -6,
        "EBIT": -1,
        "Net Income": -6
    },
    "2019-03-31": {
        "Diluted EPS": -0.27,
        "Total Revenue": NaN,
        "Gross Profit": NaN,
        "Operating Income": -6,
        "EBIT": -1,
        "Net Income": -3
    },
    "2018-12-31": {
        "Diluted EPS": -0.44,
        "Total Revenue": NaN,
        "Gross Profit": NaN,
        "Operating Income": -8,
        "EBIT": -2,
        "Net Income": -3
    },
    "2018-09-30": {
        "Diluted EPS": -0.9,
        "Total Revenue": NaN,
        "Gross Profit": NaN,
        "Operating Income": -5,
        "EBIT": -2,
        "Net Income": -4
    },
    "2018-06-30": {
        "Diluted EPS": -0.77,
        "Total Revenue": NaN,
        "Gross Profit": NaN,
        "Operating Income": -1,
        "EBIT": -1,
        "Net Income": -2
    },
    "2018-03-31": {
        "Diluted EPS": -0.26,
        "Total Revenue": NaN,
        "Gross Profit": NaN,
        "Operating Income": -1,
        "EBIT": 0,
        "Net Income": -1
    },
    "2017-12-31": {
        "Diluted EPS": -8.26,
        "Total Revenue": 0,
        "Gross Profit": 0,
        "Operating Income": 0,
        "EBIT": 0,
        "Net Income": 0
    },
    "2017-09-30": {
        "Diluted EPS": -0.01,
        "Total Revenue": NaN,
        "Gross Profit": NaN,
        "Operating Income": 0,
        "EBIT": 0,
        "Net Income": -1
    },
    "2017-06-30": {
        "Diluted EPS": 6.61,
        "Total Revenue": 0,
        "Gross Profit": 0,
        "Operating Income": 0,
        "EBIT": 0,
        "Net Income": 5
    },
    "2017-03-31": {
        "Diluted EPS": 2.4,
        "Total Revenue": 0,
        "Gross Profit": 0,
        "Operating Income": 0,
        "EBIT": 0,
        "Net Income": 7
    },
    "2016-12-31": {
        "Diluted EPS": NaN,
        "Total Revenue": 0,
        "Gross Profit": 0,
        "Operating Income": 0,
        "EBIT": 0,
        "Net Income": -5
    },
    "2016-09-30": {
        "Diluted EPS": -56.76,
        "Total Revenue": NaN,
        "Gross Profit": NaN,
        "Operating Income": -1,
        "EBIT": -1,
        "Net Income": -1
    },
    "2016-06-30": {
        "Diluted EPS": NaN,
        "Total Revenue": NaN,
        "Gross Profit": NaN,
        "Operating Income": 0,
        "EBIT": 0,
        "Net Income": -2
    },
    "2016-03-31": {
        "Diluted EPS": NaN,
        "Total Revenue": 0,
        "Gross Profit": 0,
        "Operating Income": 0,
        "EBIT": 0,
        "Net Income": -2
    },
    "2015-12-31": {
        "Diluted EPS": NaN,
        "Total Revenue": 0,
        "Gross Profit": 0,
        "Operating Income": -2,
        "EBIT": -3,
        "Net Income": -6
    },
    "2015-09-30": {
        "Diluted EPS": -0.02,
        "Total Revenue": 0,
        "Gross Profit": 0,
        "Operating Income": 0,
        "EBIT": 1,
        "Net Income": -1
    },
    "2015-06-30": {
        "Diluted EPS": 0.0,
        "Total Revenue": 0,
        "Gross Profit": 0,
        "Operating Income": 0,
        "EBIT": 0,
        "Net Income": 0
    },
    "2015-03-31": {
        "Diluted EPS": -0.03,
        "Total Revenue": 0,
        "Gross Profit": 0,
        "Operating Income": -1,
        "EBIT": -1,
        "Net Income": -1
    },
    "2014-12-31": {
        "Diluted EPS": 0.0,
        "Total Revenue": NaN,
        "Gross Profit": NaN,
        "Operating Income": NaN,
        "EBIT": NaN,
        "Net Income": NaN
    },
    "2014-09-30": {
        "Diluted EPS": -0.02,
        "Total Revenue": 0,
        "Gross Profit": 0,
        "Operating Income": -1,
        "EBIT": -1,
        "Net Income": -1
    },
    "2014-06-30": {
        "Diluted EPS": -0.06,
        "Total Revenue": 0,
        "Gross Profit": 0,
        "Operating Income": -2,
        "EBIT": -2,
        "Net Income": -2
    },
    "2013-12-31": {
        "Diluted EPS": 0.0,
        "Total Revenue": NaN,
        "Gross Profit": NaN,
        "Operating Income": NaN,
        "EBIT": NaN,
        "Net Income": NaN
    },
    "2012-12-31": {
        "Diluted EPS": 0.0,
        "Total Revenue": NaN,
        "Gross Profit": NaN,
        "Operating Income": NaN,
        "EBIT": NaN,
        "Net Income": NaN
    },
    "2011-12-31": {
        "Diluted EPS": 0.0,
        "Total Revenue": NaN,
        "Gross Profit": NaN,
        "Operating Income": NaN,
        "EBIT": NaN,
        "Net Income": NaN
    },
    "2023-06-30": {
        "Tax Effect Of Unusual Items": 0.0,
        "Tax Rate For Calcs": 0.002227,
        "Normalized EBITDA": -43623000.0,
        "Total Unusual Items": NaN,
        "Total Unusual Items Excluding Goodwill": NaN,
        "Net Income From Continuing Operation Net Minority Interest": -54199000.0,
        "Reconciled Depreciation": 9605000.0,
        "Reconciled Cost Of Revenue": 288588000.0,
        "EBITDA": -43623000.0,
        "EBIT": -53228000.0,
        "Net Interest Income": -1102000.0,
        "Interest Expense": 1102000.0,
        "Normalized Income": -54199000.0,
        "Net Income From Continuing And Discontinued Operation": -49940000.0,
        "Total Expenses": 365250000.0,
        "Total Operating Income As Reported": -52515000.0,
        "Diluted Average Shares": 291720400.0,
        "Basic Average Shares": 291720400.0,
        "Diluted EPS": -0.17,
        "Basic EPS": -0.17,
        "Diluted NI Availto Com Stockholders": -49940000.0,
        "Net Income Common Stockholders": -49940000.0,
        "Net Income": -49940000.0,
        "Minority Interests": 10000.0,
        "Net Income Including Noncontrolling Interests": -49950000.0,
        "Net Income Discontinuous Operations": 4259000.0,
        "Net Income Continuous Operations": -54209000.0,
        "Tax Provision": -121000.0,
        "Pretax Income": -54330000.0,
        "Other Income Expense": -713000.0,
        "Other Non Operating Income Expenses": -713000.0,
        "Special Income Charges": NaN,
        "Impairment Of Capital Assets": NaN,
        "Gain On Sale Of Security": NaN,
        "Net Non Operating Interest Income Expense": -1102000.0,
        "Interest Expense Non Operating": 1102000.0,
        "Operating Income": -52515000.0,
        "Operating Expense": 75970000.0,
        "Depreciation Amortization Depletion Income Statement": 8913000.0,
        "Depreciation And Amortization In Income Statement": 8913000.0,
        "Research And Development": 17778000.0,
        "Selling General And Administration": 49279000.0,
        "Selling And Marketing Expense": 33819000.0,
        "General And Administrative Expense": 15460000.0,
        "Other Gand A": 11431000.0,
        "Salaries And Wages": 4029000.0,
        "Gross Profit": 23455000.0,
        "Cost Of Revenue": 289280000.0,
        "Total Revenue": 312735000.0,
        "Operating Revenue": 312064000.0
    },
    "2023-09-30": {
        "Tax Effect Of Unusual Items": 0.0,
        "Tax Rate For Calcs": 0.002915,
        "Normalized EBITDA": -73521000.0,
        "Total Unusual Items": NaN,
        "Total Unusual Items Excluding Goodwill": NaN,
        "Net Income From Continuing Operation Net Minority Interest": -84480000.0,
        "Reconciled Depreciation": 10081000.0,
        "Reconciled Cost Of Revenue": 300277000.0,
        "EBITDA": -73521000.0,
        "EBIT": -83602000.0,
        "Net Interest Income": -1130000.0,
        "Interest Expense": 1130000.0,
        "Normalized Income": -84480000.0,
        "Net Income From Continuing And Discontinued Operation": -83811000.0,
        "Total Expenses": 404219000.0,
        "Total Operating Income As Reported": -83284000.0,
        "Diluted Average Shares": 292693961.0,
        "Basic Average Shares": 292693961.0,
        "Diluted EPS": -0.29,
        "Basic EPS": -0.29,
        "Diluted NI Availto Com Stockholders": -83811000.0,
        "Net Income Common Stockholders": -83811000.0,
        "Net Income": -83811000.0,
        "Minority Interests": 5000.0,
        "Net Income Including Noncontrolling Interests": -83816000.0,
        "Net Income Discontinuous Operations": 669000.0,
        "Net Income Continuous Operations": -84485000.0,
        "Tax Provision": -247000.0,
        "Pretax Income": -84732000.0,
        "Other Income Expense": -318000.0,
        "Other Non Operating Income Expenses": -318000.0,
        "Special Income Charges": NaN,
        "Impairment Of Capital Assets": NaN,
        "Gain On Sale Of Security": NaN,
        "Net Non Operating Interest Income Expense": -1130000.0,
        "Interest Expense Non Operating": 1130000.0,
        "Operating Income": -83284000.0,
        "Operating Expense": 102964000.0,
        "Depreciation Amortization Depletion Income Statement": 9103000.0,
        "Depreciation And Amortization In Income Statement": 9103000.0,
        "Research And Development": 17506000.0,
        "Selling General And Administration": 76355000.0,
        "Selling And Marketing Expense": 60494000.0,
        "General And Administrative Expense": 15861000.0,
        "Other Gand A": 15861000.0,
        "Salaries And Wages": NaN,
        "Gross Profit": 19680000.0,
        "Cost Of Revenue": 301255000.0,
        "Total Revenue": 320935000.0,
        "Operating Revenue": 320215000.0
    }
}