{
    "2023-03-31": {
        "Tax Effect Of Unusual Items": 0.0,
        "Tax Rate For Calcs": 0.000453,
        "Normalized EBITDA": -22806000.0,
        "Net Income From Continuing Operation Net Minority Interest": -24291000.0,
        "Reconciled Depreciation": 273000.0,
        "EBITDA": -22806000.0,
        "EBIT": -23079000.0,
        "Net Interest Income": 698000.0,
        "Interest Expense": 1223000.0,
        "Interest Income": 1921000.0,
        "Normalized Income": -24291000.0,
        "Net Income From Continuing And Discontinued Operation": -24291000.0,
        "Total Expenses": 24883000.0,
        "Total Operating Income As Reported": -24855000.0,
        "Diluted Average Shares": 53775985.0,
        "Basic Average Shares": 53775985.0,
        "Diluted EPS": -0.45,
        "Basic EPS": -0.45,
        "Diluted NI Availto Com Stockholders": -24291000.0,
        "Net Income Common Stockholders": -24291000.0,
        "Net Income": -24291000.0,
        "Net Income Including Noncontrolling Interests": -24291000.0,
        "Net Income Continuous Operations": -24291000.0,
        "Tax Provision": -11000.0,
        "Pretax Income": -24302000.0,
        "Other Income Expense": -145000.0,
        "Other Non Operating Income Expenses": -145000.0,
        "Net Non Operating Interest Income Expense": 698000.0,
        "Interest Expense Non Operating": 1223000.0,
        "Interest Income Non Operating": 1921000.0,
        "Operating Income": -24855000.0,
        "Operating Expense": 24883000.0,
        "Research And Development": 15877000.0,
        "Selling General And Administration": 9006000.0,
        "General And Administrative Expense": 9006000.0,
        "Other Gand A": 9006000.0,
        "Total Revenue": 28000.0,
        "Operating Revenue": 28000.0
    },
    "2022-12-31": {
        "Tax Effect Of Unusual Items": 0.0,
        "Tax Rate For Calcs": 0.013623,
        "Normalized EBITDA": -23783000.0,
        "Net Income From Continuing Operation Net Minority Interest": -24617000.0,
        "Reconciled Depreciation": 248000.0,
        "EBITDA": -23783000.0,
        "EBIT": -24031000.0,
        "Net Interest Income": 140000.0,
        "Interest Expense": NaN,
        "Interest Income": 1941000.0,
        "Normalized Income": -24617000.0,
        "Net Income From Continuing And Discontinued Operation": -24617000.0,
        "Total Expenses": 24557000.0,
        "Total Operating Income As Reported": -24417000.0,
        "Diluted Average Shares": 44766314.0,
        "Basic Average Shares": 44766314.0,
        "Diluted EPS": -0.55,
        "Basic EPS": -0.55,
        "Diluted NI Availto Com Stockholders": -24617000.0,
        "Net Income Common Stockholders": -24617000.0,
        "Net Income": -24617000.0,
        "Net Income Including Noncontrolling Interests": -24617000.0,
        "Net Income Continuous Operations": -24617000.0,
        "Tax Provision": -340000.0,
        "Pretax Income": -24957000.0,
        "Other Income Expense": -680000.0,
        "Other Non Operating Income Expenses": -680000.0,
        "Net Non Operating Interest Income Expense": 140000.0,
        "Interest Expense Non Operating": NaN,
        "Interest Income Non Operating": 1941000.0,
        "Operating Income": -24417000.0,
        "Operating Expense": 24557000.0,
        "Research And Development": 17607000.0,
        "Selling General And Administration": 6950000.0,
        "General And Administrative Expense": 6950000.0,
        "Other Gand A": 6950000.0,
        "Total Revenue": 140000.0,
        "Operating Revenue": 140000.0
    },
    "2022-09-30": {
        "Tax Effect Of Unusual Items": 0.0,
        "Tax Rate For Calcs": 0.030718,
        "Normalized EBITDA": -23563000.0,
        "Net Income From Continuing Operation Net Minority Interest": -24013000.0,
        "Reconciled Depreciation": 242000.0,
        "EBITDA": -23563000.0,
        "EBIT": -23805000.0,
        "Net Interest Income": 190000.0,
        "Interest Expense": NaN,
        "Interest Income": 190000.0,
        "Normalized Income": -24013000.0,
        "Net Income From Continuing And Discontinued Operation": -24013000.0,
        "Total Expenses": 23971000.0,
        "Total Operating Income As Reported": -23805000.0,
        "Diluted Average Shares": 43683738.0,
        "Basic Average Shares": 43683738.0,
        "Diluted EPS": -0.55,
        "Basic EPS": -0.55,
        "Diluted NI Availto Com Stockholders": -24013000.0,
        "Net Income Common Stockholders": -24013000.0,
        "Net Income": -24013000.0,
        "Net Income Including Noncontrolling Interests": -24013000.0,
        "Net Income Continuous Operations": -24013000.0,
        "Tax Provision": -761000.0,
        "Pretax Income": -24774000.0,
        "Other Income Expense": -1159000.0,
        "Other Non Operating Income Expenses": -1159000.0,
        "Net Non Operating Interest Income Expense": 190000.0,
        "Interest Expense Non Operating": NaN,
        "Interest Income Non Operating": 190000.0,
        "Operating Income": -23805000.0,
        "Operating Expense": 23971000.0,
        "Research And Development": 16551000.0,
        "Selling General And Administration": 7420000.0,
        "General And Administrative Expense": 7420000.0,
        "Other Gand A": 7420000.0,
        "Total Revenue": 166000.0,
        "Operating Revenue": 166000.0
    },
    "2022-06-30": {
        "Tax Effect Of Unusual Items": 0.0,
        "Tax Rate For Calcs": 0.034474,
        "Normalized EBITDA": -19071000.0,
        "Net Income From Continuing Operation Net Minority Interest": -19073000.0,
        "Reconciled Depreciation": 216000.0,
        "EBITDA": -19071000.0,
        "EBIT": -19287000.0,
        "Net Interest Income": -53000.0,
        "Interest Expense": NaN,
        "Interest Income": NaN,
        "Normalized Income": -19073000.0,
        "Net Income From Continuing And Discontinued Operation": -19073000.0,
        "Total Expenses": 19857000.0,
        "Total Operating Income As Reported": -19287000.0,
        "Diluted Average Shares": 43357240.0,
        "Basic Average Shares": 43357240.0,
        "Diluted EPS": -0.44,
        "Basic EPS": -0.44,
        "Diluted NI Availto Com Stockholders": -19073000.0,
        "Net Income Common Stockholders": -19073000.0,
        "Net Income": -19073000.0,
        "Net Income Including Noncontrolling Interests": -19073000.0,
        "Net Income Continuous Operations": -19073000.0,
        "Tax Provision": -681000.0,
        "Pretax Income": -19754000.0,
        "Other Income Expense": -414000.0,
        "Other Non Operating Income Expenses": -414000.0,
        "Net Non Operating Interest Income Expense": -53000.0,
        "Total Other Finance Cost": 53000.0,
        "Interest Expense Non Operating": NaN,
        "Interest Income Non Operating": NaN,
        "Operating Income": -19287000.0,
        "Operating Expense": 19857000.0,
        "Research And Development": 12076000.0,
        "Selling General And Administration": 7781000.0,
        "General And Administrative Expense": 7781000.0,
        "Other Gand A": 7781000.0,
        "Total Revenue": 570000.0,
        "Operating Revenue": 570000.0
    },
    "2022-03-31": {
        "Diluted EPS": -0.46,
        "Total Revenue": 1,
        "Gross Profit": 1,
        "Operating Income": -21,
        "EBIT": -20,
        "Net Income": -20
    },
    "2021-12-31": {
        "Diluted EPS": -0.4,
        "Total Revenue": 1,
        "Gross Profit": 1,
        "Operating Income": -18,
        "EBIT": -17,
        "Net Income": -17
    },
    "2021-09-30": {
        "Diluted EPS": -0.45,
        "Total Revenue": 0,
        "Gross Profit": 0,
        "Operating Income": -20,
        "EBIT": -19,
        "Net Income": -19
    },
    "2021-06-30": {
        "Diluted EPS": -0.63,
        "Total Revenue": 1,
        "Gross Profit": 1,
        "Operating Income": -27,
        "EBIT": -27,
        "Net Income": -27
    },
    "2021-03-31": {
        "Diluted EPS": -0.42,
        "Total Revenue": NaN,
        "Gross Profit": NaN,
        "Operating Income": -18,
        "EBIT": -18,
        "Net Income": -18
    },
    "2020-12-31": {
        "Diluted EPS": 21.54,
        "Total Revenue": NaN,
        "Gross Profit": NaN,
        "Operating Income": -12,
        "EBIT": -11,
        "Net Income": -13
    },
    "2020-09-30": {
        "Diluted EPS": -0.24,
        "Total Revenue": NaN,
        "Gross Profit": NaN,
        "Operating Income": -10,
        "EBIT": -10,
        "Net Income": -10
    },
    "2020-06-30": {
        "Diluted EPS": -18.91,
        "Total Revenue": NaN,
        "Gross Profit": NaN,
        "Operating Income": -7,
        "EBIT": -7,
        "Net Income": -45
    },
    "2020-03-31": {
        "Diluted EPS": -6.01,
        "Total Revenue": NaN,
        "Gross Profit": NaN,
        "Operating Income": -9,
        "EBIT": -9,
        "Net Income": -12
    },
    "2019-12-31": {
        "Diluted EPS": -4.25,
        "Total Revenue": NaN,
        "Gross Profit": NaN,
        "Operating Income": -6,
        "EBIT": -6,
        "Net Income": -8
    },
    "2019-09-30": {
        "Diluted EPS": -0.31,
        "Total Revenue": NaN,
        "Gross Profit": NaN,
        "Operating Income": -4,
        "EBIT": -4,
        "Net Income": -1
    },
    "2019-06-30": {
        "Diluted EPS": -1.79,
        "Total Revenue": NaN,
        "Gross Profit": NaN,
        "Operating Income": -4,
        "EBIT": -4,
        "Net Income": -3
    },
    "2019-03-31": {
        "Diluted EPS": -2.1,
        "Total Revenue": NaN,
        "Gross Profit": NaN,
        "Operating Income": -4,
        "EBIT": -4,
        "Net Income": -4
    },
    "2018-12-31": {
        "Diluted EPS": 0.0,
        "Total Revenue": NaN,
        "Gross Profit": NaN,
        "Operating Income": NaN,
        "EBIT": NaN,
        "Net Income": NaN
    },
    "2023-06-30": {
        "Tax Effect Of Unusual Items": 0.0,
        "Tax Rate For Calcs": 0.009638,
        "Normalized EBITDA": -23801000.0,
        "Net Income From Continuing Operation Net Minority Interest": -25175000.0,
        "Reconciled Depreciation": 337000.0,
        "EBITDA": -23801000.0,
        "EBIT": -24138000.0,
        "Net Interest Income": 1213000.0,
        "Interest Expense": 1282000.0,
        "Interest Income": 2495000.0,
        "Normalized Income": -25175000.0,
        "Net Income From Continuing And Discontinued Operation": -25175000.0,
        "Total Expenses": 26747000.0,
        "Total Operating Income As Reported": -26713000.0,
        "Diluted Average Shares": 66277279.0,
        "Basic Average Shares": 66277279.0,
        "Diluted EPS": -0.38,
        "Basic EPS": -0.38,
        "Diluted NI Availto Com Stockholders": -25175000.0,
        "Net Income Common Stockholders": -25175000.0,
        "Net Income": -25175000.0,
        "Net Income Including Noncontrolling Interests": -25175000.0,
        "Net Income Continuous Operations": -25175000.0,
        "Tax Provision": -245000.0,
        "Pretax Income": -25420000.0,
        "Other Income Expense": 80000.0,
        "Other Non Operating Income Expenses": 80000.0,
        "Net Non Operating Interest Income Expense": 1213000.0,
        "Interest Expense Non Operating": 1282000.0,
        "Interest Income Non Operating": 2495000.0,
        "Operating Income": -26713000.0,
        "Operating Expense": 26747000.0,
        "Research And Development": 18994000.0,
        "Selling General And Administration": 7753000.0,
        "General And Administrative Expense": 7753000.0,
        "Other Gand A": 7753000.0,
        "Total Revenue": 34000.0,
        "Operating Revenue": 34000.0
    },
    "2023-09-30": {
        "Tax Effect Of Unusual Items": 0.0,
        "Tax Rate For Calcs": 0.014453,
        "Normalized EBITDA": -15806000.0,
        "Net Income From Continuing Operation Net Minority Interest": -17252000.0,
        "Reconciled Depreciation": 374000.0,
        "EBITDA": -15806000.0,
        "EBIT": -16180000.0,
        "Net Interest Income": 1493000.0,
        "Interest Expense": 1325000.0,
        "Interest Income": 2818000.0,
        "Normalized Income": -17252000.0,
        "Net Income From Continuing And Discontinued Operation": -17252000.0,
        "Total Expenses": 21395000.0,
        "Total Operating Income As Reported": -19389000.0,
        "Diluted Average Shares": 69050107.0,
        "Basic Average Shares": 69050107.0,
        "Diluted EPS": -0.25,
        "Basic EPS": -0.25,
        "Diluted NI Availto Com Stockholders": -17252000.0,
        "Net Income Common Stockholders": -17252000.0,
        "Net Income": -17252000.0,
        "Net Income Including Noncontrolling Interests": -17252000.0,
        "Net Income Continuous Operations": -17252000.0,
        "Tax Provision": -253000.0,
        "Pretax Income": -17505000.0,
        "Other Income Expense": 391000.0,
        "Other Non Operating Income Expenses": 391000.0,
        "Net Non Operating Interest Income Expense": 1493000.0,
        "Interest Expense Non Operating": 1325000.0,
        "Interest Income Non Operating": 2818000.0,
        "Operating Income": -19389000.0,
        "Operating Expense": 21395000.0,
        "Research And Development": 14585000.0,
        "Selling General And Administration": 6810000.0,
        "General And Administrative Expense": 6810000.0,
        "Other Gand A": 6810000.0,
        "Total Revenue": 2006000.0,
        "Operating Revenue": 2006000.0
    }
}