{
    "2023-03-31": {
        "Tax Effect Of Unusual Items": 0.0,
        "Tax Rate For Calcs": 0.0,
        "Normalized EBITDA": -7409770.0,
        "Total Unusual Items": 1535143.0,
        "Total Unusual Items Excluding Goodwill": 1535143.0,
        "Net Income From Continuing Operation Net Minority Interest": -6890522.0,
        "Reconciled Depreciation": 914796.0,
        "Reconciled Cost Of Revenue": 2941830.0,
        "EBIT": -6789423.0,
        "Net Interest Income": -101099.0,
        "Interest Expense": 101099.0,
        "Normalized Income": -8425665.0,
        "Net Income From Continuing And Discontinued Operation": -6890522.0,
        "Total Expenses": 8604815.0,
        "Total Operating Income As Reported": -7476178.0,
        "Diluted Average Shares": 6508390.0,
        "Basic Average Shares": 6508390.0,
        "Diluted EPS": -1.06,
        "Basic EPS": -1.06,
        "Diluted NI Availto Com Stockholders": -6890522.0,
        "Net Income Common Stockholders": -6890522.0,
        "Net Income": -6890522.0,
        "Net Income Including Noncontrolling Interests": -6890522.0,
        "Net Income Continuous Operations": -6890522.0,
        "Tax Provision": 0.0,
        "Pretax Income": -6890522.0,
        "Other Income Expense": 461864.0,
        "Other Non Operating Income Expenses": -1073279.0,
        "Special Income Charges": -3150501.0,
        "Gain On Sale Of Ppe": -224891.0,
        "Other Special Charges": 2925610.0,
        "Gain On Sale Of Security": 4685644.0,
        "Net Non Operating Interest Income Expense": -101099.0,
        "Interest Expense Non Operating": 101099.0,
        "Operating Income": -7251287.0,
        "Operating Expense": 5662985.0,
        "Research And Development": 1015773.0,
        "Selling General And Administration": 4647212.0,
        "Selling And Marketing Expense": 1434542.0,
        "General And Administrative Expense": 3212670.0,
        "Other Gand A": 3212670.0,
        "Gross Profit": -1588302.0,
        "Cost Of Revenue": 2941830.0,
        "Total Revenue": 1353528.0,
        "Operating Revenue": 1353528.0
    },
    "2022-12-31": {
        "Tax Effect Of Unusual Items": -858004.8,
        "Tax Rate For Calcs": 0.4,
        "Normalized EBITDA": -11526141.0,
        "Total Unusual Items": -2145012.0,
        "Total Unusual Items Excluding Goodwill": -2145012.0,
        "Net Income From Continuing Operation Net Minority Interest": -15557799.0,
        "Reconciled Depreciation": 1061358.0,
        "Reconciled Cost Of Revenue": 6115540.0,
        "EBIT": -14732511.0,
        "Net Interest Income": -824514.0,
        "Interest Expense": 824514.0,
        "Normalized Income": -14270791.8,
        "Net Income From Continuing And Discontinued Operation": -15557799.0,
        "Total Expenses": 14536537.0,
        "Total Operating Income As Reported": -12470328.0,
        "Diluted Average Shares": NaN,
        "Basic Average Shares": NaN,
        "Diluted EPS": NaN,
        "Basic EPS": NaN,
        "Diluted NI Availto Com Stockholders": -15557799.0,
        "Net Income Common Stockholders": -15557799.0,
        "Net Income": -15557799.0,
        "Net Income Including Noncontrolling Interests": -15557799.0,
        "Net Income Continuous Operations": -15557799.0,
        "Tax Provision": 774.0,
        "Pretax Income": -15557025.0,
        "Other Income Expense": -2579721.0,
        "Other Non Operating Income Expenses": -434709.0,
        "Special Income Charges": -317538.0,
        "Gain On Sale Of Ppe": -317538.0,
        "Other Special Charges": NaN,
        "Gain On Sale Of Security": NaN,
        "Net Non Operating Interest Income Expense": -824514.0,
        "Interest Expense Non Operating": 824514.0,
        "Operating Income": -12152790.0,
        "Operating Expense": 8420997.0,
        "Research And Development": 4788875.0,
        "Selling General And Administration": 3632122.0,
        "Selling And Marketing Expense": 1872099.0,
        "General And Administrative Expense": 1760023.0,
        "Other Gand A": 1760023.0,
        "Gross Profit": -3731793.0,
        "Cost Of Revenue": 6115540.0,
        "Total Revenue": 2383747.0,
        "Operating Revenue": 2383747.0
    },
    "2022-09-30": {
        "Tax Effect Of Unusual Items": 0.0,
        "Tax Rate For Calcs": 0.0,
        "Normalized EBITDA": -15890648.0,
        "Total Unusual Items": -12408.0,
        "Total Unusual Items Excluding Goodwill": -12408.0,
        "Net Income From Continuing Operation Net Minority Interest": -16963699.0,
        "Reconciled Depreciation": 975698.0,
        "Reconciled Cost Of Revenue": 6987035.0,
        "EBIT": -16878754.0,
        "Net Interest Income": -84945.0,
        "Interest Expense": 84945.0,
        "Normalized Income": -16951291.0,
        "Net Income From Continuing And Discontinued Operation": -16963699.0,
        "Total Expenses": 20929630.0,
        "Total Operating Income As Reported": -18917833.0,
        "Diluted Average Shares": 2247817.0,
        "Basic Average Shares": 2247817.0,
        "Diluted EPS": -7.6,
        "Basic EPS": -7.6,
        "Diluted NI Availto Com Stockholders": -16963699.0,
        "Net Income Common Stockholders": -16963699.0,
        "Net Income": -16963699.0,
        "Net Income Including Noncontrolling Interests": -16963699.0,
        "Net Income Continuous Operations": -16963699.0,
        "Tax Provision": 0.0,
        "Pretax Income": -16963699.0,
        "Other Income Expense": 2026671.0,
        "Other Non Operating Income Expenses": 2039079.0,
        "Special Income Charges": -12408.0,
        "Gain On Sale Of Ppe": -12408.0,
        "Other Special Charges": NaN,
        "Gain On Sale Of Security": NaN,
        "Net Non Operating Interest Income Expense": -84945.0,
        "Interest Expense Non Operating": 84945.0,
        "Operating Income": -18905425.0,
        "Operating Expense": 13942595.0,
        "Research And Development": 6521379.0,
        "Selling General And Administration": 7421216.0,
        "Selling And Marketing Expense": 3321862.0,
        "General And Administrative Expense": 4099354.0,
        "Other Gand A": 4099354.0,
        "Gross Profit": -4962830.0,
        "Cost Of Revenue": 6987035.0,
        "Total Revenue": 2024205.0,
        "Operating Revenue": 2024205.0
    },
    "2022-06-30": {
        "Tax Effect Of Unusual Items": 0.0,
        "Tax Rate For Calcs": 0.4,
        "Normalized EBITDA": -16256567.0,
        "Total Unusual Items": 0.0,
        "Total Unusual Items Excluding Goodwill": 0.0,
        "Net Income From Continuing Operation Net Minority Interest": -17404342.0,
        "Reconciled Depreciation": 1020404.0,
        "Reconciled Cost Of Revenue": 6104337.0,
        "EBIT": -17276971.0,
        "Net Interest Income": -124171.0,
        "Interest Expense": 124171.0,
        "Normalized Income": -17404342.0,
        "Net Income From Continuing And Discontinued Operation": -17404342.0,
        "Total Expenses": 16676709.0,
        "Total Operating Income As Reported": -15177368.0,
        "Diluted Average Shares": 1978666.0,
        "Basic Average Shares": 1978666.0,
        "Diluted EPS": -8.8,
        "Basic EPS": -8.8,
        "Diluted NI Availto Com Stockholders": -17404342.0,
        "Net Income Common Stockholders": -17404342.0,
        "Net Income": -17404342.0,
        "Net Income Including Noncontrolling Interests": -17404342.0,
        "Net Income Continuous Operations": -17404342.0,
        "Tax Provision": 3200.0,
        "Pretax Income": -17401142.0,
        "Other Income Expense": -2099603.0,
        "Other Non Operating Income Expenses": -2099603.0,
        "Special Income Charges": 0.0,
        "Gain On Sale Of Ppe": NaN,
        "Other Special Charges": NaN,
        "Gain On Sale Of Security": -2145540.0,
        "Net Non Operating Interest Income Expense": -124171.0,
        "Interest Expense Non Operating": 124171.0,
        "Operating Income": -15177368.0,
        "Operating Expense": 10572372.0,
        "Research And Development": 3716431.0,
        "Selling General And Administration": 6855941.0,
        "Selling And Marketing Expense": 3070280.0,
        "General And Administrative Expense": 3785661.0,
        "Other Gand A": 3785661.0,
        "Gross Profit": -4604996.0,
        "Cost Of Revenue": 6104337.0,
        "Total Revenue": 1499341.0,
        "Operating Revenue": 1499341.0
    },
    "2022-03-31": {
        "Diluted EPS": -6.82,
        "Total Revenue": 1,
        "Gross Profit": -3,
        "Operating Income": -13,
        "EBIT": -12,
        "Net Income": -13
    },
    "2021-12-31": {
        "Diluted EPS": -12.52,
        "Total Revenue": 1,
        "Gross Profit": -5,
        "Operating Income": -23,
        "EBIT": -22,
        "Net Income": -23
    },
    "2021-09-30": {
        "Diluted EPS": -6.2,
        "Total Revenue": 1,
        "Gross Profit": -3,
        "Operating Income": -12,
        "EBIT": -11,
        "Net Income": -12
    },
    "2021-06-30": {
        "Diluted EPS": -4.6,
        "Total Revenue": 1,
        "Gross Profit": -3,
        "Operating Income": -9,
        "EBIT": -9,
        "Net Income": -8
    },
    "2021-03-31": {
        "Diluted EPS": -2.6,
        "Total Revenue": 1,
        "Gross Profit": -2,
        "Operating Income": -8,
        "EBIT": -7,
        "Net Income": -5
    },
    "2020-12-31": {
        "Diluted EPS": -3.6,
        "Total Revenue": 1,
        "Gross Profit": -3,
        "Operating Income": -6,
        "EBIT": -6,
        "Net Income": -6
    },
    "2020-09-30": {
        "Diluted EPS": -3.0,
        "Total Revenue": 1,
        "Gross Profit": -1,
        "Operating Income": -5,
        "EBIT": -4,
        "Net Income": -5
    },
    "2020-06-30": {
        "Diluted EPS": -3.0,
        "Total Revenue": 0,
        "Gross Profit": -1,
        "Operating Income": -3,
        "EBIT": -3,
        "Net Income": -4
    },
    "2020-03-31": {
        "Diluted EPS": -3.0,
        "Total Revenue": 1,
        "Gross Profit": -1,
        "Operating Income": -3,
        "EBIT": -3,
        "Net Income": -4
    },
    "2019-12-31": {
        "Diluted EPS": -4.0,
        "Total Revenue": 1,
        "Gross Profit": -2,
        "Operating Income": -4,
        "EBIT": -4,
        "Net Income": -4
    },
    "2019-09-30": {
        "Diluted EPS": -4.4,
        "Total Revenue": 0,
        "Gross Profit": 0,
        "Operating Income": -4,
        "EBIT": -4,
        "Net Income": -4
    },
    "2019-06-30": {
        "Diluted EPS": -4.6,
        "Total Revenue": 0,
        "Gross Profit": 0,
        "Operating Income": -4,
        "EBIT": -3,
        "Net Income": -4
    },
    "2019-03-31": {
        "Diluted EPS": -4.0,
        "Total Revenue": 0,
        "Gross Profit": 0,
        "Operating Income": -3,
        "EBIT": -3,
        "Net Income": -3
    },
    "2018-12-31": {
        "Diluted EPS": -4.6,
        "Total Revenue": 0,
        "Gross Profit": 0,
        "Operating Income": -4,
        "EBIT": -3,
        "Net Income": -4
    },
    "2018-09-30": {
        "Diluted EPS": -4.0,
        "Total Revenue": 0,
        "Gross Profit": 0,
        "Operating Income": -3,
        "EBIT": -3,
        "Net Income": -3
    },
    "2018-06-30": {
        "Diluted EPS": -2.8,
        "Total Revenue": 0,
        "Gross Profit": 0,
        "Operating Income": -2,
        "EBIT": -2,
        "Net Income": -2
    },
    "2018-03-31": {
        "Diluted EPS": -2.6,
        "Total Revenue": 0,
        "Gross Profit": 0,
        "Operating Income": -2,
        "EBIT": -2,
        "Net Income": -2
    },
    "2017-12-31": {
        "Diluted EPS": -2.0,
        "Total Revenue": 0,
        "Gross Profit": 0,
        "Operating Income": -2,
        "EBIT": -2,
        "Net Income": -2
    },
    "2017-09-30": {
        "Diluted EPS": -1.0,
        "Total Revenue": NaN,
        "Gross Profit": NaN,
        "Operating Income": -1,
        "EBIT": -1,
        "Net Income": -1
    },
    "2017-06-30": {
        "Diluted EPS": -1.0,
        "Total Revenue": NaN,
        "Gross Profit": NaN,
        "Operating Income": -1,
        "EBIT": -1,
        "Net Income": -1
    },
    "2017-03-31": {
        "Diluted EPS": -0.8,
        "Total Revenue": 0,
        "Gross Profit": 0,
        "Operating Income": -1,
        "EBIT": 0,
        "Net Income": -1
    },
    "2016-12-31": {
        "Diluted EPS": -0.8,
        "Total Revenue": NaN,
        "Gross Profit": NaN,
        "Operating Income": 0,
        "EBIT": 0,
        "Net Income": 0
    },
    "2016-09-30": {
        "Diluted EPS": -1.2,
        "Total Revenue": NaN,
        "Gross Profit": NaN,
        "Operating Income": -1,
        "EBIT": -1,
        "Net Income": -1
    },
    "2016-06-30": {
        "Diluted EPS": -0.8,
        "Total Revenue": NaN,
        "Gross Profit": NaN,
        "Operating Income": 0,
        "EBIT": 0,
        "Net Income": 0
    },
    "2016-03-31": {
        "Diluted EPS": -1.0,
        "Total Revenue": NaN,
        "Gross Profit": NaN,
        "Operating Income": -1,
        "EBIT": -1,
        "Net Income": -1
    },
    "2015-12-31": {
        "Diluted EPS": 0.0,
        "Total Revenue": NaN,
        "Gross Profit": NaN,
        "Operating Income": NaN,
        "EBIT": NaN,
        "Net Income": NaN
    }
}