{
    "2023-03-31": {
        "Tax Effect Of Unusual Items": 0.0,
        "Tax Rate For Calcs": 0.0,
        "Normalized EBITDA": -4054348.0,
        "Net Income From Continuing Operation Net Minority Interest": -4070653.0,
        "Reconciled Depreciation": 7318.0,
        "EBIT": -4061666.0,
        "Net Interest Income": -7114.0,
        "Interest Expense": 8987.0,
        "Interest Income": 1873.0,
        "Normalized Income": -4070653.0,
        "Net Income From Continuing And Discontinued Operation": -4070653.0,
        "Total Expenses": 4062425.0,
        "Total Operating Income As Reported": -4062425.0,
        "Diluted Average Shares": 325811.0,
        "Basic Average Shares": 325811.0,
        "Diluted EPS": -12.74,
        "Basic EPS": -12.74,
        "Diluted NI Availto Com Stockholders": -4158084.0,
        "Net Income Common Stockholders": -4158084.0,
        "Otherunder Preferred Stock Dividend": NaN,
        "Preferred Stock Dividends": 87431.0,
        "Net Income": -4070653.0,
        "Net Income Including Noncontrolling Interests": -4070653.0,
        "Net Income Continuous Operations": -4070653.0,
        "Pretax Income": -4070653.0,
        "Other Income Expense": -1114.0,
        "Other Non Operating Income Expenses": -1114.0,
        "Net Non Operating Interest Income Expense": -7114.0,
        "Interest Expense Non Operating": 8987.0,
        "Interest Income Non Operating": 1873.0,
        "Operating Income": -4062425.0,
        "Operating Expense": 4062425.0,
        "Research And Development": 1361683.0,
        "Selling General And Administration": 2700742.0,
        "General And Administrative Expense": 2700742.0,
        "Other Gand A": 2700742.0,
        "Total Revenue": 0.0,
        "Operating Revenue": 0.0
    },
    "2022-12-31": {
        "Tax Effect Of Unusual Items": 0.0,
        "Tax Rate For Calcs": 0.0,
        "Normalized EBITDA": -3972478.0,
        "Net Income From Continuing Operation Net Minority Interest": -3985989.0,
        "Reconciled Depreciation": 7318.0,
        "EBIT": -3979796.0,
        "Net Interest Income": -1507.0,
        "Interest Expense": 6193.0,
        "Interest Income": 4686.0,
        "Normalized Income": -3985989.0,
        "Net Income From Continuing And Discontinued Operation": -3985989.0,
        "Total Expenses": 2279671.0,
        "Total Operating Income As Reported": -2279671.0,
        "Diluted Average Shares": NaN,
        "Basic Average Shares": NaN,
        "Diluted EPS": NaN,
        "Basic EPS": NaN,
        "Diluted NI Availto Com Stockholders": -3983921.0,
        "Net Income Common Stockholders": -3983921.0,
        "Otherunder Preferred Stock Dividend": 0.0,
        "Preferred Stock Dividends": -2068.0,
        "Net Income": -3985989.0,
        "Net Income Including Noncontrolling Interests": -3985989.0,
        "Net Income Continuous Operations": -3985989.0,
        "Pretax Income": -3985989.0,
        "Other Income Expense": -1704811.0,
        "Other Non Operating Income Expenses": 6560.0,
        "Net Non Operating Interest Income Expense": -1507.0,
        "Interest Expense Non Operating": 6193.0,
        "Interest Income Non Operating": 4686.0,
        "Operating Income": -2279671.0,
        "Operating Expense": 2279671.0,
        "Research And Development": 101822.0,
        "Selling General And Administration": 2177849.0,
        "General And Administrative Expense": 2177849.0,
        "Other Gand A": 2177849.0,
        "Total Revenue": 0.0,
        "Operating Revenue": 0.0
    },
    "2022-09-30": {
        "Tax Effect Of Unusual Items": 0.0,
        "Tax Rate For Calcs": 0.4,
        "Normalized EBITDA": 4399512.0,
        "Net Income From Continuing Operation Net Minority Interest": 4391331.0,
        "Reconciled Depreciation": 7318.0,
        "EBIT": 4392194.0,
        "Net Interest Income": 1801.0,
        "Interest Expense": 863.0,
        "Interest Income": 2664.0,
        "Normalized Income": 4391331.0,
        "Net Income From Continuing And Discontinued Operation": 4391331.0,
        "Total Expenses": -4389530.0,
        "Total Operating Income As Reported": 4389530.0,
        "Diluted Average Shares": 232248.0,
        "Basic Average Shares": 228773.0,
        "Diluted EPS": 18.2,
        "Basic EPS": 18.48,
        "Diluted NI Availto Com Stockholders": 4233753.0,
        "Net Income Common Stockholders": 4233753.0,
        "Otherunder Preferred Stock Dividend": 47300.0,
        "Preferred Stock Dividends": 110278.0,
        "Net Income": 4391331.0,
        "Net Income Including Noncontrolling Interests": 4391331.0,
        "Net Income Continuous Operations": 4391331.0,
        "Pretax Income": 4391331.0,
        "Other Income Expense": NaN,
        "Other Non Operating Income Expenses": NaN,
        "Net Non Operating Interest Income Expense": 1801.0,
        "Interest Expense Non Operating": 863.0,
        "Interest Income Non Operating": 2664.0,
        "Operating Income": 4389530.0,
        "Operating Expense": -4389530.0,
        "Research And Development": -7293978.0,
        "Selling General And Administration": 2904448.0,
        "General And Administrative Expense": 2904448.0,
        "Other Gand A": 2904448.0,
        "Total Revenue": 0.0,
        "Operating Revenue": 0.0
    },
    "2022-06-30": {
        "Tax Effect Of Unusual Items": 0.0,
        "Tax Rate For Calcs": 0.0,
        "Normalized EBITDA": -5397609.0,
        "Net Income From Continuing Operation Net Minority Interest": -5408145.0,
        "Reconciled Depreciation": 7318.0,
        "EBIT": -5404927.0,
        "Net Interest Income": -2292.0,
        "Interest Expense": 3218.0,
        "Interest Income": 926.0,
        "Normalized Income": -5408145.0,
        "Net Income From Continuing And Discontinued Operation": -5408145.0,
        "Total Expenses": 5405853.0,
        "Total Operating Income As Reported": -5405853.0,
        "Diluted Average Shares": 103844.0,
        "Basic Average Shares": 103844.0,
        "Diluted EPS": -52.5,
        "Basic EPS": -52.5,
        "Diluted NI Availto Com Stockholders": -5552570.0,
        "Net Income Common Stockholders": -5552570.0,
        "Otherunder Preferred Stock Dividend": 47300.0,
        "Preferred Stock Dividends": 97125.0,
        "Net Income": -5408145.0,
        "Net Income Including Noncontrolling Interests": -5408145.0,
        "Net Income Continuous Operations": -5408145.0,
        "Pretax Income": -5408145.0,
        "Other Income Expense": NaN,
        "Other Non Operating Income Expenses": NaN,
        "Net Non Operating Interest Income Expense": -2292.0,
        "Interest Expense Non Operating": 3218.0,
        "Interest Income Non Operating": 926.0,
        "Operating Income": -5405853.0,
        "Operating Expense": 5405853.0,
        "Research And Development": 2906896.0,
        "Selling General And Administration": 2498957.0,
        "General And Administrative Expense": 2498957.0,
        "Other Gand A": 2498957.0,
        "Total Revenue": 0.0,
        "Operating Revenue": 0.0
    },
    "2022-03-31": {
        "Diluted EPS": -138.28,
        "Total Revenue": NaN,
        "Gross Profit": NaN,
        "Operating Income": -9,
        "EBIT": -9,
        "Net Income": -10
    },
    "2021-12-31": {
        "Diluted EPS": 178.8,
        "Total Revenue": NaN,
        "Gross Profit": NaN,
        "Operating Income": -11,
        "EBIT": -9,
        "Net Income": -11
    },
    "2021-09-30": {
        "Diluted EPS": -685.79,
        "Total Revenue": NaN,
        "Gross Profit": NaN,
        "Operating Income": -30,
        "EBIT": -30,
        "Net Income": -31
    },
    "2021-06-30": {
        "Diluted EPS": -342.54,
        "Total Revenue": NaN,
        "Gross Profit": NaN,
        "Operating Income": -9,
        "EBIT": -9,
        "Net Income": -13
    },
    "2021-03-31": {
        "Diluted EPS": NaN,
        "Total Revenue": NaN,
        "Gross Profit": NaN,
        "Operating Income": -8,
        "EBIT": -8,
        "Net Income": -30
    },
    "2020-12-31": {
        "Diluted EPS": NaN,
        "Total Revenue": NaN,
        "Gross Profit": NaN,
        "Operating Income": -17,
        "EBIT": -17,
        "Net Income": -18
    },
    "2020-09-30": {
        "Diluted EPS": -991.9,
        "Total Revenue": NaN,
        "Gross Profit": NaN,
        "Operating Income": -4,
        "EBIT": -4,
        "Net Income": -13
    },
    "2020-06-30": {
        "Diluted EPS": -357.25,
        "Total Revenue": NaN,
        "Gross Profit": NaN,
        "Operating Income": -2,
        "EBIT": -2,
        "Net Income": -5
    },
    "2020-03-31": {
        "Diluted EPS": -420.29,
        "Total Revenue": NaN,
        "Gross Profit": NaN,
        "Operating Income": -3,
        "EBIT": -3,
        "Net Income": -5
    },
    "2019-12-31": {
        "Diluted EPS": 0.0,
        "Total Revenue": NaN,
        "Gross Profit": NaN,
        "Operating Income": -1,
        "EBIT": -1,
        "Net Income": -1
    },
    "2019-09-30": {
        "Diluted EPS": -357.25,
        "Total Revenue": NaN,
        "Gross Profit": NaN,
        "Operating Income": -4,
        "EBIT": -4,
        "Net Income": -4
    },
    "2019-06-30": {
        "Diluted EPS": -525.37,
        "Total Revenue": NaN,
        "Gross Profit": NaN,
        "Operating Income": -5,
        "EBIT": -5,
        "Net Income": -5
    },
    "2019-03-31": {
        "Diluted EPS": -546.38,
        "Total Revenue": NaN,
        "Gross Profit": NaN,
        "Operating Income": -5,
        "EBIT": -4,
        "Net Income": -5
    },
    "2018-12-31": {
        "Diluted EPS": -462.32,
        "Total Revenue": NaN,
        "Gross Profit": NaN,
        "Operating Income": -4,
        "EBIT": -4,
        "Net Income": -4
    },
    "2018-09-30": {
        "Diluted EPS": -315.22,
        "Total Revenue": NaN,
        "Gross Profit": NaN,
        "Operating Income": -3,
        "EBIT": -2,
        "Net Income": -3
    },
    "2018-06-30": {
        "Diluted EPS": -462.32,
        "Total Revenue": NaN,
        "Gross Profit": NaN,
        "Operating Income": -3,
        "EBIT": -3,
        "Net Income": -3
    },
    "2018-03-31": {
        "Diluted EPS": -609.43,
        "Total Revenue": NaN,
        "Gross Profit": NaN,
        "Operating Income": -4,
        "EBIT": -3,
        "Net Income": -4
    },
    "2017-12-31": {
        "Diluted EPS": -420.29,
        "Total Revenue": NaN,
        "Gross Profit": NaN,
        "Operating Income": -2,
        "EBIT": -2,
        "Net Income": -2
    },
    "2017-09-30": {
        "Diluted EPS": -588.41,
        "Total Revenue": NaN,
        "Gross Profit": NaN,
        "Operating Income": -3,
        "EBIT": -3,
        "Net Income": -3
    },
    "2017-06-30": {
        "Diluted EPS": -567.4,
        "Total Revenue": NaN,
        "Gross Profit": NaN,
        "Operating Income": -2,
        "EBIT": -2,
        "Net Income": -3
    },
    "2017-03-31": {
        "Diluted EPS": -609.43,
        "Total Revenue": NaN,
        "Gross Profit": NaN,
        "Operating Income": -3,
        "EBIT": -3,
        "Net Income": -3
    },
    "2016-12-31": {
        "Diluted EPS": NaN,
        "Total Revenue": NaN,
        "Gross Profit": NaN,
        "Operating Income": -1,
        "EBIT": -1,
        "Net Income": -6
    },
    "2016-09-30": {
        "Diluted EPS": NaN,
        "Total Revenue": NaN,
        "Gross Profit": NaN,
        "Operating Income": -2,
        "EBIT": -2,
        "Net Income": -3
    },
    "2016-06-30": {
        "Diluted EPS": NaN,
        "Total Revenue": NaN,
        "Gross Profit": NaN,
        "Operating Income": -2,
        "EBIT": -2,
        "Net Income": -4
    },
    "2016-03-31": {
        "Diluted EPS": -882.62,
        "Total Revenue": NaN,
        "Gross Profit": NaN,
        "Operating Income": -1,
        "EBIT": -1,
        "Net Income": -2
    },
    "2015-12-31": {
        "Diluted EPS": 0.0,
        "Total Revenue": NaN,
        "Gross Profit": NaN,
        "Operating Income": NaN,
        "EBIT": NaN,
        "Net Income": NaN
    },
    "2015-09-30": {
        "Diluted EPS": NaN,
        "Total Revenue": NaN,
        "Gross Profit": NaN,
        "Operating Income": -1,
        "EBIT": -1,
        "Net Income": -2
    },
    "2014-12-31": {
        "Diluted EPS": 0.0,
        "Total Revenue": NaN,
        "Gross Profit": NaN,
        "Operating Income": NaN,
        "EBIT": NaN,
        "Net Income": NaN
    }
}