{
    "2023-03-31": {
        "Tax Effect Of Unusual Items": -1500000.0,
        "Tax Rate For Calcs": 0.25,
        "Normalized EBITDA": 481000000.0,
        "Total Unusual Items": -6000000.0,
        "Total Unusual Items Excluding Goodwill": -6000000.0,
        "Net Income From Continuing Operation Net Minority Interest": 3000000.0,
        "Reconciled Depreciation": 330000000.0,
        "Reconciled Cost Of Revenue": 542000000.0,
        "EBIT": 145000000.0,
        "Net Interest Income": -141000000.0,
        "Interest Expense": 141000000.0,
        "Interest Income": 21000000.0,
        "Normalized Income": 7500000.0,
        "Net Income From Continuing And Discontinued Operation": 3000000.0,
        "Total Expenses": 1289000000.0,
        "Total Operating Income As Reported": 143000000.0,
        "Diluted Average Shares": 246425000.0,
        "Basic Average Shares": 245081000.0,
        "Diluted EPS": 0.01,
        "Basic EPS": 0.01,
        "Diluted NI Availto Com Stockholders": 3000000.0,
        "Average Dilution Earnings": 0.0,
        "Net Income Common Stockholders": 3000000.0,
        "Net Income": 3000000.0,
        "Net Income Including Noncontrolling Interests": 3000000.0,
        "Net Income Continuous Operations": 3000000.0,
        "Tax Provision": 1000000.0,
        "Pretax Income": 4000000.0,
        "Other Income Expense": -6000000.0,
        "Other Non Operating Income Expenses": -19000000.0,
        "Special Income Charges": -8000000.0,
        "Other Special Charges": NaN,
        "Restructuring And Mergern Acquisition": 8000000.0,
        "Gain On Sale Of Security": 2000000.0,
        "Net Non Operating Interest Income Expense": -141000000.0,
        "Interest Expense Non Operating": 141000000.0,
        "Interest Income Non Operating": 21000000.0,
        "Operating Income": 151000000.0,
        "Operating Expense": 747000000.0,
        "Other Operating Expenses": -22000000.0,
        "Depreciation Amortization Depletion Income Statement": 330000000.0,
        "Depreciation And Amortization In Income Statement": 330000000.0,
        "Amortization": NaN,
        "Amortization Of Intangibles Income Statement": NaN,
        "Depreciation Income Statement": NaN,
        "Selling General And Administration": 417000000.0,
        "Gross Profit": 898000000.0,
        "Cost Of Revenue": 542000000.0,
        "Total Revenue": 1440000000.0,
        "Operating Revenue": 1440000000.0
    },
    "2022-12-31": {
        "Tax Effect Of Unusual Items": 51200000.0,
        "Tax Rate For Calcs": 0.4,
        "Normalized EBITDA": 459000000.0,
        "Total Unusual Items": 128000000.0,
        "Total Unusual Items Excluding Goodwill": 128000000.0,
        "Net Income From Continuing Operation Net Minority Interest": 155000000.0,
        "Reconciled Depreciation": 312000000.0,
        "Reconciled Cost Of Revenue": 526000000.0,
        "EBIT": 275000000.0,
        "Net Interest Income": -136000000.0,
        "Interest Expense": 136000000.0,
        "Interest Income": 18000000.0,
        "Normalized Income": 78200000.0,
        "Net Income From Continuing And Discontinued Operation": 155000000.0,
        "Total Expenses": 1290000000.0,
        "Total Operating Income As Reported": 136000000.0,
        "Diluted Average Shares": 245395000.0,
        "Basic Average Shares": 245010000.0,
        "Diluted EPS": 0.63,
        "Basic EPS": 0.63,
        "Diluted NI Availto Com Stockholders": 155000000.0,
        "Average Dilution Earnings": 0.0,
        "Net Income Common Stockholders": 155000000.0,
        "Net Income": 155000000.0,
        "Net Income Including Noncontrolling Interests": 155000000.0,
        "Net Income Continuous Operations": 155000000.0,
        "Tax Provision": -16000000.0,
        "Pretax Income": 139000000.0,
        "Other Income Expense": 128000000.0,
        "Other Non Operating Income Expenses": 126000000.0,
        "Special Income Charges": -16000000.0,
        "Other Special Charges": 5000000.0,
        "Restructuring And Mergern Acquisition": 11000000.0,
        "Gain On Sale Of Security": 144000000.0,
        "Net Non Operating Interest Income Expense": -136000000.0,
        "Interest Expense Non Operating": 136000000.0,
        "Interest Income Non Operating": 18000000.0,
        "Operating Income": 147000000.0,
        "Operating Expense": 764000000.0,
        "Other Operating Expenses": NaN,
        "Depreciation Amortization Depletion Income Statement": 312000000.0,
        "Depreciation And Amortization In Income Statement": 312000000.0,
        "Amortization": 80000000.0,
        "Amortization Of Intangibles Income Statement": 80000000.0,
        "Depreciation Income Statement": 232000000.0,
        "Selling General And Administration": 452000000.0,
        "Gross Profit": 911000000.0,
        "Cost Of Revenue": 526000000.0,
        "Total Revenue": 1437000000.0,
        "Operating Revenue": 1437000000.0
    },
    "2022-09-30": {
        "Tax Effect Of Unusual Items": -20790000.0,
        "Tax Rate For Calcs": 0.385,
        "Normalized EBITDA": 680000000.0,
        "Total Unusual Items": -54000000.0,
        "Total Unusual Items Excluding Goodwill": -54000000.0,
        "Net Income From Continuing Operation Net Minority Interest": 120000000.0,
        "Reconciled Depreciation": 296000000.0,
        "Reconciled Cost Of Revenue": 544000000.0,
        "EBIT": 330000000.0,
        "Net Interest Income": -119000000.0,
        "Interest Expense": 135000000.0,
        "Interest Income": 16000000.0,
        "Normalized Income": 153210000.0,
        "Net Income From Continuing And Discontinued Operation": 120000000.0,
        "Total Expenses": 1253000000.0,
        "Total Operating Income As Reported": 169000000.0,
        "Diluted Average Shares": 245212000.0,
        "Basic Average Shares": 244984000.0,
        "Diluted EPS": 0.49,
        "Basic EPS": 0.49,
        "Diluted NI Availto Com Stockholders": 120000000.0,
        "Average Dilution Earnings": 0.0,
        "Net Income Common Stockholders": 120000000.0,
        "Net Income": 120000000.0,
        "Net Income Including Noncontrolling Interests": 120000000.0,
        "Net Income Continuous Operations": 120000000.0,
        "Tax Provision": 75000000.0,
        "Pretax Income": 195000000.0,
        "Other Income Expense": 141000000.0,
        "Other Non Operating Income Expenses": 195000000.0,
        "Special Income Charges": -54000000.0,
        "Other Special Charges": 50000000.0,
        "Restructuring And Mergern Acquisition": 4000000.0,
        "Gain On Sale Of Security": NaN,
        "Net Non Operating Interest Income Expense": -119000000.0,
        "Interest Expense Non Operating": 135000000.0,
        "Interest Income Non Operating": 16000000.0,
        "Operating Income": 173000000.0,
        "Operating Expense": 709000000.0,
        "Other Operating Expenses": -18000000.0,
        "Depreciation Amortization Depletion Income Statement": 296000000.0,
        "Depreciation And Amortization In Income Statement": 296000000.0,
        "Amortization": 81000000.0,
        "Amortization Of Intangibles Income Statement": 81000000.0,
        "Depreciation Income Statement": 215000000.0,
        "Selling General And Administration": 431000000.0,
        "Gross Profit": 882000000.0,
        "Cost Of Revenue": 544000000.0,
        "Total Revenue": 1426000000.0,
        "Operating Revenue": 1426000000.0
    },
    "2022-06-30": {
        "Tax Effect Of Unusual Items": -12000000.0,
        "Tax Rate For Calcs": 0.4,
        "Normalized EBITDA": 608000000.0,
        "Total Unusual Items": -30000000.0,
        "Total Unusual Items Excluding Goodwill": -30000000.0,
        "Net Income From Continuing Operation Net Minority Interest": 101000000.0,
        "Reconciled Depreciation": 290000000.0,
        "Reconciled Cost Of Revenue": 546000000.0,
        "EBIT": 288000000.0,
        "Net Interest Income": -112000000.0,
        "Interest Expense": 118000000.0,
        "Interest Income": 6000000.0,
        "Normalized Income": 119000000.0,
        "Net Income From Continuing And Discontinued Operation": 101000000.0,
        "Total Expenses": 1263000000.0,
        "Total Operating Income As Reported": 166000000.0,
        "Diluted Average Shares": 244723000.0,
        "Basic Average Shares": 244723000.0,
        "Diluted EPS": 0.41,
        "Basic EPS": 0.41,
        "Diluted NI Availto Com Stockholders": 101000000.0,
        "Average Dilution Earnings": 0.0,
        "Net Income Common Stockholders": 101000000.0,
        "Net Income": 101000000.0,
        "Net Income Including Noncontrolling Interests": 101000000.0,
        "Net Income Continuous Operations": 101000000.0,
        "Tax Provision": 69000000.0,
        "Pretax Income": 170000000.0,
        "Other Income Expense": 86000000.0,
        "Other Non Operating Income Expenses": 116000000.0,
        "Special Income Charges": -30000000.0,
        "Other Special Charges": NaN,
        "Restructuring And Mergern Acquisition": 30000000.0,
        "Gain On Sale Of Security": NaN,
        "Net Non Operating Interest Income Expense": -112000000.0,
        "Interest Expense Non Operating": 118000000.0,
        "Interest Income Non Operating": 6000000.0,
        "Operating Income": 196000000.0,
        "Operating Expense": 717000000.0,
        "Other Operating Expenses": NaN,
        "Depreciation Amortization Depletion Income Statement": 290000000.0,
        "Depreciation And Amortization In Income Statement": 290000000.0,
        "Amortization": 79000000.0,
        "Amortization Of Intangibles Income Statement": 79000000.0,
        "Depreciation Income Statement": 211000000.0,
        "Selling General And Administration": 427000000.0,
        "Gross Profit": 913000000.0,
        "Cost Of Revenue": 546000000.0,
        "Total Revenue": 1459000000.0,
        "Operating Revenue": 1442000000.0
    },
    "2022-03-31": {
        "Diluted EPS": 0.26,
        "Total Revenue": NaN,
        "Gross Profit": 894,
        "Operating Income": 121,
        "EBIT": 398,
        "Net Income": 65
    },
    "2021-12-31": {
        "Diluted EPS": 0.33,
        "Total Revenue": NaN,
        "Gross Profit": 997,
        "Operating Income": 272,
        "EBIT": 537,
        "Net Income": 189
    },
    "2021-09-30": {
        "Diluted EPS": 0.51,
        "Total Revenue": NaN,
        "Gross Profit": 986,
        "Operating Income": 284,
        "EBIT": 557,
        "Net Income": 126
    },
    "2021-06-30": {
        "Diluted EPS": 18.74,
        "Total Revenue": NaN,
        "Gross Profit": NaN,
        "Operating Income": 298,
        "EBIT": 596,
        "Net Income": NaN
    },
    "2021-03-31": {
        "Diluted EPS": 0.57,
        "Total Revenue": NaN,
        "Gross Profit": NaN,
        "Operating Income": 259,
        "EBIT": 646,
        "Net Income": 60
    },
    "2020-12-31": {
        "Diluted EPS": -0.48,
        "Total Revenue": NaN,
        "Gross Profit": NaN,
        "Operating Income": 277,
        "EBIT": 663,
        "Net Income": -50
    },
    "2020-09-30": {
        "Diluted EPS": 0.14,
        "Total Revenue": NaN,
        "Gross Profit": NaN,
        "Operating Income": 270,
        "EBIT": 664,
        "Net Income": 15
    },
    "2020-06-30": {
        "Diluted EPS": -1.73,
        "Total Revenue": NaN,
        "Gross Profit": NaN,
        "Operating Income": 140,
        "EBIT": 540,
        "Net Income": -181
    },
    "2020-03-31": {
        "Diluted EPS": -1.78,
        "Total Revenue": NaN,
        "Gross Profit": NaN,
        "Operating Income": 272,
        "EBIT": 695,
        "Net Income": -186
    },
    "2019-12-31": {
        "Diluted EPS": -1.58,
        "Total Revenue": NaN,
        "Gross Profit": NaN,
        "Operating Income": 221,
        "EBIT": 648,
        "Net Income": -162
    },
    "2019-09-30": {
        "Diluted EPS": -3.31,
        "Total Revenue": NaN,
        "Gross Profit": NaN,
        "Operating Income": 26,
        "EBIT": 732,
        "Net Income": -345
    },
    "2019-06-30": {
        "Diluted EPS": -51.07,
        "Total Revenue": NaN,
        "Gross Profit": NaN,
        "Operating Income": NaN,
        "EBIT": 450,
        "Net Income": NaN
    },
    "2019-03-31": {
        "Diluted EPS": -0.84,
        "Total Revenue": NaN,
        "Gross Profit": NaN,
        "Operating Income": 339,
        "EBIT": 832,
        "Net Income": -87
    },
    "2018-12-31": {
        "Diluted EPS": -2.9,
        "Total Revenue": NaN,
        "Gross Profit": NaN,
        "Operating Income": 127,
        "EBIT": 868,
        "Net Income": -219
    },
    "2018-09-30": {
        "Diluted EPS": -4.11,
        "Total Revenue": NaN,
        "Gross Profit": NaN,
        "Operating Income": -33,
        "EBIT": 847,
        "Net Income": -426
    },
    "2018-06-30": {
        "Diluted EPS": -0.92,
        "Total Revenue": NaN,
        "Gross Profit": NaN,
        "Operating Income": 367,
        "EBIT": 861,
        "Net Income": -72
    },
    "2018-03-31": {
        "Diluted EPS": -0.44,
        "Total Revenue": NaN,
        "Gross Profit": NaN,
        "Operating Income": 366,
        "EBIT": 880,
        "Net Income": -33
    },
    "2017-12-31": {
        "Diluted EPS": -13.92,
        "Total Revenue": NaN,
        "Gross Profit": NaN,
        "Operating Income": NaN,
        "EBIT": 852,
        "Net Income": NaN
    },
    "2017-09-30": {
        "Diluted EPS": -1.19,
        "Total Revenue": NaN,
        "Gross Profit": NaN,
        "Operating Income": 322,
        "EBIT": 870,
        "Net Income": -92
    },
    "2017-06-30": {
        "Diluted EPS": -9.21,
        "Total Revenue": NaN,
        "Gross Profit": NaN,
        "Operating Income": -375,
        "EBIT": 855,
        "Net Income": -715
    },
    "2017-03-31": {
        "Diluted EPS": -1.67,
        "Total Revenue": NaN,
        "Gross Profit": NaN,
        "Operating Income": 317,
        "EBIT": 905,
        "Net Income": -129
    },
    "2016-12-31": {
        "Diluted EPS": -4.62,
        "Total Revenue": NaN,
        "Gross Profit": NaN,
        "Operating Income": 278,
        "EBIT": 848,
        "Net Income": -133
    },
    "2016-09-30": {
        "Diluted EPS": -1.73,
        "Total Revenue": NaN,
        "Gross Profit": NaN,
        "Operating Income": 264,
        "EBIT": 852,
        "Net Income": -134
    },
    "2016-06-30": {
        "Diluted EPS": -1.05,
        "Total Revenue": NaN,
        "Gross Profit": NaN,
        "Operating Income": 311,
        "EBIT": 893,
        "Net Income": -80
    },
    "2016-03-31": {
        "Diluted EPS": -0.21,
        "Total Revenue": NaN,
        "Gross Profit": 869,
        "Operating Income": 58,
        "EBIT": 395,
        "Net Income": -240
    },
    "2015-12-31": {
        "Diluted EPS": -4.26,
        "Total Revenue": NaN,
        "Gross Profit": 930,
        "Operating Income": 182,
        "EBIT": 498,
        "Net Income": -156
    },
    "2015-09-30": {
        "Diluted EPS": -0.07,
        "Total Revenue": NaN,
        "Gross Profit": 934,
        "Operating Income": 207,
        "EBIT": 588,
        "Net Income": -81
    },
    "2015-06-30": {
        "Diluted EPS": -0.03,
        "Total Revenue": NaN,
        "Gross Profit": 894,
        "Operating Income": 193,
        "EBIT": 605,
        "Net Income": -28
    },
    "2015-03-31": {
        "Diluted EPS": -0.05,
        "Total Revenue": NaN,
        "Gross Profit": 891,
        "Operating Income": 163,
        "EBIT": 565,
        "Net Income": -51
    },
    "2014-12-31": {
        "Diluted EPS": 0.01,
        "Total Revenue": NaN,
        "Gross Profit": 866,
        "Operating Income": 173,
        "EBIT": 476,
        "Net Income": 14
    },
    "2014-09-30": {
        "Diluted EPS": 0.04,
        "Total Revenue": NaN,
        "Gross Profit": 757,
        "Operating Income": 197,
        "EBIT": 488,
        "Net Income": 42
    },
    "2014-06-30": {
        "Diluted EPS": 0.04,
        "Total Revenue": NaN,
        "Gross Profit": 782,
        "Operating Income": 224,
        "EBIT": 498,
        "Net Income": 38
    },
    "2014-03-31": {
        "Diluted EPS": 0.04,
        "Total Revenue": NaN,
        "Gross Profit": 784,
        "Operating Income": 226,
        "EBIT": 507,
        "Net Income": 39
    },
    "2013-12-31": {
        "Diluted EPS": 0.06,
        "Total Revenue": NaN,
        "Gross Profit": 535,
        "Operating Income": 258,
        "EBIT": 553,
        "Net Income": 68
    },
    "2013-09-30": {
        "Diluted EPS": 0.04,
        "Total Revenue": NaN,
        "Gross Profit": 532,
        "Operating Income": 206,
        "EBIT": 492,
        "Net Income": 35
    },
    "2013-06-30": {
        "Diluted EPS": -0.04,
        "Total Revenue": NaN,
        "Gross Profit": NaN,
        "Operating Income": 266,
        "EBIT": 564,
        "Net Income": -38
    },
    "2013-03-31": {
        "Diluted EPS": 0.05,
        "Total Revenue": NaN,
        "Gross Profit": NaN,
        "Operating Income": 251,
        "EBIT": 554,
        "Net Income": 48
    },
    "2012-12-31": {
        "Diluted EPS": 0.01,
        "Total Revenue": NaN,
        "Gross Profit": -10,
        "Operating Income": 236,
        "EBIT": 540,
        "Net Income": 25
    },
    "2012-09-30": {
        "Diluted EPS": 0.07,
        "Total Revenue": NaN,
        "Gross Profit": NaN,
        "Operating Income": 275,
        "EBIT": 574,
        "Net Income": 67
    },
    "2012-06-30": {
        "Diluted EPS": 0.02,
        "Total Revenue": NaN,
        "Gross Profit": NaN,
        "Operating Income": 268,
        "EBIT": 575,
        "Net Income": 18
    },
    "2012-03-31": {
        "Diluted EPS": 0.03,
        "Total Revenue": NaN,
        "Gross Profit": NaN,
        "Operating Income": 208,
        "EBIT": 566,
        "Net Income": 27
    },
    "2011-12-31": {
        "Diluted EPS": 0.05,
        "Total Revenue": NaN,
        "Gross Profit": NaN,
        "Operating Income": 230,
        "EBIT": 571,
        "Net Income": 42
    },
    "2011-09-30": {
        "Diluted EPS": 0.02,
        "Total Revenue": NaN,
        "Gross Profit": NaN,
        "Operating Income": 180,
        "EBIT": 532,
        "Net Income": 20
    },
    "2011-06-30": {
        "Diluted EPS": 0.03,
        "Total Revenue": NaN,
        "Gross Profit": NaN,
        "Operating Income": 238,
        "EBIT": 597,
        "Net Income": 32
    },
    "2011-03-31": {
        "Diluted EPS": 0.05,
        "Total Revenue": NaN,
        "Gross Profit": NaN,
        "Operating Income": 251,
        "EBIT": 602,
        "Net Income": 55
    },
    "2010-12-31": {
        "Diluted EPS": -0.05,
        "Total Revenue": NaN,
        "Gross Profit": NaN,
        "Operating Income": 240,
        "EBIT": 592,
        "Net Income": 46
    },
    "2010-09-30": {
        "Diluted EPS": 0.03,
        "Total Revenue": NaN,
        "Gross Profit": NaN,
        "Operating Income": 234,
        "EBIT": 574,
        "Net Income": 29
    },
    "2010-06-30": {
        "Diluted EPS": 0.11,
        "Total Revenue": 516,
        "Gross Profit": 463,
        "Operating Income": 136,
        "EBIT": 236,
        "Net Income": 35
    },
    "2010-03-31": {
        "Diluted EPS": 0.14,
        "Total Revenue": 520,
        "Gross Profit": 466,
        "Operating Income": 162,
        "EBIT": 263,
        "Net Income": 43
    },
    "2009-12-31": {
        "Diluted EPS": 0.0,
        "Total Revenue": 521,
        "Gross Profit": 470,
        "Operating Income": 158,
        "EBIT": 260,
        "Net Income": 4
    },
    "2009-09-30": {
        "Diluted EPS": 0.17,
        "Total Revenue": 527,
        "Gross Profit": 472,
        "Operating Income": 172,
        "EBIT": 276,
        "Net Income": 52
    },
    "2009-06-30": {
        "Diluted EPS": 0.09,
        "Total Revenue": 532,
        "Gross Profit": 473,
        "Operating Income": 137,
        "EBIT": 269,
        "Net Income": 28
    },
    "2009-03-31": {
        "Diluted EPS": 0.12,
        "Total Revenue": 538,
        "Gross Profit": 477,
        "Operating Income": 140,
        "EBIT": 277,
        "Net Income": 36
    },
    "2023-06-30": {
        "Tax Effect Of Unusual Items": 0.0,
        "Tax Rate For Calcs": 0.0,
        "Normalized EBITDA": 493000000.0,
        "Total Unusual Items": 8000000.0,
        "Total Unusual Items Excluding Goodwill": 8000000.0,
        "Net Income From Continuing Operation Net Minority Interest": -2000000.0,
        "Reconciled Depreciation": 354000000.0,
        "Reconciled Cost Of Revenue": 528000000.0,
        "EBIT": 147000000.0,
        "Net Interest Income": -149000000.0,
        "Interest Expense": 149000000.0,
        "Interest Income": 17000000.0,
        "Normalized Income": -10000000.0,
        "Net Income From Continuing And Discontinued Operation": -2000000.0,
        "Total Expenses": 1310000000.0,
        "Total Operating Income As Reported": 115000000.0,
        "Diluted Average Shares": 245474000.0,
        "Basic Average Shares": 245474000.0,
        "Diluted EPS": -0.01,
        "Basic EPS": -0.01,
        "Diluted NI Availto Com Stockholders": -2000000.0,
        "Average Dilution Earnings": 0.0,
        "Net Income Common Stockholders": -2000000.0,
        "Net Income": -2000000.0,
        "Net Income Including Noncontrolling Interests": -2000000.0,
        "Net Income Continuous Operations": -2000000.0,
        "Tax Provision": 0.0,
        "Pretax Income": -2000000.0,
        "Other Income Expense": 8000000.0,
        "Other Non Operating Income Expenses": 15000000.0,
        "Special Income Charges": -24000000.0,
        "Other Special Charges": NaN,
        "Restructuring And Mergern Acquisition": 24000000.0,
        "Gain On Sale Of Security": 32000000.0,
        "Net Non Operating Interest Income Expense": -149000000.0,
        "Interest Expense Non Operating": 149000000.0,
        "Interest Income Non Operating": 17000000.0,
        "Operating Income": 139000000.0,
        "Operating Expense": 782000000.0,
        "Other Operating Expenses": -21000000.0,
        "Depreciation Amortization Depletion Income Statement": 354000000.0,
        "Depreciation And Amortization In Income Statement": 354000000.0,
        "Amortization": NaN,
        "Amortization Of Intangibles Income Statement": NaN,
        "Depreciation Income Statement": NaN,
        "Selling General And Administration": 428000000.0,
        "Gross Profit": 921000000.0,
        "Cost Of Revenue": 528000000.0,
        "Total Revenue": 1449000000.0,
        "Operating Revenue": 1449000000.0
    }
}