{
    "2023-03-31": {
        "Tax Effect Of Unusual Items": NaN,
        "Tax Rate For Calcs": NaN,
        "Normalized EBITDA": NaN,
        "Total Unusual Items": NaN,
        "Total Unusual Items Excluding Goodwill": NaN,
        "Net Income From Continuing Operation Net Minority Interest": NaN,
        "Reconciled Depreciation": NaN,
        "EBITDA": NaN,
        "EBIT": NaN,
        "Net Interest Income": NaN,
        "Interest Expense": NaN,
        "Interest Income": NaN,
        "Normalized Income": NaN,
        "Net Income From Continuing And Discontinued Operation": NaN,
        "Total Expenses": NaN,
        "Total Operating Income As Reported": NaN,
        "Diluted Average Shares": 59480000.0,
        "Basic Average Shares": 59480000.0,
        "Diluted EPS": -0.19,
        "Basic EPS": -0.19,
        "Diluted NI Availto Com Stockholders": NaN,
        "Net Income Common Stockholders": NaN,
        "Otherunder Preferred Stock Dividend": NaN,
        "Preferred Stock Dividends": NaN,
        "Net Income": NaN,
        "Net Income Including Noncontrolling Interests": NaN,
        "Net Income Continuous Operations": NaN,
        "Pretax Income": NaN,
        "Other Income Expense": NaN,
        "Gain On Sale Of Security": NaN,
        "Net Non Operating Interest Income Expense": NaN,
        "Interest Expense Non Operating": NaN,
        "Interest Income Non Operating": NaN,
        "Operating Income": NaN,
        "Operating Expense": NaN,
        "Research And Development": NaN,
        "Selling General And Administration": NaN,
        "General And Administrative Expense": NaN,
        "Other Gand A": NaN,
        "Total Revenue": NaN,
        "Operating Revenue": NaN
    },
    "2022-12-31": {
        "Tax Effect Of Unusual Items": NaN,
        "Tax Rate For Calcs": NaN,
        "Normalized EBITDA": NaN,
        "Total Unusual Items": NaN,
        "Total Unusual Items Excluding Goodwill": NaN,
        "Net Income From Continuing Operation Net Minority Interest": NaN,
        "Reconciled Depreciation": NaN,
        "EBITDA": NaN,
        "EBIT": NaN,
        "Net Interest Income": NaN,
        "Interest Expense": NaN,
        "Interest Income": NaN,
        "Normalized Income": NaN,
        "Net Income From Continuing And Discontinued Operation": NaN,
        "Total Expenses": NaN,
        "Total Operating Income As Reported": NaN,
        "Diluted Average Shares": NaN,
        "Basic Average Shares": NaN,
        "Diluted EPS": NaN,
        "Basic EPS": NaN,
        "Diluted NI Availto Com Stockholders": NaN,
        "Net Income Common Stockholders": NaN,
        "Otherunder Preferred Stock Dividend": NaN,
        "Preferred Stock Dividends": 65000.0,
        "Net Income": NaN,
        "Net Income Including Noncontrolling Interests": NaN,
        "Net Income Continuous Operations": NaN,
        "Pretax Income": NaN,
        "Other Income Expense": NaN,
        "Gain On Sale Of Security": NaN,
        "Net Non Operating Interest Income Expense": NaN,
        "Interest Expense Non Operating": NaN,
        "Interest Income Non Operating": NaN,
        "Operating Income": NaN,
        "Operating Expense": NaN,
        "Research And Development": NaN,
        "Selling General And Administration": NaN,
        "General And Administrative Expense": NaN,
        "Other Gand A": NaN,
        "Total Revenue": NaN,
        "Operating Revenue": NaN
    },
    "2022-09-30": {
        "Tax Effect Of Unusual Items": NaN,
        "Tax Rate For Calcs": NaN,
        "Normalized EBITDA": NaN,
        "Total Unusual Items": NaN,
        "Total Unusual Items Excluding Goodwill": NaN,
        "Net Income From Continuing Operation Net Minority Interest": NaN,
        "Reconciled Depreciation": NaN,
        "EBITDA": NaN,
        "EBIT": NaN,
        "Net Interest Income": NaN,
        "Interest Expense": NaN,
        "Interest Income": NaN,
        "Normalized Income": NaN,
        "Net Income From Continuing And Discontinued Operation": NaN,
        "Total Expenses": NaN,
        "Total Operating Income As Reported": NaN,
        "Diluted Average Shares": 59396000.0,
        "Basic Average Shares": 59396000.0,
        "Diluted EPS": -0.14,
        "Basic EPS": -0.14,
        "Diluted NI Availto Com Stockholders": NaN,
        "Net Income Common Stockholders": NaN,
        "Otherunder Preferred Stock Dividend": 0.0,
        "Preferred Stock Dividends": NaN,
        "Net Income": NaN,
        "Net Income Including Noncontrolling Interests": NaN,
        "Net Income Continuous Operations": NaN,
        "Pretax Income": NaN,
        "Other Income Expense": NaN,
        "Gain On Sale Of Security": NaN,
        "Net Non Operating Interest Income Expense": NaN,
        "Interest Expense Non Operating": NaN,
        "Interest Income Non Operating": NaN,
        "Operating Income": NaN,
        "Operating Expense": NaN,
        "Research And Development": NaN,
        "Selling General And Administration": NaN,
        "General And Administrative Expense": NaN,
        "Other Gand A": NaN,
        "Total Revenue": NaN,
        "Operating Revenue": NaN
    },
    "2022-06-30": {
        "Tax Effect Of Unusual Items": 0.0,
        "Tax Rate For Calcs": 0.0,
        "Normalized EBITDA": -9652000.0,
        "Total Unusual Items": 275000.0,
        "Total Unusual Items Excluding Goodwill": 275000.0,
        "Net Income From Continuing Operation Net Minority Interest": -9613000.0,
        "Reconciled Depreciation": 7000.0,
        "EBITDA": -9377000.0,
        "EBIT": -9384000.0,
        "Net Interest Income": -226000.0,
        "Interest Expense": 229000.0,
        "Interest Income": 3000.0,
        "Normalized Income": -9888000.0,
        "Net Income From Continuing And Discontinued Operation": -9613000.0,
        "Total Expenses": 9662000.0,
        "Total Operating Income As Reported": -9662000.0,
        "Diluted Average Shares": 59389000.0,
        "Basic Average Shares": 59389000.0,
        "Diluted EPS": -0.16,
        "Basic EPS": -0.16,
        "Diluted NI Availto Com Stockholders": -9677000.0,
        "Net Income Common Stockholders": -9677000.0,
        "Preferred Stock Dividends": 64000.0,
        "Net Income": -9613000.0,
        "Net Income Including Noncontrolling Interests": -9613000.0,
        "Net Income Continuous Operations": -9613000.0,
        "Pretax Income": -9613000.0,
        "Other Income Expense": 275000.0,
        "Gain On Sale Of Security": 275000.0,
        "Net Non Operating Interest Income Expense": -226000.0,
        "Interest Expense Non Operating": 229000.0,
        "Interest Income Non Operating": 3000.0,
        "Operating Income": -9662000.0,
        "Operating Expense": 9662000.0,
        "Research And Development": 8074000.0,
        "Selling General And Administration": 1588000.0,
        "General And Administrative Expense": 1588000.0,
        "Other Gand A": 1588000.0,
        "Total Revenue": 0.0,
        "Operating Revenue": 0.0
    },
    "2022-03-31": {
        "Diluted EPS": -0.17,
        "Total Revenue": NaN,
        "Gross Profit": NaN,
        "Operating Income": -10,
        "EBIT": -10,
        "Net Income": -10
    },
    "2021-12-31": {
        "Diluted EPS": -0.12,
        "Total Revenue": NaN,
        "Gross Profit": NaN,
        "Operating Income": -7,
        "EBIT": -7,
        "Net Income": -7
    },
    "2021-09-30": {
        "Diluted EPS": -0.14,
        "Total Revenue": NaN,
        "Gross Profit": NaN,
        "Operating Income": -8,
        "EBIT": -8,
        "Net Income": -9
    },
    "2021-06-30": {
        "Diluted EPS": -0.15,
        "Total Revenue": NaN,
        "Gross Profit": NaN,
        "Operating Income": -8,
        "EBIT": -8,
        "Net Income": -9
    },
    "2021-03-31": {
        "Diluted EPS": -0.11,
        "Total Revenue": NaN,
        "Gross Profit": NaN,
        "Operating Income": -6,
        "EBIT": -6,
        "Net Income": -6
    },
    "2020-12-31": {
        "Diluted EPS": -0.14,
        "Total Revenue": NaN,
        "Gross Profit": NaN,
        "Operating Income": -8,
        "EBIT": -8,
        "Net Income": -8
    },
    "2020-09-30": {
        "Diluted EPS": -0.1,
        "Total Revenue": NaN,
        "Gross Profit": NaN,
        "Operating Income": -6,
        "EBIT": -6,
        "Net Income": -6
    },
    "2020-06-30": {
        "Diluted EPS": -0.11,
        "Total Revenue": NaN,
        "Gross Profit": NaN,
        "Operating Income": -6,
        "EBIT": -6,
        "Net Income": -6
    },
    "2020-03-31": {
        "Diluted EPS": -0.06,
        "Total Revenue": NaN,
        "Gross Profit": NaN,
        "Operating Income": -4,
        "EBIT": -4,
        "Net Income": -4
    },
    "2019-12-31": {
        "Diluted EPS": -0.08,
        "Total Revenue": NaN,
        "Gross Profit": NaN,
        "Operating Income": -5,
        "EBIT": -5,
        "Net Income": -5
    },
    "2019-09-30": {
        "Diluted EPS": -0.05,
        "Total Revenue": NaN,
        "Gross Profit": NaN,
        "Operating Income": -3,
        "EBIT": -3,
        "Net Income": -3
    },
    "2019-06-30": {
        "Diluted EPS": -0.06,
        "Total Revenue": NaN,
        "Gross Profit": NaN,
        "Operating Income": -3,
        "EBIT": -3,
        "Net Income": -3
    },
    "2019-03-31": {
        "Diluted EPS": -0.2,
        "Total Revenue": NaN,
        "Gross Profit": NaN,
        "Operating Income": -2,
        "EBIT": -2,
        "Net Income": -9
    },
    "2018-12-31": {
        "Diluted EPS": -0.08,
        "Total Revenue": NaN,
        "Gross Profit": NaN,
        "Operating Income": -3,
        "EBIT": -3,
        "Net Income": -3
    },
    "2018-09-30": {
        "Diluted EPS": -0.07,
        "Total Revenue": NaN,
        "Gross Profit": NaN,
        "Operating Income": -3,
        "EBIT": -3,
        "Net Income": -3
    },
    "2018-06-30": {
        "Diluted EPS": -0.11,
        "Total Revenue": NaN,
        "Gross Profit": NaN,
        "Operating Income": -4,
        "EBIT": -4,
        "Net Income": -4
    },
    "2018-03-31": {
        "Diluted EPS": -0.12,
        "Total Revenue": NaN,
        "Gross Profit": NaN,
        "Operating Income": -4,
        "EBIT": -4,
        "Net Income": -5
    },
    "2017-12-31": {
        "Diluted EPS": -0.07,
        "Total Revenue": NaN,
        "Gross Profit": NaN,
        "Operating Income": -2,
        "EBIT": -2,
        "Net Income": -3
    },
    "2017-09-30": {
        "Diluted EPS": -0.13,
        "Total Revenue": NaN,
        "Gross Profit": NaN,
        "Operating Income": -4,
        "EBIT": -4,
        "Net Income": -5
    },
    "2017-06-30": {
        "Diluted EPS": -0.14,
        "Total Revenue": NaN,
        "Gross Profit": NaN,
        "Operating Income": -5,
        "EBIT": -5,
        "Net Income": -5
    },
    "2017-03-31": {
        "Diluted EPS": -0.15,
        "Total Revenue": NaN,
        "Gross Profit": NaN,
        "Operating Income": -5,
        "EBIT": -5,
        "Net Income": -5
    },
    "2016-12-31": {
        "Diluted EPS": -0.16,
        "Total Revenue": NaN,
        "Gross Profit": NaN,
        "Operating Income": -5,
        "EBIT": -5,
        "Net Income": -5
    },
    "2016-09-30": {
        "Diluted EPS": -0.16,
        "Total Revenue": NaN,
        "Gross Profit": NaN,
        "Operating Income": -5,
        "EBIT": -5,
        "Net Income": -5
    },
    "2016-06-30": {
        "Diluted EPS": -0.2,
        "Total Revenue": NaN,
        "Gross Profit": NaN,
        "Operating Income": -6,
        "EBIT": -6,
        "Net Income": -6
    },
    "2016-03-31": {
        "Diluted EPS": -0.24,
        "Total Revenue": NaN,
        "Gross Profit": NaN,
        "Operating Income": -7,
        "EBIT": -7,
        "Net Income": -7
    },
    "2015-12-31": {
        "Diluted EPS": -0.19,
        "Total Revenue": NaN,
        "Gross Profit": NaN,
        "Operating Income": -5,
        "EBIT": -5,
        "Net Income": -5
    },
    "2015-09-30": {
        "Diluted EPS": -0.26,
        "Total Revenue": NaN,
        "Gross Profit": NaN,
        "Operating Income": -6,
        "EBIT": -6,
        "Net Income": -6
    },
    "2015-06-30": {
        "Diluted EPS": -0.21,
        "Total Revenue": NaN,
        "Gross Profit": NaN,
        "Operating Income": -5,
        "EBIT": -5,
        "Net Income": -5
    },
    "2015-03-31": {
        "Diluted EPS": -0.22,
        "Total Revenue": NaN,
        "Gross Profit": NaN,
        "Operating Income": -5,
        "EBIT": -5,
        "Net Income": -5
    },
    "2014-12-31": {
        "Diluted EPS": -0.17,
        "Total Revenue": NaN,
        "Gross Profit": NaN,
        "Operating Income": -4,
        "EBIT": -4,
        "Net Income": -4
    },
    "2014-09-30": {
        "Diluted EPS": -0.17,
        "Total Revenue": NaN,
        "Gross Profit": NaN,
        "Operating Income": -3,
        "EBIT": -3,
        "Net Income": -4
    },
    "2014-06-30": {
        "Diluted EPS": -0.17,
        "Total Revenue": NaN,
        "Gross Profit": NaN,
        "Operating Income": -3,
        "EBIT": -3,
        "Net Income": -4
    },
    "2014-03-31": {
        "Diluted EPS": -0.27,
        "Total Revenue": NaN,
        "Gross Profit": NaN,
        "Operating Income": -5,
        "EBIT": -5,
        "Net Income": -5
    },
    "2013-12-31": {
        "Diluted EPS": -0.14,
        "Total Revenue": NaN,
        "Gross Profit": NaN,
        "Operating Income": -3,
        "EBIT": -3,
        "Net Income": -3
    },
    "2013-09-30": {
        "Diluted EPS": -0.22,
        "Total Revenue": NaN,
        "Gross Profit": NaN,
        "Operating Income": -4,
        "EBIT": -4,
        "Net Income": -4
    },
    "2013-06-30": {
        "Diluted EPS": -0.72,
        "Total Revenue": NaN,
        "Gross Profit": NaN,
        "Operating Income": -3,
        "EBIT": -3,
        "Net Income": -12
    },
    "2013-03-31": {
        "Diluted EPS": -0.22,
        "Total Revenue": NaN,
        "Gross Profit": NaN,
        "Operating Income": -3,
        "EBIT": -3,
        "Net Income": -3
    },
    "2012-12-31": {
        "Diluted EPS": -0.17,
        "Total Revenue": NaN,
        "Gross Profit": NaN,
        "Operating Income": -2,
        "EBIT": -2,
        "Net Income": -2
    },
    "2012-09-30": {
        "Diluted EPS": -0.19,
        "Total Revenue": NaN,
        "Gross Profit": NaN,
        "Operating Income": -3,
        "EBIT": -3,
        "Net Income": -3
    },
    "2012-06-30": {
        "Diluted EPS": -0.19,
        "Total Revenue": NaN,
        "Gross Profit": NaN,
        "Operating Income": -3,
        "EBIT": -3,
        "Net Income": -3
    },
    "2012-03-31": {
        "Diluted EPS": -0.17,
        "Total Revenue": NaN,
        "Gross Profit": NaN,
        "Operating Income": -2,
        "EBIT": -2,
        "Net Income": -2
    },
    "2011-12-31": {
        "Diluted EPS": -0.29,
        "Total Revenue": NaN,
        "Gross Profit": NaN,
        "Operating Income": -3,
        "EBIT": -3,
        "Net Income": -3
    },
    "2011-09-30": {
        "Diluted EPS": -0.18,
        "Total Revenue": NaN,
        "Gross Profit": NaN,
        "Operating Income": -2,
        "EBIT": -2,
        "Net Income": -2
    },
    "2011-06-30": {
        "Diluted EPS": -0.36,
        "Total Revenue": NaN,
        "Gross Profit": NaN,
        "Operating Income": -3,
        "EBIT": -3,
        "Net Income": -3
    },
    "2011-03-31": {
        "Diluted EPS": -0.24,
        "Total Revenue": NaN,
        "Gross Profit": NaN,
        "Operating Income": -2,
        "EBIT": -2,
        "Net Income": -2
    },
    "2010-12-31": {
        "Diluted EPS": -0.12,
        "Total Revenue": NaN,
        "Gross Profit": NaN,
        "Operating Income": -1,
        "EBIT": -1,
        "Net Income": -1
    },
    "2010-09-30": {
        "Diluted EPS": -0.18,
        "Total Revenue": NaN,
        "Gross Profit": NaN,
        "Operating Income": -1,
        "EBIT": -1,
        "Net Income": -1
    },
    "2010-06-30": {
        "Diluted EPS": -0.3,
        "Total Revenue": NaN,
        "Gross Profit": NaN,
        "Operating Income": -1,
        "EBIT": -1,
        "Net Income": -2
    },
    "2010-03-31": {
        "Diluted EPS": -0.36,
        "Total Revenue": NaN,
        "Gross Profit": NaN,
        "Operating Income": -1,
        "EBIT": -1,
        "Net Income": -2
    },
    "2009-12-31": {
        "Diluted EPS": -0.18,
        "Total Revenue": NaN,
        "Gross Profit": NaN,
        "Operating Income": -1,
        "EBIT": -1,
        "Net Income": -1
    },
    "2009-09-30": {
        "Diluted EPS": -0.24,
        "Total Revenue": NaN,
        "Gross Profit": NaN,
        "Operating Income": -1,
        "EBIT": -1,
        "Net Income": -1
    },
    "2009-06-30": {
        "Diluted EPS": -0.42,
        "Total Revenue": NaN,
        "Gross Profit": NaN,
        "Operating Income": -2,
        "EBIT": -2,
        "Net Income": -3
    },
    "2009-03-31": {
        "Diluted EPS": -0.36,
        "Total Revenue": NaN,
        "Gross Profit": NaN,
        "Operating Income": -2,
        "EBIT": -2,
        "Net Income": -3
    },
    "2023-06-30": {
        "Tax Effect Of Unusual Items": 0.0,
        "Tax Rate For Calcs": 0.0,
        "Normalized EBITDA": -8953000.0,
        "Total Unusual Items": 489000.0,
        "Total Unusual Items Excluding Goodwill": 489000.0,
        "Net Income From Continuing Operation Net Minority Interest": -9114000.0,
        "Reconciled Depreciation": -16000.0,
        "EBITDA": -8464000.0,
        "EBIT": -8464000.0,
        "Net Interest Income": -600000.0,
        "Interest Expense": 650000.0,
        "Interest Income": 50000.0,
        "Normalized Income": -9603000.0,
        "Net Income From Continuing And Discontinued Operation": -9114000.0,
        "Total Expenses": 9003000.0,
        "Total Operating Income As Reported": -9003000.0,
        "Diluted Average Shares": 59582000.0,
        "Basic Average Shares": 59582000.0,
        "Diluted EPS": -0.15,
        "Basic EPS": -0.15,
        "Diluted NI Availto Com Stockholders": -9177000.0,
        "Net Income Common Stockholders": -9177000.0,
        "Otherunder Preferred Stock Dividend": NaN,
        "Preferred Stock Dividends": 63000.0,
        "Net Income": -9114000.0,
        "Net Income Including Noncontrolling Interests": -9114000.0,
        "Net Income Continuous Operations": -9114000.0,
        "Pretax Income": -9114000.0,
        "Other Income Expense": 489000.0,
        "Gain On Sale Of Security": 489000.0,
        "Net Non Operating Interest Income Expense": -600000.0,
        "Interest Expense Non Operating": 650000.0,
        "Interest Income Non Operating": 50000.0,
        "Operating Income": -9003000.0,
        "Operating Expense": 9003000.0,
        "Research And Development": 7371000.0,
        "Selling General And Administration": 1632000.0,
        "General And Administrative Expense": 1632000.0,
        "Other Gand A": 1632000.0,
        "Total Revenue": 0.0,
        "Operating Revenue": 0.0
    },
    "2023-09-30": {
        "Tax Effect Of Unusual Items": 0.0,
        "Tax Rate For Calcs": 0.0,
        "Normalized EBITDA": -9096000.0,
        "Total Unusual Items": -489000.0,
        "Total Unusual Items Excluding Goodwill": -489000.0,
        "Net Income From Continuing Operation Net Minority Interest": -10428000.0,
        "Reconciled Depreciation": 8000.0,
        "EBITDA": -9585000.0,
        "EBIT": -9593000.0,
        "Net Interest Income": -773000.0,
        "Interest Expense": 835000.0,
        "Interest Income": 62000.0,
        "Normalized Income": -9939000.0,
        "Net Income From Continuing And Discontinued Operation": -10428000.0,
        "Total Expenses": 9166000.0,
        "Total Operating Income As Reported": -9166000.0,
        "Diluted Average Shares": 59704000.0,
        "Basic Average Shares": 59704000.0,
        "Diluted EPS": -0.24,
        "Basic EPS": -0.24,
        "Diluted NI Availto Com Stockholders": -14041000.0,
        "Net Income Common Stockholders": -14041000.0,
        "Otherunder Preferred Stock Dividend": 3619000.0,
        "Preferred Stock Dividends": -6000.0,
        "Net Income": -10428000.0,
        "Net Income Including Noncontrolling Interests": -10428000.0,
        "Net Income Continuous Operations": -10428000.0,
        "Pretax Income": -10428000.0,
        "Other Income Expense": -489000.0,
        "Gain On Sale Of Security": -489000.0,
        "Net Non Operating Interest Income Expense": -773000.0,
        "Interest Expense Non Operating": 835000.0,
        "Interest Income Non Operating": 62000.0,
        "Operating Income": -9166000.0,
        "Operating Expense": 9166000.0,
        "Research And Development": 7732000.0,
        "Selling General And Administration": 1434000.0,
        "General And Administrative Expense": 1434000.0,
        "Other Gand A": 1434000.0,
        "Total Revenue": 0.0,
        "Operating Revenue": 0.0
    },
    "2023-12-31": {
        "Tax Effect Of Unusual Items": 0.0,
        "Tax Rate For Calcs": 0.0,
        "Normalized EBITDA": -9478000.0,
        "Total Unusual Items": 337000.0,
        "Total Unusual Items Excluding Goodwill": 337000.0,
        "Net Income From Continuing Operation Net Minority Interest": -9997000.0,
        "Reconciled Depreciation": 9000.0,
        "EBITDA": -9141000.0,
        "EBIT": -9150000.0,
        "Net Interest Income": -773000.0,
        "Interest Expense": 847000.0,
        "Interest Income": 74000.0,
        "Normalized Income": -10334000.0,
        "Net Income From Continuing And Discontinued Operation": -9997000.0,
        "Total Expenses": 9561000.0,
        "Total Operating Income As Reported": -9561000.0,
        "Diluted Average Shares": NaN,
        "Basic Average Shares": NaN,
        "Diluted EPS": NaN,
        "Basic EPS": NaN,
        "Diluted NI Availto Com Stockholders": -10060000.0,
        "Net Income Common Stockholders": -10060000.0,
        "Otherunder Preferred Stock Dividend": 0.0,
        "Preferred Stock Dividends": 63000.0,
        "Net Income": -9997000.0,
        "Net Income Including Noncontrolling Interests": -9997000.0,
        "Net Income Continuous Operations": -9997000.0,
        "Pretax Income": -9997000.0,
        "Other Income Expense": 337000.0,
        "Gain On Sale Of Security": 337000.0,
        "Net Non Operating Interest Income Expense": -773000.0,
        "Interest Expense Non Operating": 847000.0,
        "Interest Income Non Operating": 74000.0,
        "Operating Income": -9561000.0,
        "Operating Expense": 9561000.0,
        "Research And Development": 8228000.0,
        "Selling General And Administration": 1333000.0,
        "General And Administrative Expense": 1333000.0,
        "Other Gand A": 1333000.0,
        "Total Revenue": 0.0,
        "Operating Revenue": 0.0
    },
    "2024-03-31": {
        "Tax Effect Of Unusual Items": 0.0,
        "Tax Rate For Calcs": 0.0,
        "Normalized EBITDA": -9559000.0,
        "Total Unusual Items": -869000.0,
        "Total Unusual Items Excluding Goodwill": -869000.0,
        "Net Income From Continuing Operation Net Minority Interest": -11489000.0,
        "Reconciled Depreciation": 9000.0,
        "EBITDA": -10428000.0,
        "EBIT": -10437000.0,
        "Net Interest Income": -972000.0,
        "Interest Expense": 1052000.0,
        "Interest Income": 80000.0,
        "Normalized Income": -10620000.0,
        "Net Income From Continuing And Discontinued Operation": -11489000.0,
        "Total Expenses": 9648000.0,
        "Total Operating Income As Reported": -9648000.0,
        "Diluted Average Shares": 61976000.0,
        "Basic Average Shares": 61976000.0,
        "Diluted EPS": -0.19,
        "Basic EPS": -0.19,
        "Diluted NI Availto Com Stockholders": -11497000.0,
        "Net Income Common Stockholders": -11497000.0,
        "Otherunder Preferred Stock Dividend": NaN,
        "Preferred Stock Dividends": 8000.0,
        "Net Income": -11489000.0,
        "Net Income Including Noncontrolling Interests": -11489000.0,
        "Net Income Continuous Operations": -11489000.0,
        "Pretax Income": -11489000.0,
        "Other Income Expense": -869000.0,
        "Gain On Sale Of Security": -869000.0,
        "Net Non Operating Interest Income Expense": -972000.0,
        "Interest Expense Non Operating": 1052000.0,
        "Interest Income Non Operating": 80000.0,
        "Operating Income": -9648000.0,
        "Operating Expense": 9648000.0,
        "Research And Development": 8054000.0,
        "Selling General And Administration": 1594000.0,
        "General And Administrative Expense": 1594000.0,
        "Other Gand A": 1594000.0,
        "Total Revenue": 0.0,
        "Operating Revenue": 0.0
    },
    "2024-06-30": {
        "Tax Effect Of Unusual Items": 0.0,
        "Tax Rate For Calcs": 0.0,
        "Normalized EBITDA": -11202000.0,
        "Total Unusual Items": 109000.0,
        "Total Unusual Items Excluding Goodwill": 109000.0,
        "Net Income From Continuing Operation Net Minority Interest": -12371000.0,
        "Reconciled Depreciation": 9000.0,
        "EBITDA": -11093000.0,
        "EBIT": -11102000.0,
        "Net Interest Income": -1189000.0,
        "Interest Expense": 1269000.0,
        "Interest Income": 80000.0,
        "Normalized Income": -12480000.0,
        "Net Income From Continuing And Discontinued Operation": -12371000.0,
        "Total Expenses": 11291000.0,
        "Total Operating Income As Reported": -11291000.0,
        "Diluted Average Shares": 62233000.0,
        "Basic Average Shares": 62233000.0,
        "Diluted EPS": -0.2,
        "Basic EPS": -0.2,
        "Diluted NI Availto Com Stockholders": -12435000.0,
        "Net Income Common Stockholders": -12435000.0,
        "Otherunder Preferred Stock Dividend": NaN,
        "Preferred Stock Dividends": 64000.0,
        "Net Income": -12371000.0,
        "Net Income Including Noncontrolling Interests": -12371000.0,
        "Net Income Continuous Operations": -12371000.0,
        "Pretax Income": -12371000.0,
        "Other Income Expense": 109000.0,
        "Gain On Sale Of Security": 109000.0,
        "Net Non Operating Interest Income Expense": -1189000.0,
        "Interest Expense Non Operating": 1269000.0,
        "Interest Income Non Operating": 80000.0,
        "Operating Income": -11291000.0,
        "Operating Expense": 11291000.0,
        "Research And Development": 9813000.0,
        "Selling General And Administration": 1478000.0,
        "General And Administrative Expense": 1478000.0,
        "Other Gand A": 1478000.0,
        "Total Revenue": 0.0,
        "Operating Revenue": 0.0
    }
}