{
    "2023-03-31": {
        "Tax Effect Of Unusual Items": NaN,
        "Tax Rate For Calcs": NaN,
        "Normalized EBITDA": NaN,
        "Total Unusual Items": NaN,
        "Total Unusual Items Excluding Goodwill": NaN,
        "Net Income From Continuing Operation Net Minority Interest": NaN,
        "Reconciled Depreciation": NaN,
        "Reconciled Cost Of Revenue": NaN,
        "EBITDA": NaN,
        "EBIT": NaN,
        "Net Interest Income": NaN,
        "Interest Expense": NaN,
        "Interest Income": NaN,
        "Normalized Income": NaN,
        "Net Income From Continuing And Discontinued Operation": NaN,
        "Total Expenses": NaN,
        "Rent Expense Supplemental": NaN,
        "Total Operating Income As Reported": NaN,
        "Diluted Average Shares": NaN,
        "Basic Average Shares": NaN,
        "Diluted EPS": NaN,
        "Basic EPS": NaN,
        "Diluted NI Availto Com Stockholders": NaN,
        "Net Income Common Stockholders": NaN,
        "Net Income": NaN,
        "Net Income Including Noncontrolling Interests": NaN,
        "Net Income Continuous Operations": NaN,
        "Tax Provision": NaN,
        "Pretax Income": NaN,
        "Other Income Expense": NaN,
        "Special Income Charges": NaN,
        "Write Off": 649000.0,
        "Restructuring And Mergern Acquisition": NaN,
        "Gain On Sale Of Security": NaN,
        "Net Non Operating Interest Income Expense": NaN,
        "Total Other Finance Cost": NaN,
        "Interest Expense Non Operating": NaN,
        "Interest Income Non Operating": NaN,
        "Operating Income": NaN,
        "Operating Expense": NaN,
        "Other Operating Expenses": NaN,
        "Provision For Doubtful Accounts": NaN,
        "Depreciation Amortization Depletion Income Statement": NaN,
        "Depreciation And Amortization In Income Statement": NaN,
        "Amortization": NaN,
        "Amortization Of Intangibles Income Statement": NaN,
        "Depreciation Income Statement": NaN,
        "Research And Development": NaN,
        "Selling General And Administration": NaN,
        "Selling And Marketing Expense": NaN,
        "General And Administrative Expense": NaN,
        "Other Gand A": NaN,
        "Insurance And Claims": NaN,
        "Rent And Landing Fees": NaN,
        "Salaries And Wages": NaN,
        "Gross Profit": NaN,
        "Cost Of Revenue": NaN,
        "Total Revenue": NaN,
        "Operating Revenue": NaN
    },
    "2022-12-31": {
        "Tax Effect Of Unusual Items": NaN,
        "Tax Rate For Calcs": NaN,
        "Normalized EBITDA": NaN,
        "Total Unusual Items": NaN,
        "Total Unusual Items Excluding Goodwill": NaN,
        "Net Income From Continuing Operation Net Minority Interest": NaN,
        "Reconciled Depreciation": NaN,
        "Reconciled Cost Of Revenue": NaN,
        "EBITDA": NaN,
        "EBIT": NaN,
        "Net Interest Income": NaN,
        "Interest Expense": NaN,
        "Interest Income": NaN,
        "Normalized Income": NaN,
        "Net Income From Continuing And Discontinued Operation": NaN,
        "Total Expenses": NaN,
        "Rent Expense Supplemental": NaN,
        "Total Operating Income As Reported": NaN,
        "Diluted Average Shares": 36470341.0,
        "Basic Average Shares": 36470341.0,
        "Diluted EPS": -0.120893,
        "Basic EPS": -0.120893,
        "Diluted NI Availto Com Stockholders": NaN,
        "Net Income Common Stockholders": NaN,
        "Net Income": NaN,
        "Net Income Including Noncontrolling Interests": NaN,
        "Net Income Continuous Operations": NaN,
        "Tax Provision": NaN,
        "Pretax Income": NaN,
        "Other Income Expense": NaN,
        "Special Income Charges": NaN,
        "Write Off": NaN,
        "Restructuring And Mergern Acquisition": NaN,
        "Gain On Sale Of Security": NaN,
        "Net Non Operating Interest Income Expense": NaN,
        "Total Other Finance Cost": NaN,
        "Interest Expense Non Operating": NaN,
        "Interest Income Non Operating": NaN,
        "Operating Income": NaN,
        "Operating Expense": NaN,
        "Provision For Doubtful Accounts": NaN,
        "Depreciation Amortization Depletion Income Statement": NaN,
        "Depreciation And Amortization In Income Statement": NaN,
        "Amortization": NaN,
        "Amortization Of Intangibles Income Statement": NaN,
        "Depreciation Income Statement": NaN,
        "Research And Development": NaN,
        "Selling General And Administration": NaN,
        "Selling And Marketing Expense": NaN,
        "General And Administrative Expense": NaN,
        "Other Gand A": NaN,
        "Insurance And Claims": NaN,
        "Rent And Landing Fees": NaN,
        "Salaries And Wages": NaN,
        "Gross Profit": NaN,
        "Cost Of Revenue": NaN,
        "Total Revenue": NaN,
        "Operating Revenue": NaN
    },
    "2022-09-30": {
        "Tax Effect Of Unusual Items": NaN,
        "Tax Rate For Calcs": NaN,
        "Normalized EBITDA": NaN,
        "Total Unusual Items": NaN,
        "Total Unusual Items Excluding Goodwill": NaN,
        "Net Income From Continuing Operation Net Minority Interest": NaN,
        "Reconciled Depreciation": NaN,
        "Reconciled Cost Of Revenue": NaN,
        "EBITDA": NaN,
        "EBIT": NaN,
        "Net Interest Income": NaN,
        "Interest Expense": NaN,
        "Interest Income": NaN,
        "Normalized Income": NaN,
        "Net Income From Continuing And Discontinued Operation": NaN,
        "Total Expenses": NaN,
        "Rent Expense Supplemental": NaN,
        "Total Operating Income As Reported": NaN,
        "Diluted Average Shares": NaN,
        "Basic Average Shares": NaN,
        "Diluted EPS": NaN,
        "Basic EPS": NaN,
        "Diluted NI Availto Com Stockholders": NaN,
        "Net Income Common Stockholders": NaN,
        "Net Income": NaN,
        "Net Income Including Noncontrolling Interests": NaN,
        "Net Income Continuous Operations": NaN,
        "Tax Provision": NaN,
        "Pretax Income": NaN,
        "Other Income Expense": NaN,
        "Other Non Operating Income Expenses": -88000.0,
        "Special Income Charges": NaN,
        "Write Off": 299000.0,
        "Restructuring And Mergern Acquisition": NaN,
        "Gain On Sale Of Security": NaN,
        "Net Non Operating Interest Income Expense": NaN,
        "Total Other Finance Cost": NaN,
        "Interest Expense Non Operating": NaN,
        "Interest Income Non Operating": NaN,
        "Operating Income": NaN,
        "Operating Expense": NaN,
        "Provision For Doubtful Accounts": NaN,
        "Depreciation Amortization Depletion Income Statement": NaN,
        "Depreciation And Amortization In Income Statement": NaN,
        "Amortization": NaN,
        "Amortization Of Intangibles Income Statement": NaN,
        "Depreciation Income Statement": NaN,
        "Research And Development": NaN,
        "Selling General And Administration": NaN,
        "Selling And Marketing Expense": NaN,
        "General And Administrative Expense": NaN,
        "Other Gand A": NaN,
        "Insurance And Claims": NaN,
        "Rent And Landing Fees": NaN,
        "Salaries And Wages": NaN,
        "Gross Profit": NaN,
        "Cost Of Revenue": NaN,
        "Total Revenue": NaN,
        "Operating Revenue": NaN
    },
    "2022-06-30": {
        "Tax Effect Of Unusual Items": -1139600.0,
        "Tax Rate For Calcs": 0.4,
        "Normalized EBITDA": 6043000.0,
        "Total Unusual Items": -2849000.0,
        "Total Unusual Items Excluding Goodwill": -2849000.0,
        "Net Income From Continuing Operation Net Minority Interest": 56000.0,
        "Reconciled Depreciation": 1952000.0,
        "Reconciled Cost Of Revenue": 495000.0,
        "EBITDA": 3194000.0,
        "EBIT": 1242000.0,
        "Net Interest Income": 2435000.0,
        "Interest Expense": 1056000.0,
        "Interest Income": 3491000.0,
        "Normalized Income": 1765400.0,
        "Net Income From Continuing And Discontinued Operation": 56000.0,
        "Total Expenses": 15324000.0,
        "Rent Expense Supplemental": 203000.0,
        "Total Operating Income As Reported": -2249000.0,
        "Diluted Average Shares": 36444877.0,
        "Basic Average Shares": 36444877.0,
        "Diluted EPS": 0.001537,
        "Basic EPS": 0.001537,
        "Diluted NI Availto Com Stockholders": 56000.0,
        "Net Income Common Stockholders": 56000.0,
        "Net Income": 56000.0,
        "Net Income Including Noncontrolling Interests": 56000.0,
        "Net Income Continuous Operations": 56000.0,
        "Tax Provision": 130000.0,
        "Pretax Income": 186000.0,
        "Other Income Expense": -2849000.0,
        "Other Non Operating Income Expenses": NaN,
        "Special Income Charges": -2849000.0,
        "Write Off": NaN,
        "Restructuring And Mergern Acquisition": 2849000.0,
        "Gain On Sale Of Security": -658000.0,
        "Net Non Operating Interest Income Expense": 2435000.0,
        "Total Other Finance Cost": 53000.0,
        "Interest Expense Non Operating": 1056000.0,
        "Interest Income Non Operating": 3491000.0,
        "Operating Income": 600000.0,
        "Operating Expense": 14829000.0,
        "Provision For Doubtful Accounts": 72000.0,
        "Depreciation Amortization Depletion Income Statement": 1852000.0,
        "Depreciation And Amortization In Income Statement": 1852000.0,
        "Amortization": 1707000.0,
        "Amortization Of Intangibles Income Statement": 1707000.0,
        "Depreciation Income Statement": 145000.0,
        "Research And Development": 1499000.0,
        "Selling General And Administration": 13258000.0,
        "Selling And Marketing Expense": 8454000.0,
        "General And Administrative Expense": 4804000.0,
        "Other Gand A": 4804000.0,
        "Insurance And Claims": 170000.0,
        "Rent And Landing Fees": 203000.0,
        "Salaries And Wages": 7015000.0,
        "Gross Profit": 15429000.0,
        "Cost Of Revenue": 495000.0,
        "Total Revenue": 15924000.0,
        "Operating Revenue": 15924000.0
    },
    "2022-03-31": {
        "Diluted EPS": 0.12,
        "Total Revenue": 20,
        "Gross Profit": 18,
        "Operating Income": 4,
        "EBIT": 6,
        "Net Income": 4
    },
    "2021-12-31": {
        "Diluted EPS": 0.02,
        "Total Revenue": 10,
        "Gross Profit": 10,
        "Operating Income": 1,
        "EBIT": 1,
        "Net Income": 1
    },
    "2021-09-30": {
        "Diluted EPS": 0.13,
        "Total Revenue": 10,
        "Gross Profit": 10,
        "Operating Income": 2,
        "EBIT": 3,
        "Net Income": 5
    },
    "2021-06-30": {
        "Diluted EPS": 0.08,
        "Total Revenue": 10,
        "Gross Profit": 10,
        "Operating Income": 3,
        "EBIT": 4,
        "Net Income": 2
    },
    "2021-03-31": {
        "Diluted EPS": 0.14,
        "Total Revenue": 12,
        "Gross Profit": 12,
        "Operating Income": 5,
        "EBIT": 6,
        "Net Income": 4
    },
    "2020-12-31": {
        "Diluted EPS": 0.28,
        "Total Revenue": 10,
        "Gross Profit": 10,
        "Operating Income": 4,
        "EBIT": 5,
        "Net Income": 9
    },
    "2020-09-30": {
        "Diluted EPS": 0.08,
        "Total Revenue": 7,
        "Gross Profit": 7,
        "Operating Income": 3,
        "EBIT": 4,
        "Net Income": 2
    },
    "2020-06-30": {
        "Diluted EPS": -0.02,
        "Total Revenue": 6,
        "Gross Profit": 6,
        "Operating Income": 3,
        "EBIT": 4,
        "Net Income": 0
    },
    "2020-03-31": {
        "Diluted EPS": 0.15,
        "Total Revenue": 4,
        "Gross Profit": 4,
        "Operating Income": 0,
        "EBIT": 1,
        "Net Income": 5
    },
    "2019-12-31": {
        "Diluted EPS": 0.0,
        "Total Revenue": NaN,
        "Gross Profit": NaN,
        "Operating Income": NaN,
        "EBIT": NaN,
        "Net Income": NaN
    },
    "2023-06-30": {
        "Tax Effect Of Unusual Items": NaN,
        "Tax Rate For Calcs": NaN,
        "Normalized EBITDA": NaN,
        "Total Unusual Items": NaN,
        "Total Unusual Items Excluding Goodwill": NaN,
        "Net Income From Continuing Operation Net Minority Interest": NaN,
        "Reconciled Depreciation": NaN,
        "Reconciled Cost Of Revenue": NaN,
        "EBITDA": NaN,
        "EBIT": NaN,
        "Net Interest Income": NaN,
        "Interest Expense": NaN,
        "Interest Income": NaN,
        "Normalized Income": NaN,
        "Net Income From Continuing And Discontinued Operation": NaN,
        "Total Expenses": NaN,
        "Rent Expense Supplemental": NaN,
        "Total Operating Income As Reported": NaN,
        "Diluted Average Shares": 38462183.0,
        "Basic Average Shares": 37082794.0,
        "Diluted EPS": 0.01,
        "Basic EPS": 0.01,
        "Diluted NI Availto Com Stockholders": NaN,
        "Net Income Common Stockholders": NaN,
        "Net Income": NaN,
        "Net Income Including Noncontrolling Interests": NaN,
        "Net Income Continuous Operations": NaN,
        "Tax Provision": NaN,
        "Pretax Income": NaN,
        "Other Income Expense": NaN,
        "Special Income Charges": NaN,
        "Restructuring And Mergern Acquisition": NaN,
        "Gain On Sale Of Security": NaN,
        "Net Non Operating Interest Income Expense": NaN,
        "Total Other Finance Cost": NaN,
        "Interest Expense Non Operating": NaN,
        "Interest Income Non Operating": NaN,
        "Operating Income": NaN,
        "Operating Expense": NaN,
        "Other Operating Expenses": NaN,
        "Provision For Doubtful Accounts": NaN,
        "Depreciation Amortization Depletion Income Statement": NaN,
        "Depreciation And Amortization In Income Statement": NaN,
        "Amortization": NaN,
        "Amortization Of Intangibles Income Statement": NaN,
        "Depreciation Income Statement": NaN,
        "Research And Development": 2464000.0,
        "Selling General And Administration": NaN,
        "Selling And Marketing Expense": NaN,
        "General And Administrative Expense": NaN,
        "Other Gand A": NaN,
        "Insurance And Claims": NaN,
        "Rent And Landing Fees": NaN,
        "Salaries And Wages": NaN,
        "Gross Profit": NaN,
        "Cost Of Revenue": NaN,
        "Total Revenue": NaN,
        "Operating Revenue": NaN
    },
    "2023-09-30": {
        "Tax Effect Of Unusual Items": 45193.220339,
        "Tax Rate For Calcs": 0.055932,
        "Normalized EBITDA": 5353000.0,
        "Total Unusual Items": 808000.0,
        "Total Unusual Items Excluding Goodwill": 808000.0,
        "Net Income From Continuing Operation Net Minority Interest": 5013000.0,
        "Reconciled Depreciation": 495000.0,
        "Reconciled Cost Of Revenue": 2136000.0,
        "EBITDA": 6161000.0,
        "EBIT": 5666000.0,
        "Net Interest Income": -283000.0,
        "Interest Expense": 356000.0,
        "Interest Income": 90000.0,
        "Normalized Income": 4250193.220339,
        "Net Income From Continuing And Discontinued Operation": 5013000.0,
        "Total Expenses": 18673000.0,
        "Rent Expense Supplemental": 156000.0,
        "Total Operating Income As Reported": 4715000.0,
        "Diluted Average Shares": 38711429.0,
        "Basic Average Shares": 37402935.0,
        "Diluted EPS": 0.13,
        "Basic EPS": 0.13,
        "Diluted NI Availto Com Stockholders": 5013000.0,
        "Net Income Common Stockholders": 5013000.0,
        "Net Income": 5013000.0,
        "Net Income Including Noncontrolling Interests": 5013000.0,
        "Net Income Continuous Operations": 5013000.0,
        "Tax Provision": 297000.0,
        "Pretax Income": 5310000.0,
        "Other Income Expense": 808000.0,
        "Special Income Charges": -70000.0,
        "Restructuring And Mergern Acquisition": 70000.0,
        "Gain On Sale Of Security": 878000.0,
        "Net Non Operating Interest Income Expense": -283000.0,
        "Total Other Finance Cost": 17000.0,
        "Interest Expense Non Operating": 356000.0,
        "Interest Income Non Operating": 90000.0,
        "Operating Income": 4785000.0,
        "Operating Expense": 16537000.0,
        "Other Operating Expenses": 402000.0,
        "Provision For Doubtful Accounts": 615000.0,
        "Depreciation Amortization Depletion Income Statement": 495000.0,
        "Depreciation And Amortization In Income Statement": 495000.0,
        "Amortization": 321000.0,
        "Amortization Of Intangibles Income Statement": 321000.0,
        "Depreciation Income Statement": 174000.0,
        "Research And Development": 2525000.0,
        "Selling General And Administration": 15025000.0,
        "Selling And Marketing Expense": 3110000.0,
        "General And Administrative Expense": 11915000.0,
        "Other Gand A": 1360000.0,
        "Insurance And Claims": 149000.0,
        "Rent And Landing Fees": 156000.0,
        "Salaries And Wages": 10250000.0,
        "Gross Profit": 21322000.0,
        "Cost Of Revenue": 2136000.0,
        "Total Revenue": 23458000.0,
        "Operating Revenue": 23120000.0
    },
    "2023-12-31": {
        "Tax Effect Of Unusual Items": -463260.0,
        "Tax Rate For Calcs": 0.21,
        "Normalized EBITDA": 9337000.0,
        "Total Unusual Items": -2206000.0,
        "Total Unusual Items Excluding Goodwill": -2206000.0,
        "Net Income From Continuing Operation Net Minority Interest": 6374000.0,
        "Reconciled Depreciation": 568000.0,
        "Reconciled Cost Of Revenue": 4832000.0,
        "EBITDA": 7131000.0,
        "EBIT": 6563000.0,
        "Net Interest Income": -257000.0,
        "Interest Expense": 348000.0,
        "Interest Income": 90000.0,
        "Normalized Income": 8116740.0,
        "Net Income From Continuing And Discontinued Operation": 6374000.0,
        "Total Expenses": 23852000.0,
        "Rent Expense Supplemental": 194000.0,
        "Total Operating Income As Reported": 8170000.0,
        "Diluted Average Shares": NaN,
        "Basic Average Shares": NaN,
        "Diluted EPS": NaN,
        "Basic EPS": NaN,
        "Diluted NI Availto Com Stockholders": 6374000.0,
        "Net Income Common Stockholders": 6374000.0,
        "Net Income": 6374000.0,
        "Net Income Including Noncontrolling Interests": 6374000.0,
        "Net Income Continuous Operations": 6374000.0,
        "Tax Provision": -159000.0,
        "Pretax Income": 6215000.0,
        "Other Income Expense": -2206000.0,
        "Special Income Charges": -508000.0,
        "Restructuring And Mergern Acquisition": 508000.0,
        "Gain On Sale Of Security": -1698000.0,
        "Net Non Operating Interest Income Expense": -257000.0,
        "Total Other Finance Cost": -1000.0,
        "Interest Expense Non Operating": 348000.0,
        "Interest Income Non Operating": 90000.0,
        "Operating Income": 8678000.0,
        "Operating Expense": 18763000.0,
        "Other Operating Expenses": 3058000.0,
        "Provision For Doubtful Accounts": -468000.0,
        "Depreciation Amortization Depletion Income Statement": 311000.0,
        "Depreciation And Amortization In Income Statement": 311000.0,
        "Amortization": 151000.0,
        "Amortization Of Intangibles Income Statement": 151000.0,
        "Depreciation Income Statement": 160000.0,
        "Research And Development": 3058000.0,
        "Selling General And Administration": 15862000.0,
        "Selling And Marketing Expense": 2881000.0,
        "General And Administrative Expense": 12981000.0,
        "Other Gand A": 1792000.0,
        "Insurance And Claims": 94000.0,
        "Rent And Landing Fees": 194000.0,
        "Salaries And Wages": 10901000.0,
        "Gross Profit": 27441000.0,
        "Cost Of Revenue": 5089000.0,
        "Total Revenue": 32530000.0,
        "Operating Revenue": 32182000.0
    },
    "2024-03-31": {
        "Tax Effect Of Unusual Items": -11440.0,
        "Tax Rate For Calcs": 0.13,
        "Normalized EBITDA": 9380000.0,
        "Total Unusual Items": -88000.0,
        "Total Unusual Items Excluding Goodwill": -88000.0,
        "Net Income From Continuing Operation Net Minority Interest": 7299000.0,
        "Reconciled Depreciation": 624000.0,
        "Reconciled Cost Of Revenue": 1951000.0,
        "EBITDA": 9292000.0,
        "EBIT": 8668000.0,
        "Net Interest Income": -229000.0,
        "Interest Expense": 287000.0,
        "Interest Income": 74000.0,
        "Normalized Income": 7375560.0,
        "Net Income From Continuing And Discontinued Operation": 7299000.0,
        "Total Expenses": 20517000.0,
        "Rent Expense Supplemental": 154000.0,
        "Total Operating Income As Reported": 7891000.0,
        "Diluted Average Shares": 38175047.0,
        "Basic Average Shares": 37088365.0,
        "Diluted EPS": 0.19,
        "Basic EPS": 0.2,
        "Diluted NI Availto Com Stockholders": 7299000.0,
        "Net Income Common Stockholders": 7299000.0,
        "Net Income": 7299000.0,
        "Net Income Including Noncontrolling Interests": 7299000.0,
        "Net Income Continuous Operations": 7299000.0,
        "Tax Provision": 1082000.0,
        "Pretax Income": 8381000.0,
        "Other Income Expense": -88000.0,
        "Special Income Charges": -807000.0,
        "Restructuring And Mergern Acquisition": 807000.0,
        "Gain On Sale Of Security": 719000.0,
        "Net Non Operating Interest Income Expense": -229000.0,
        "Total Other Finance Cost": 16000.0,
        "Interest Expense Non Operating": 287000.0,
        "Interest Income Non Operating": 74000.0,
        "Operating Income": 8698000.0,
        "Operating Expense": 18284000.0,
        "Other Operating Expenses": 3215000.0,
        "Provision For Doubtful Accounts": -40000.0,
        "Depreciation Amortization Depletion Income Statement": 342000.0,
        "Depreciation And Amortization In Income Statement": 342000.0,
        "Amortization": 173000.0,
        "Amortization Of Intangibles Income Statement": 173000.0,
        "Depreciation Income Statement": 169000.0,
        "Research And Development": 3215000.0,
        "Selling General And Administration": 14767000.0,
        "Selling And Marketing Expense": 3018000.0,
        "General And Administrative Expense": 11749000.0,
        "Other Gand A": 1451000.0,
        "Insurance And Claims": 109000.0,
        "Rent And Landing Fees": 154000.0,
        "Salaries And Wages": 10035000.0,
        "Gross Profit": 26982000.0,
        "Cost Of Revenue": 2233000.0,
        "Total Revenue": 29215000.0,
        "Operating Revenue": 29215000.0
    },
    "2024-06-30": {
        "Tax Effect Of Unusual Items": 61218.345747,
        "Tax Rate For Calcs": 0.094473,
        "Normalized EBITDA": 9497000.0,
        "Total Unusual Items": 648000.0,
        "Total Unusual Items Excluding Goodwill": 648000.0,
        "Net Income From Continuing Operation Net Minority Interest": 6930000.0,
        "Reconciled Depreciation": 1621000.0,
        "Reconciled Cost Of Revenue": 1129000.0,
        "EBITDA": 10145000.0,
        "EBIT": 8524000.0,
        "Net Interest Income": -865000.0,
        "Interest Expense": 871000.0,
        "Interest Income": 30000.0,
        "Normalized Income": 6343218.345747,
        "Net Income From Continuing And Discontinued Operation": 6930000.0,
        "Total Expenses": 22671000.0,
        "Rent Expense Supplemental": 126000.0,
        "Total Operating Income As Reported": 8320000.0,
        "Diluted Average Shares": 36990785.0,
        "Basic Average Shares": 36724946.0,
        "Diluted EPS": 0.19,
        "Basic EPS": 0.19,
        "Diluted NI Availto Com Stockholders": 6930000.0,
        "Net Income Common Stockholders": 6930000.0,
        "Net Income": 6930000.0,
        "Net Income Including Noncontrolling Interests": 6930000.0,
        "Net Income Continuous Operations": 6930000.0,
        "Tax Provision": 723000.0,
        "Pretax Income": 7653000.0,
        "Other Income Expense": 648000.0,
        "Special Income Charges": 450000.0,
        "Restructuring And Mergern Acquisition": -450000.0,
        "Gain On Sale Of Security": 198000.0,
        "Net Non Operating Interest Income Expense": -865000.0,
        "Total Other Finance Cost": 24000.0,
        "Interest Expense Non Operating": 871000.0,
        "Interest Income Non Operating": 30000.0,
        "Operating Income": 7870000.0,
        "Operating Expense": 21235000.0,
        "Other Operating Expenses": 3094000.0,
        "Provision For Doubtful Accounts": 741000.0,
        "Depreciation Amortization Depletion Income Statement": 1314000.0,
        "Depreciation And Amortization In Income Statement": 1314000.0,
        "Amortization": 1057000.0,
        "Amortization Of Intangibles Income Statement": 1057000.0,
        "Depreciation Income Statement": 257000.0,
        "Research And Development": 3094000.0,
        "Selling General And Administration": 16086000.0,
        "Selling And Marketing Expense": 2801000.0,
        "General And Administrative Expense": 13285000.0,
        "Other Gand A": 1634000.0,
        "Insurance And Claims": 96000.0,
        "Rent And Landing Fees": 126000.0,
        "Salaries And Wages": 11429000.0,
        "Gross Profit": 29105000.0,
        "Cost Of Revenue": 1436000.0,
        "Total Revenue": 30541000.0,
        "Operating Revenue": 30541000.0
    },
    "2024-09-30": {
        "Tax Effect Of Unusual Items": 25082.948802,
        "Tax Rate For Calcs": 0.065151,
        "Normalized EBITDA": 11364000.0,
        "Total Unusual Items": 385000.0,
        "Total Unusual Items Excluding Goodwill": 385000.0,
        "Net Income From Continuing Operation Net Minority Interest": 8509000.0,
        "Reconciled Depreciation": 1801000.0,
        "Reconciled Cost Of Revenue": 1683000.0,
        "EBITDA": 11749000.0,
        "EBIT": 9948000.0,
        "Net Interest Income": -886000.0,
        "Interest Expense": 846000.0,
        "Interest Income": 14000.0,
        "Normalized Income": 8149082.948802,
        "Net Income From Continuing And Discontinued Operation": 8509000.0,
        "Total Expenses": 22515000.0,
        "Rent Expense Supplemental": 18000.0,
        "Total Operating Income As Reported": 9603000.0,
        "Diluted Average Shares": 35833767.0,
        "Basic Average Shares": 35592252.0,
        "Diluted EPS": 0.24,
        "Basic EPS": 0.24,
        "Diluted NI Availto Com Stockholders": 8509000.0,
        "Net Income Common Stockholders": 8509000.0,
        "Net Income": 8509000.0,
        "Net Income Including Noncontrolling Interests": 8509000.0,
        "Net Income Continuous Operations": 8509000.0,
        "Tax Provision": 593000.0,
        "Pretax Income": 9102000.0,
        "Other Income Expense": 385000.0,
        "Special Income Charges": 0.0,
        "Restructuring And Mergern Acquisition": 0.0,
        "Gain On Sale Of Security": 385000.0,
        "Net Non Operating Interest Income Expense": -886000.0,
        "Total Other Finance Cost": 54000.0,
        "Interest Expense Non Operating": 846000.0,
        "Interest Income Non Operating": 14000.0,
        "Operating Income": 9603000.0,
        "Operating Expense": 20832000.0,
        "Other Operating Expenses": 929000.0,
        "Provision For Doubtful Accounts": 360000.0,
        "Depreciation Amortization Depletion Income Statement": 1801000.0,
        "Depreciation And Amortization In Income Statement": 1801000.0,
        "Amortization": 1404000.0,
        "Amortization Of Intangibles Income Statement": 1404000.0,
        "Depreciation Income Statement": 397000.0,
        "Research And Development": NaN,
        "Selling General And Administration": 17742000.0,
        "Selling And Marketing Expense": 3004000.0,
        "General And Administrative Expense": 14738000.0,
        "Other Gand A": 1607000.0,
        "Insurance And Claims": 107000.0,
        "Rent And Landing Fees": 18000.0,
        "Salaries And Wages": 13006000.0,
        "Gross Profit": 30435000.0,
        "Cost Of Revenue": 1683000.0,
        "Total Revenue": 32118000.0,
        "Operating Revenue": 31665000.0
    }
}