{
    "2023-03-31": {
        "Tax Effect Of Unusual Items": NaN,
        "Tax Rate For Calcs": NaN,
        "Normalized EBITDA": NaN,
        "Total Unusual Items": NaN,
        "Total Unusual Items Excluding Goodwill": NaN,
        "Net Income From Continuing Operation Net Minority Interest": NaN,
        "Reconciled Depreciation": NaN,
        "EBITDA": NaN,
        "EBIT": NaN,
        "Net Interest Income": NaN,
        "Interest Income": NaN,
        "Normalized Income": NaN,
        "Net Income From Continuing And Discontinued Operation": NaN,
        "Total Expenses": NaN,
        "Total Operating Income As Reported": NaN,
        "Diluted Average Shares": 11935081.0,
        "Basic Average Shares": 11935081.0,
        "Diluted EPS": -0.43,
        "Basic EPS": -0.43,
        "Diluted NI Availto Com Stockholders": NaN,
        "Net Income Common Stockholders": NaN,
        "Net Income": NaN,
        "Net Income Including Noncontrolling Interests": NaN,
        "Net Income Continuous Operations": NaN,
        "Tax Provision": NaN,
        "Pretax Income": NaN,
        "Other Income Expense": NaN,
        "Gain On Sale Of Security": NaN,
        "Net Non Operating Interest Income Expense": NaN,
        "Total Other Finance Cost": -152035.0,
        "Interest Income Non Operating": NaN,
        "Operating Income": NaN,
        "Operating Expense": NaN,
        "Research And Development": NaN,
        "Selling General And Administration": NaN,
        "General And Administrative Expense": NaN,
        "Other Gand A": NaN,
        "Total Revenue": NaN,
        "Operating Revenue": NaN
    },
    "2022-12-31": {
        "Tax Effect Of Unusual Items": NaN,
        "Tax Rate For Calcs": NaN,
        "Normalized EBITDA": NaN,
        "Total Unusual Items": NaN,
        "Total Unusual Items Excluding Goodwill": NaN,
        "Net Income From Continuing Operation Net Minority Interest": NaN,
        "Reconciled Depreciation": NaN,
        "EBITDA": NaN,
        "EBIT": NaN,
        "Net Interest Income": NaN,
        "Interest Income": NaN,
        "Normalized Income": NaN,
        "Net Income From Continuing And Discontinued Operation": NaN,
        "Total Expenses": NaN,
        "Total Operating Income As Reported": NaN,
        "Diluted Average Shares": NaN,
        "Basic Average Shares": NaN,
        "Diluted EPS": NaN,
        "Basic EPS": NaN,
        "Diluted NI Availto Com Stockholders": NaN,
        "Net Income Common Stockholders": NaN,
        "Net Income": NaN,
        "Net Income Including Noncontrolling Interests": NaN,
        "Net Income Continuous Operations": NaN,
        "Tax Provision": NaN,
        "Pretax Income": NaN,
        "Other Income Expense": NaN,
        "Gain On Sale Of Security": NaN,
        "Net Non Operating Interest Income Expense": NaN,
        "Total Other Finance Cost": -163777.0,
        "Interest Income Non Operating": NaN,
        "Operating Income": NaN,
        "Operating Expense": NaN,
        "Research And Development": NaN,
        "Selling General And Administration": NaN,
        "General And Administrative Expense": NaN,
        "Other Gand A": NaN,
        "Total Revenue": NaN,
        "Operating Revenue": NaN
    },
    "2022-09-30": {
        "Tax Effect Of Unusual Items": NaN,
        "Tax Rate For Calcs": NaN,
        "Normalized EBITDA": NaN,
        "Total Unusual Items": NaN,
        "Total Unusual Items Excluding Goodwill": NaN,
        "Net Income From Continuing Operation Net Minority Interest": NaN,
        "Reconciled Depreciation": NaN,
        "EBITDA": NaN,
        "EBIT": NaN,
        "Net Interest Income": NaN,
        "Interest Income": NaN,
        "Normalized Income": NaN,
        "Net Income From Continuing And Discontinued Operation": NaN,
        "Total Expenses": NaN,
        "Total Operating Income As Reported": NaN,
        "Diluted Average Shares": 11883368.0,
        "Basic Average Shares": 11883368.0,
        "Diluted EPS": -0.38,
        "Basic EPS": -0.38,
        "Diluted NI Availto Com Stockholders": NaN,
        "Net Income Common Stockholders": NaN,
        "Net Income": NaN,
        "Net Income Including Noncontrolling Interests": NaN,
        "Net Income Continuous Operations": NaN,
        "Tax Provision": NaN,
        "Pretax Income": NaN,
        "Other Income Expense": NaN,
        "Gain On Sale Of Security": NaN,
        "Net Non Operating Interest Income Expense": NaN,
        "Total Other Finance Cost": -153332.0,
        "Interest Income Non Operating": NaN,
        "Operating Income": NaN,
        "Operating Expense": NaN,
        "Research And Development": NaN,
        "Selling General And Administration": NaN,
        "General And Administrative Expense": NaN,
        "Other Gand A": NaN,
        "Total Revenue": NaN,
        "Operating Revenue": NaN
    },
    "2022-06-30": {
        "Tax Effect Of Unusual Items": 16084.8,
        "Tax Rate For Calcs": 0.4,
        "Normalized EBITDA": -5216596.0,
        "Total Unusual Items": 40212.0,
        "Total Unusual Items Excluding Goodwill": 40212.0,
        "Net Income From Continuing Operation Net Minority Interest": -5085420.0,
        "Reconciled Depreciation": 20021.0,
        "EBITDA": -5176384.0,
        "EBIT": -5176384.0,
        "Net Interest Income": 59899.0,
        "Interest Income": NaN,
        "Normalized Income": -5109547.2,
        "Net Income From Continuing And Discontinued Operation": -5085420.0,
        "Total Expenses": 5271486.0,
        "Total Operating Income As Reported": -5176385.0,
        "Diluted Average Shares": 11883368.0,
        "Basic Average Shares": 11883368.0,
        "Diluted EPS": -0.43,
        "Basic EPS": -0.43,
        "Diluted NI Availto Com Stockholders": -5085420.0,
        "Net Income Common Stockholders": -5085420.0,
        "Net Income": -5085420.0,
        "Net Income Including Noncontrolling Interests": -5085420.0,
        "Net Income Continuous Operations": -5085420.0,
        "Tax Provision": 9146.0,
        "Pretax Income": -5076274.0,
        "Other Income Expense": 40212.0,
        "Gain On Sale Of Security": 40212.0,
        "Net Non Operating Interest Income Expense": 59899.0,
        "Total Other Finance Cost": -59899.0,
        "Interest Income Non Operating": NaN,
        "Operating Income": -5176384.0,
        "Operating Expense": 5271486.0,
        "Research And Development": 2582224.0,
        "Selling General And Administration": 2689262.0,
        "General And Administrative Expense": 2689262.0,
        "Other Gand A": 2689262.0,
        "Total Revenue": 95102.0,
        "Operating Revenue": 95102.0
    },
    "2022-03-31": {
        "Diluted EPS": -0.28,
        "Total Revenue": 0,
        "Gross Profit": 0,
        "Operating Income": -3,
        "EBIT": -3,
        "Net Income": -3
    },
    "2021-12-31": {
        "Diluted EPS": -0.18,
        "Total Revenue": 0,
        "Gross Profit": 0,
        "Operating Income": -3,
        "EBIT": -3,
        "Net Income": -3
    },
    "2021-09-30": {
        "Diluted EPS": -0.39,
        "Total Revenue": 0,
        "Gross Profit": 0,
        "Operating Income": -5,
        "EBIT": -5,
        "Net Income": -5
    },
    "2021-06-30": {
        "Diluted EPS": -0.3,
        "Total Revenue": 0,
        "Gross Profit": 0,
        "Operating Income": -4,
        "EBIT": -4,
        "Net Income": -4
    },
    "2021-03-31": {
        "Diluted EPS": -0.5,
        "Total Revenue": 0,
        "Gross Profit": 0,
        "Operating Income": -2,
        "EBIT": -2,
        "Net Income": -2
    },
    "2020-12-31": {
        "Diluted EPS": -0.52,
        "Total Revenue": 0,
        "Gross Profit": 0,
        "Operating Income": -2,
        "EBIT": -2,
        "Net Income": -2
    },
    "2020-09-30": {
        "Diluted EPS": -0.25,
        "Total Revenue": 0,
        "Gross Profit": 0,
        "Operating Income": -1,
        "EBIT": -1,
        "Net Income": -1
    },
    "2020-06-30": {
        "Diluted EPS": -0.27,
        "Total Revenue": 0,
        "Gross Profit": 0,
        "Operating Income": -1,
        "EBIT": -1,
        "Net Income": -1
    },
    "2020-03-31": {
        "Diluted EPS": -0.29,
        "Total Revenue": 0,
        "Gross Profit": 0,
        "Operating Income": -1,
        "EBIT": -1,
        "Net Income": -1
    },
    "2019-12-31": {
        "Diluted EPS": 0.0,
        "Total Revenue": NaN,
        "Gross Profit": NaN,
        "Operating Income": NaN,
        "EBIT": NaN,
        "Net Income": NaN
    },
    "2018-12-31": {
        "Diluted EPS": 0.0,
        "Total Revenue": NaN,
        "Gross Profit": NaN,
        "Operating Income": NaN,
        "EBIT": NaN,
        "Net Income": NaN
    },
    "2023-06-30": {
        "Tax Effect Of Unusual Items": NaN,
        "Tax Rate For Calcs": NaN,
        "Normalized EBITDA": NaN,
        "Total Unusual Items": NaN,
        "Total Unusual Items Excluding Goodwill": NaN,
        "Net Income From Continuing Operation Net Minority Interest": NaN,
        "Reconciled Depreciation": NaN,
        "EBITDA": NaN,
        "EBIT": NaN,
        "Net Interest Income": NaN,
        "Interest Income": 129929.0,
        "Normalized Income": NaN,
        "Net Income From Continuing And Discontinued Operation": NaN,
        "Total Expenses": NaN,
        "Total Operating Income As Reported": NaN,
        "Diluted Average Shares": 12387089.0,
        "Basic Average Shares": 12387089.0,
        "Diluted EPS": -0.62,
        "Basic EPS": -0.62,
        "Diluted NI Availto Com Stockholders": NaN,
        "Net Income Common Stockholders": NaN,
        "Net Income": NaN,
        "Net Income Including Noncontrolling Interests": NaN,
        "Net Income Continuous Operations": NaN,
        "Tax Provision": NaN,
        "Pretax Income": NaN,
        "Other Income Expense": NaN,
        "Gain On Sale Of Security": NaN,
        "Net Non Operating Interest Income Expense": NaN,
        "Total Other Finance Cost": -129929.0,
        "Interest Income Non Operating": 129929.0,
        "Operating Income": NaN,
        "Operating Expense": NaN,
        "Research And Development": NaN,
        "Selling General And Administration": NaN,
        "General And Administrative Expense": NaN,
        "Other Gand A": NaN,
        "Total Revenue": NaN,
        "Operating Revenue": NaN
    },
    "2023-09-30": {
        "Tax Effect Of Unusual Items": 17261.58,
        "Tax Rate For Calcs": 0.21,
        "Normalized EBITDA": -4946694.0,
        "Total Unusual Items": 82198.0,
        "Total Unusual Items Excluding Goodwill": 82198.0,
        "Net Income From Continuing Operation Net Minority Interest": -4718263.0,
        "Reconciled Depreciation": 20509.0,
        "EBITDA": -4864496.0,
        "EBIT": -4885005.0,
        "Net Interest Income": 106000.0,
        "Interest Income": NaN,
        "Normalized Income": -4783199.42,
        "Net Income From Continuing And Discontinued Operation": -4718263.0,
        "Total Expenses": 4885005.0,
        "Total Operating Income As Reported": -4885005.0,
        "Diluted Average Shares": 12701401.0,
        "Basic Average Shares": 12701401.0,
        "Diluted EPS": -0.37,
        "Basic EPS": -0.37,
        "Diluted NI Availto Com Stockholders": -4718263.0,
        "Net Income Common Stockholders": -4718263.0,
        "Net Income": -4718263.0,
        "Net Income Including Noncontrolling Interests": -4718263.0,
        "Net Income Continuous Operations": -4718263.0,
        "Tax Provision": 21456.0,
        "Pretax Income": -4696807.0,
        "Other Income Expense": 82198.0,
        "Gain On Sale Of Security": 82198.0,
        "Net Non Operating Interest Income Expense": 106000.0,
        "Total Other Finance Cost": -106000.0,
        "Interest Income Non Operating": NaN,
        "Operating Income": -4885005.0,
        "Operating Expense": 4885005.0,
        "Research And Development": 2367482.0,
        "Selling General And Administration": 2517523.0,
        "General And Administrative Expense": 2517523.0,
        "Other Gand A": 2517523.0,
        "Total Revenue": 0.0,
        "Operating Revenue": 0.0
    },
    "2023-12-31": {
        "Tax Effect Of Unusual Items": -85786.47,
        "Tax Rate For Calcs": 0.21,
        "Normalized EBITDA": -3975134.0,
        "Total Unusual Items": -408507.0,
        "Total Unusual Items Excluding Goodwill": -408507.0,
        "Net Income From Continuing Operation Net Minority Interest": -4723969.0,
        "Reconciled Depreciation": 23589.0,
        "EBITDA": -4383641.0,
        "EBIT": -4407230.0,
        "Net Interest Income": 106270.0,
        "Interest Income": NaN,
        "Normalized Income": -4401248.47,
        "Net Income From Continuing And Discontinued Operation": -4723969.0,
        "Total Expenses": 4407230.0,
        "Total Operating Income As Reported": -4407230.0,
        "Diluted Average Shares": NaN,
        "Basic Average Shares": NaN,
        "Diluted EPS": NaN,
        "Basic EPS": NaN,
        "Diluted NI Availto Com Stockholders": -4723969.0,
        "Net Income Common Stockholders": -4723969.0,
        "Net Income": -4723969.0,
        "Net Income Including Noncontrolling Interests": -4723969.0,
        "Net Income Continuous Operations": -4723969.0,
        "Tax Provision": 14502.0,
        "Pretax Income": -4709467.0,
        "Other Income Expense": -408507.0,
        "Gain On Sale Of Security": -408507.0,
        "Net Non Operating Interest Income Expense": 106270.0,
        "Total Other Finance Cost": NaN,
        "Interest Income Non Operating": NaN,
        "Operating Income": -4407230.0,
        "Operating Expense": 4407230.0,
        "Research And Development": 2373983.0,
        "Selling General And Administration": 2033247.0,
        "General And Administrative Expense": 2033247.0,
        "Other Gand A": 2033247.0,
        "Total Revenue": 0.0,
        "Operating Revenue": 0.0
    },
    "2024-03-31": {
        "Tax Effect Of Unusual Items": 56296.17,
        "Tax Rate For Calcs": 0.21,
        "Normalized EBITDA": -4625249.0,
        "Total Unusual Items": 268077.0,
        "Total Unusual Items Excluding Goodwill": 268077.0,
        "Net Income From Continuing Operation Net Minority Interest": -4014194.0,
        "Reconciled Depreciation": 20528.0,
        "EBITDA": -4357172.0,
        "EBIT": -4377700.0,
        "Net Interest Income": 115303.0,
        "Interest Income": NaN,
        "Normalized Income": -4225974.83,
        "Net Income From Continuing And Discontinued Operation": -4014194.0,
        "Total Expenses": 4377700.0,
        "Total Operating Income As Reported": -4377700.0,
        "Diluted Average Shares": 17978951.0,
        "Basic Average Shares": 17978951.0,
        "Diluted EPS": -0.22,
        "Basic EPS": -0.22,
        "Diluted NI Availto Com Stockholders": -4014194.0,
        "Net Income Common Stockholders": -4014194.0,
        "Net Income": -4014194.0,
        "Net Income Including Noncontrolling Interests": -4014194.0,
        "Net Income Continuous Operations": -4014194.0,
        "Tax Provision": 19874.0,
        "Pretax Income": -3994320.0,
        "Other Income Expense": 268077.0,
        "Gain On Sale Of Security": 268077.0,
        "Net Non Operating Interest Income Expense": 115303.0,
        "Total Other Finance Cost": -115303.0,
        "Interest Income Non Operating": NaN,
        "Operating Income": -4377700.0,
        "Operating Expense": 4377700.0,
        "Research And Development": 2506906.0,
        "Selling General And Administration": 1870794.0,
        "General And Administrative Expense": 1870794.0,
        "Other Gand A": 1870794.0,
        "Total Revenue": 0.0,
        "Operating Revenue": 0.0
    },
    "2024-06-30": {
        "Tax Effect Of Unusual Items": -9150.96,
        "Tax Rate For Calcs": 0.21,
        "Normalized EBITDA": -8118655.0,
        "Total Unusual Items": -43576.0,
        "Total Unusual Items Excluding Goodwill": -43576.0,
        "Net Income From Continuing Operation Net Minority Interest": -8143078.0,
        "Reconciled Depreciation": 20593.0,
        "EBITDA": -8162231.0,
        "EBIT": -8182824.0,
        "Net Interest Income": 84531.0,
        "Interest Income": NaN,
        "Normalized Income": -8108652.96,
        "Net Income From Continuing And Discontinued Operation": -8143078.0,
        "Total Expenses": 8182824.0,
        "Total Operating Income As Reported": -8182824.0,
        "Diluted Average Shares": 19215582.0,
        "Basic Average Shares": 19215582.0,
        "Diluted EPS": -0.42,
        "Basic EPS": -0.42,
        "Diluted NI Availto Com Stockholders": -8143078.0,
        "Net Income Common Stockholders": -8143078.0,
        "Net Income": -8143078.0,
        "Net Income Including Noncontrolling Interests": -8143078.0,
        "Net Income Continuous Operations": -8143078.0,
        "Tax Provision": 1209.0,
        "Pretax Income": -8141869.0,
        "Other Income Expense": -43576.0,
        "Gain On Sale Of Security": -43576.0,
        "Net Non Operating Interest Income Expense": 84531.0,
        "Total Other Finance Cost": -84531.0,
        "Interest Income Non Operating": NaN,
        "Operating Income": -8182824.0,
        "Operating Expense": 8182824.0,
        "Research And Development": 4437631.0,
        "Selling General And Administration": 3745193.0,
        "General And Administrative Expense": 3745193.0,
        "Other Gand A": 3745193.0,
        "Total Revenue": 0.0,
        "Operating Revenue": 0.0
    },
    "2024-09-30": {
        "Tax Effect Of Unusual Items": -25439.19,
        "Tax Rate For Calcs": 0.21,
        "Normalized EBITDA": -4316182.0,
        "Total Unusual Items": -121139.0,
        "Total Unusual Items Excluding Goodwill": -121139.0,
        "Net Income From Continuing Operation Net Minority Interest": -4485692.0,
        "Reconciled Depreciation": 21643.0,
        "EBITDA": -4437321.0,
        "EBIT": -4458964.0,
        "Net Interest Income": 105405.0,
        "Interest Income": NaN,
        "Normalized Income": -4389992.19,
        "Net Income From Continuing And Discontinued Operation": -4485692.0,
        "Total Expenses": 4458964.0,
        "Total Operating Income As Reported": -4458964.0,
        "Diluted Average Shares": 26531747.0,
        "Basic Average Shares": 26531747.0,
        "Diluted EPS": -0.17,
        "Basic EPS": -0.17,
        "Diluted NI Availto Com Stockholders": -4485692.0,
        "Net Income Common Stockholders": -4485692.0,
        "Net Income": -4485692.0,
        "Net Income Including Noncontrolling Interests": -4485692.0,
        "Net Income Continuous Operations": -4485692.0,
        "Tax Provision": 10994.0,
        "Pretax Income": -4474698.0,
        "Other Income Expense": -121139.0,
        "Gain On Sale Of Security": -121139.0,
        "Net Non Operating Interest Income Expense": 105405.0,
        "Total Other Finance Cost": -105405.0,
        "Interest Income Non Operating": NaN,
        "Operating Income": -4458964.0,
        "Operating Expense": 4458964.0,
        "Research And Development": 2621722.0,
        "Selling General And Administration": 1837242.0,
        "General And Administrative Expense": 1837242.0,
        "Other Gand A": 1837242.0,
        "Total Revenue": 0.0,
        "Operating Revenue": 0.0
    }
}