{
    "2023-03-31": {
        "Tax Effect Of Unusual Items": NaN,
        "Tax Rate For Calcs": NaN,
        "Normalized EBITDA": NaN,
        "Net Income From Continuing Operation Net Minority Interest": NaN,
        "Reconciled Depreciation": NaN,
        "Reconciled Cost Of Revenue": NaN,
        "EBITDA": NaN,
        "EBIT": NaN,
        "Net Interest Income": NaN,
        "Interest Expense": NaN,
        "Interest Income": NaN,
        "Normalized Income": NaN,
        "Net Income From Continuing And Discontinued Operation": NaN,
        "Total Expenses": NaN,
        "Diluted Average Shares": NaN,
        "Basic Average Shares": NaN,
        "Diluted EPS": NaN,
        "Basic EPS": NaN,
        "Diluted NI Availto Com Stockholders": NaN,
        "Net Income Common Stockholders": NaN,
        "Net Income": NaN,
        "Net Income Including Noncontrolling Interests": NaN,
        "Net Income Continuous Operations": NaN,
        "Tax Provision": NaN,
        "Pretax Income": NaN,
        "Other Income Expense": NaN,
        "Other Non Operating Income Expenses": NaN,
        "Earnings From Equity Interest": NaN,
        "Net Non Operating Interest Income Expense": NaN,
        "Interest Expense Non Operating": NaN,
        "Interest Income Non Operating": NaN,
        "Operating Income": NaN,
        "Operating Expense": NaN,
        "Other Operating Expenses": 26000.0,
        "Selling General And Administration": NaN,
        "General And Administrative Expense": NaN,
        "Other Gand A": NaN,
        "Gross Profit": NaN,
        "Cost Of Revenue": NaN,
        "Total Revenue": NaN,
        "Operating Revenue": NaN
    },
    "2022-12-31": {
        "Tax Effect Of Unusual Items": NaN,
        "Tax Rate For Calcs": NaN,
        "Normalized EBITDA": NaN,
        "Net Income From Continuing Operation Net Minority Interest": NaN,
        "Reconciled Depreciation": NaN,
        "Reconciled Cost Of Revenue": NaN,
        "EBITDA": NaN,
        "EBIT": NaN,
        "Net Interest Income": NaN,
        "Interest Expense": NaN,
        "Interest Income": NaN,
        "Normalized Income": NaN,
        "Net Income From Continuing And Discontinued Operation": NaN,
        "Total Expenses": NaN,
        "Diluted Average Shares": NaN,
        "Basic Average Shares": NaN,
        "Diluted EPS": NaN,
        "Basic EPS": NaN,
        "Diluted NI Availto Com Stockholders": NaN,
        "Net Income Common Stockholders": NaN,
        "Net Income": NaN,
        "Net Income Including Noncontrolling Interests": NaN,
        "Net Income Continuous Operations": NaN,
        "Tax Provision": NaN,
        "Pretax Income": NaN,
        "Other Income Expense": NaN,
        "Other Non Operating Income Expenses": NaN,
        "Earnings From Equity Interest": NaN,
        "Net Non Operating Interest Income Expense": NaN,
        "Interest Expense Non Operating": NaN,
        "Interest Income Non Operating": NaN,
        "Operating Income": NaN,
        "Operating Expense": NaN,
        "Other Operating Expenses": 0.0,
        "Selling General And Administration": NaN,
        "General And Administrative Expense": NaN,
        "Other Gand A": NaN,
        "Gross Profit": NaN,
        "Cost Of Revenue": NaN,
        "Total Revenue": NaN,
        "Operating Revenue": NaN
    },
    "2022-09-30": {
        "Tax Effect Of Unusual Items": NaN,
        "Tax Rate For Calcs": NaN,
        "Normalized EBITDA": NaN,
        "Net Income From Continuing Operation Net Minority Interest": NaN,
        "Reconciled Depreciation": NaN,
        "Reconciled Cost Of Revenue": NaN,
        "EBITDA": NaN,
        "EBIT": NaN,
        "Net Interest Income": NaN,
        "Interest Expense": NaN,
        "Interest Income": NaN,
        "Normalized Income": NaN,
        "Net Income From Continuing And Discontinued Operation": NaN,
        "Total Expenses": NaN,
        "Diluted Average Shares": 69309019.0,
        "Basic Average Shares": 69162223.0,
        "Diluted EPS": 0.05,
        "Basic EPS": 0.05,
        "Diluted NI Availto Com Stockholders": NaN,
        "Net Income Common Stockholders": NaN,
        "Net Income": NaN,
        "Net Income Including Noncontrolling Interests": NaN,
        "Net Income Continuous Operations": NaN,
        "Tax Provision": NaN,
        "Pretax Income": NaN,
        "Other Income Expense": NaN,
        "Other Non Operating Income Expenses": NaN,
        "Earnings From Equity Interest": NaN,
        "Net Non Operating Interest Income Expense": NaN,
        "Interest Expense Non Operating": NaN,
        "Interest Income Non Operating": NaN,
        "Operating Income": NaN,
        "Operating Expense": NaN,
        "Other Operating Expenses": NaN,
        "Selling General And Administration": NaN,
        "General And Administrative Expense": NaN,
        "Other Gand A": NaN,
        "Gross Profit": NaN,
        "Cost Of Revenue": NaN,
        "Total Revenue": NaN,
        "Operating Revenue": NaN
    },
    "2022-06-30": {
        "Tax Effect Of Unusual Items": 0.0,
        "Tax Rate For Calcs": 0.0,
        "Normalized EBITDA": -4257000.0,
        "Net Income From Continuing Operation Net Minority Interest": -2426000.0,
        "Reconciled Depreciation": 44000.0,
        "Reconciled Cost Of Revenue": 44000.0,
        "EBITDA": -4257000.0,
        "EBIT": -4301000.0,
        "Normalized Income": -2426000.0,
        "Net Income From Continuing And Discontinued Operation": -2426000.0,
        "Total Expenses": 4301000.0,
        "Diluted Average Shares": 69162223.0,
        "Basic Average Shares": 69162223.0,
        "Diluted EPS": 0.08,
        "Basic EPS": 0.08,
        "Diluted NI Availto Com Stockholders": -2426000.0,
        "Net Income Common Stockholders": -2426000.0,
        "Net Income": -2426000.0,
        "Net Income Including Noncontrolling Interests": -2426000.0,
        "Net Income Continuous Operations": -2426000.0,
        "Tax Provision": NaN,
        "Pretax Income": -2426000.0,
        "Other Income Expense": 1875000.0,
        "Other Non Operating Income Expenses": 1110000.0,
        "Earnings From Equity Interest": 765000.0,
        "Operating Income": -4301000.0,
        "Operating Expense": 4257000.0,
        "Other Operating Expenses": NaN,
        "Selling General And Administration": 4257000.0,
        "General And Administrative Expense": 4257000.0,
        "Other Gand A": 4257000.0,
        "Gross Profit": -44000.0,
        "Cost Of Revenue": 44000.0,
        "Total Revenue": 0.0,
        "Operating Revenue": 0.0
    },
    "2022-03-31": {
        "Diluted EPS": 0.02,
        "Total Revenue": NaN,
        "Gross Profit": NaN,
        "Operating Income": -7,
        "EBIT": -7,
        "Net Income": 1
    },
    "2021-12-31": {
        "Diluted EPS": -1.0,
        "Total Revenue": NaN,
        "Gross Profit": NaN,
        "Operating Income": -4,
        "EBIT": -4,
        "Net Income": -63
    },
    "2021-09-30": {
        "Diluted EPS": -0.22,
        "Total Revenue": NaN,
        "Gross Profit": NaN,
        "Operating Income": -8,
        "EBIT": -8,
        "Net Income": -15
    },
    "2021-06-30": {
        "Diluted EPS": 0.22,
        "Total Revenue": NaN,
        "Gross Profit": NaN,
        "Operating Income": -6,
        "EBIT": -6,
        "Net Income": 13
    },
    "2021-03-31": {
        "Diluted EPS": -0.03,
        "Total Revenue": NaN,
        "Gross Profit": NaN,
        "Operating Income": -5,
        "EBIT": -5,
        "Net Income": -2
    },
    "2020-12-31": {
        "Diluted EPS": -1.04,
        "Total Revenue": NaN,
        "Gross Profit": NaN,
        "Operating Income": -4,
        "EBIT": -4,
        "Net Income": -9
    },
    "2020-09-30": {
        "Diluted EPS": -0.03,
        "Total Revenue": NaN,
        "Gross Profit": NaN,
        "Operating Income": -2,
        "EBIT": -2,
        "Net Income": -1
    },
    "2020-06-30": {
        "Diluted EPS": -0.3,
        "Total Revenue": NaN,
        "Gross Profit": NaN,
        "Operating Income": -2,
        "EBIT": -2,
        "Net Income": -12
    },
    "2020-03-31": {
        "Diluted EPS": 0.44,
        "Total Revenue": NaN,
        "Gross Profit": NaN,
        "Operating Income": -1,
        "EBIT": -1,
        "Net Income": -18
    },
    "2019-12-31": {
        "Diluted EPS": 0.0,
        "Total Revenue": NaN,
        "Gross Profit": NaN,
        "Operating Income": NaN,
        "EBIT": NaN,
        "Net Income": NaN
    },
    "2019-09-30": {
        "Diluted EPS": 0.06,
        "Total Revenue": NaN,
        "Gross Profit": NaN,
        "Operating Income": -2,
        "EBIT": -2,
        "Net Income": -5
    },
    "2023-06-30": {
        "Tax Effect Of Unusual Items": NaN,
        "Tax Rate For Calcs": NaN,
        "Normalized EBITDA": NaN,
        "Net Income From Continuing Operation Net Minority Interest": NaN,
        "Reconciled Depreciation": NaN,
        "Reconciled Cost Of Revenue": NaN,
        "EBITDA": NaN,
        "EBIT": NaN,
        "Net Interest Income": -57000.0,
        "Interest Expense": 183000.0,
        "Interest Income": 126000.0,
        "Normalized Income": NaN,
        "Net Income From Continuing And Discontinued Operation": NaN,
        "Total Expenses": NaN,
        "Diluted Average Shares": 69162223.0,
        "Basic Average Shares": 69162223.0,
        "Diluted EPS": -0.05,
        "Basic EPS": -0.05,
        "Diluted NI Availto Com Stockholders": NaN,
        "Net Income Common Stockholders": NaN,
        "Net Income": NaN,
        "Net Income Including Noncontrolling Interests": NaN,
        "Net Income Continuous Operations": NaN,
        "Tax Provision": NaN,
        "Pretax Income": NaN,
        "Other Income Expense": NaN,
        "Other Non Operating Income Expenses": NaN,
        "Earnings From Equity Interest": NaN,
        "Net Non Operating Interest Income Expense": -57000.0,
        "Interest Expense Non Operating": 183000.0,
        "Interest Income Non Operating": 126000.0,
        "Operating Income": NaN,
        "Operating Expense": NaN,
        "Other Operating Expenses": NaN,
        "Selling General And Administration": NaN,
        "General And Administrative Expense": NaN,
        "Other Gand A": NaN,
        "Gross Profit": NaN,
        "Cost Of Revenue": NaN,
        "Total Revenue": NaN,
        "Operating Revenue": NaN
    },
    "2023-09-30": {
        "Tax Effect Of Unusual Items": 0.0,
        "Tax Rate For Calcs": 0.0,
        "Normalized EBITDA": 3623000.0,
        "Net Income From Continuing Operation Net Minority Interest": 3288000.0,
        "Reconciled Depreciation": 3000.0,
        "Reconciled Cost Of Revenue": 3000.0,
        "EBITDA": 3623000.0,
        "EBIT": 3620000.0,
        "Net Interest Income": 57000.0,
        "Interest Expense": 332000.0,
        "Interest Income": 389000.0,
        "Normalized Income": 3288000.0,
        "Net Income From Continuing And Discontinued Operation": 3288000.0,
        "Total Expenses": 7497000.0,
        "Diluted Average Shares": 69524838.0,
        "Basic Average Shares": 69162223.0,
        "Diluted EPS": 0.05,
        "Basic EPS": 0.05,
        "Diluted NI Availto Com Stockholders": 3288000.0,
        "Net Income Common Stockholders": 3288000.0,
        "Net Income": 3288000.0,
        "Net Income Including Noncontrolling Interests": 3288000.0,
        "Net Income Continuous Operations": 3288000.0,
        "Tax Provision": 0.0,
        "Pretax Income": 3288000.0,
        "Other Income Expense": 10728000.0,
        "Other Non Operating Income Expenses": 1291000.0,
        "Earnings From Equity Interest": 9437000.0,
        "Net Non Operating Interest Income Expense": 57000.0,
        "Interest Expense Non Operating": 332000.0,
        "Interest Income Non Operating": 389000.0,
        "Operating Income": -7497000.0,
        "Operating Expense": 7494000.0,
        "Other Operating Expenses": NaN,
        "Selling General And Administration": 7494000.0,
        "General And Administrative Expense": 7494000.0,
        "Other Gand A": 7494000.0,
        "Gross Profit": -3000.0,
        "Cost Of Revenue": 3000.0,
        "Total Revenue": 0.0,
        "Operating Revenue": 0.0
    },
    "2023-12-31": {
        "Tax Effect Of Unusual Items": 0.0,
        "Tax Rate For Calcs": 0.009161,
        "Normalized EBITDA": 32915000.0,
        "Net Income From Continuing Operation Net Minority Interest": 12330000.0,
        "Reconciled Depreciation": 5000.0,
        "Reconciled Cost Of Revenue": 5000.0,
        "EBITDA": 32915000.0,
        "EBIT": 32910000.0,
        "Net Interest Income": NaN,
        "Interest Expense": NaN,
        "Interest Income": NaN,
        "Normalized Income": 12330000.0,
        "Net Income From Continuing And Discontinued Operation": 12330000.0,
        "Total Expenses": 6536000.0,
        "Diluted Average Shares": NaN,
        "Basic Average Shares": NaN,
        "Diluted EPS": NaN,
        "Basic EPS": NaN,
        "Diluted NI Availto Com Stockholders": 12330000.0,
        "Net Income Common Stockholders": 12330000.0,
        "Net Income": 12330000.0,
        "Net Income Including Noncontrolling Interests": 12330000.0,
        "Net Income Continuous Operations": 12330000.0,
        "Tax Provision": 114000.0,
        "Pretax Income": 12444000.0,
        "Other Income Expense": 18327000.0,
        "Other Non Operating Income Expenses": 2127000.0,
        "Earnings From Equity Interest": 17700000.0,
        "Net Non Operating Interest Income Expense": NaN,
        "Interest Expense Non Operating": NaN,
        "Interest Income Non Operating": NaN,
        "Operating Income": -6536000.0,
        "Operating Expense": 6531000.0,
        "Other Operating Expenses": 0.0,
        "Selling General And Administration": 6531000.0,
        "General And Administrative Expense": 6531000.0,
        "Other Gand A": 6531000.0,
        "Gross Profit": -5000.0,
        "Cost Of Revenue": 5000.0,
        "Total Revenue": 0.0,
        "Operating Revenue": 0.0
    },
    "2024-03-31": {
        "Tax Effect Of Unusual Items": 0.0,
        "Tax Rate For Calcs": 0.016699,
        "Normalized EBITDA": 2579000.0,
        "Net Income From Continuing Operation Net Minority Interest": 2532000.0,
        "Reconciled Depreciation": 4000.0,
        "Reconciled Cost Of Revenue": 4000.0,
        "EBITDA": 2579000.0,
        "EBIT": 2575000.0,
        "Net Interest Income": 767000.0,
        "Interest Expense": 0.0,
        "Interest Income": 767000.0,
        "Normalized Income": 2532000.0,
        "Net Income From Continuing And Discontinued Operation": 2532000.0,
        "Total Expenses": 6998000.0,
        "Diluted Average Shares": 70419665.0,
        "Basic Average Shares": 69181047.0,
        "Diluted EPS": 0.04,
        "Basic EPS": 0.04,
        "Diluted NI Availto Com Stockholders": 2532000.0,
        "Net Income Common Stockholders": 2532000.0,
        "Net Income": 2532000.0,
        "Net Income Including Noncontrolling Interests": 2532000.0,
        "Net Income Continuous Operations": 2532000.0,
        "Tax Provision": 43000.0,
        "Pretax Income": 2575000.0,
        "Other Income Expense": 8806000.0,
        "Other Non Operating Income Expenses": 1518000.0,
        "Earnings From Equity Interest": 7288000.0,
        "Net Non Operating Interest Income Expense": 767000.0,
        "Interest Expense Non Operating": 0.0,
        "Interest Income Non Operating": 767000.0,
        "Operating Income": -6998000.0,
        "Operating Expense": 6994000.0,
        "Other Operating Expenses": 31000.0,
        "Selling General And Administration": 6963000.0,
        "General And Administrative Expense": 6963000.0,
        "Other Gand A": 6963000.0,
        "Gross Profit": -4000.0,
        "Cost Of Revenue": 4000.0,
        "Total Revenue": 0.0,
        "Operating Revenue": 0.0
    },
    "2024-06-30": {
        "Tax Effect Of Unusual Items": 0.0,
        "Tax Rate For Calcs": 0.013893,
        "Normalized EBITDA": 9288000.0,
        "Net Income From Continuing Operation Net Minority Interest": 9156000.0,
        "Reconciled Depreciation": 3000.0,
        "Reconciled Cost Of Revenue": 3000.0,
        "EBITDA": 9288000.0,
        "EBIT": 9285000.0,
        "Net Interest Income": 1117000.0,
        "Interest Expense": 0.0,
        "Interest Income": 1117000.0,
        "Normalized Income": 9156000.0,
        "Net Income From Continuing And Discontinued Operation": 9156000.0,
        "Total Expenses": 7919000.0,
        "Diluted Average Shares": 71096361.0,
        "Basic Average Shares": 69217512.0,
        "Diluted EPS": 0.13,
        "Basic EPS": 0.13,
        "Diluted NI Availto Com Stockholders": 9156000.0,
        "Net Income Common Stockholders": 9156000.0,
        "Net Income": 9156000.0,
        "Net Income Including Noncontrolling Interests": 9156000.0,
        "Net Income Continuous Operations": 9156000.0,
        "Tax Provision": 129000.0,
        "Pretax Income": 9285000.0,
        "Other Income Expense": 16087000.0,
        "Other Non Operating Income Expenses": 1561000.0,
        "Earnings From Equity Interest": 14526000.0,
        "Net Non Operating Interest Income Expense": 1117000.0,
        "Interest Expense Non Operating": 0.0,
        "Interest Income Non Operating": 1117000.0,
        "Operating Income": -7919000.0,
        "Operating Expense": 7916000.0,
        "Other Operating Expenses": 44000.0,
        "Selling General And Administration": 7872000.0,
        "General And Administrative Expense": 7872000.0,
        "Other Gand A": 7872000.0,
        "Gross Profit": -3000.0,
        "Cost Of Revenue": 3000.0,
        "Total Revenue": 0.0,
        "Operating Revenue": 0.0
    },
    "2024-09-30": {
        "Tax Effect Of Unusual Items": 0.0,
        "Tax Rate For Calcs": 0.050802,
        "Normalized EBITDA": 10417000.0,
        "Net Income From Continuing Operation Net Minority Interest": 9884000.0,
        "Reconciled Depreciation": 4000.0,
        "Reconciled Cost Of Revenue": 4000.0,
        "EBITDA": 10417000.0,
        "EBIT": 10413000.0,
        "Net Interest Income": 1322000.0,
        "Interest Expense": 0.0,
        "Interest Income": 1322000.0,
        "Normalized Income": 9884000.0,
        "Net Income From Continuing And Discontinued Operation": 9884000.0,
        "Total Expenses": 10583000.0,
        "Diluted Average Shares": 71613178.0,
        "Basic Average Shares": 69343979.0,
        "Diluted EPS": 0.14,
        "Basic EPS": 0.14,
        "Diluted NI Availto Com Stockholders": 9884000.0,
        "Net Income Common Stockholders": 9884000.0,
        "Net Income": 9884000.0,
        "Net Income Including Noncontrolling Interests": 9884000.0,
        "Net Income Continuous Operations": 9884000.0,
        "Tax Provision": 529000.0,
        "Pretax Income": 10413000.0,
        "Other Income Expense": 19674000.0,
        "Other Non Operating Income Expenses": 1503000.0,
        "Earnings From Equity Interest": 18171000.0,
        "Net Non Operating Interest Income Expense": 1322000.0,
        "Interest Expense Non Operating": 0.0,
        "Interest Income Non Operating": 1322000.0,
        "Operating Income": -10583000.0,
        "Operating Expense": 10579000.0,
        "Other Operating Expenses": 144000.0,
        "Selling General And Administration": 10435000.0,
        "General And Administrative Expense": 10435000.0,
        "Other Gand A": 10435000.0,
        "Gross Profit": -4000.0,
        "Cost Of Revenue": 4000.0,
        "Total Revenue": 0.0,
        "Operating Revenue": 0.0
    }
}