{
    "2024-03-31": {
        "Tax Effect Of Unusual Items": 0.0,
        "Tax Rate For Calcs": 0.0,
        "Normalized EBITDA": 4656000.0,
        "Total Unusual Items": -5978000.0,
        "Total Unusual Items Excluding Goodwill": -5978000.0,
        "Net Income From Continuing Operation Net Minority Interest": -4759000.0,
        "Reconciled Depreciation": 3016000.0,
        "Reconciled Cost Of Revenue": 24067000.0,
        "EBITDA": -1322000.0,
        "EBIT": -4338000.0,
        "Net Interest Income": 390000.0,
        "Interest Expense": 421000.0,
        "Interest Income": 849000.0,
        "Normalized Income": 1219000.0,
        "Net Income From Continuing And Discontinued Operation": -4759000.0,
        "Total Expenses": 35572000.0,
        "Rent Expense Supplemental": 299000.0,
        "Total Operating Income As Reported": NaN,
        "Diluted Average Shares": 233510750.0,
        "Basic Average Shares": 233510750.0,
        "Diluted EPS": -0.02,
        "Basic EPS": -0.02,
        "Diluted NI Availto Com Stockholders": -4759000.0,
        "Net Income Common Stockholders": -4759000.0,
        "Net Income": -4759000.0,
        "Minority Interests": 0.0,
        "Net Income Including Noncontrolling Interests": -4759000.0,
        "Net Income Continuous Operations": -4759000.0,
        "Pretax Income": -4759000.0,
        "Other Income Expense": -1272000.0,
        "Special Income Charges": -2545000.0,
        "Gain On Sale Of Business": NaN,
        "Restructuring And Mergern Acquisition": 2545000.0,
        "Earnings From Equity Interest": 4706000.0,
        "Gain On Sale Of Security": -3433000.0,
        "Net Non Operating Interest Income Expense": 390000.0,
        "Total Other Finance Cost": 38000.0,
        "Interest Expense Non Operating": 421000.0,
        "Interest Income Non Operating": 849000.0,
        "Operating Income": -3877000.0,
        "Operating Expense": 8523000.0,
        "Other Operating Expenses": 830000.0,
        "Depreciation Amortization Depletion Income Statement": 34000.0,
        "Depreciation And Amortization In Income Statement": 34000.0,
        "Depreciation Income Statement": 34000.0,
        "Selling General And Administration": 7659000.0,
        "Selling And Marketing Expense": 272000.0,
        "General And Administrative Expense": 7387000.0,
        "Other Gand A": 315000.0,
        "Rent And Landing Fees": 299000.0,
        "Salaries And Wages": 6773000.0,
        "Gross Profit": 4646000.0,
        "Cost Of Revenue": 27049000.0,
        "Total Revenue": 31695000.0,
        "Operating Revenue": 31695000.0
    },
    "2023-12-31": {
        "Tax Effect Of Unusual Items": 0.0,
        "Tax Rate For Calcs": 0.0,
        "Normalized EBITDA": -8760000.0,
        "Total Unusual Items": 3037000.0,
        "Total Unusual Items Excluding Goodwill": 3037000.0,
        "Net Income From Continuing Operation Net Minority Interest": -5758000.0,
        "Reconciled Depreciation": 36000.0,
        "Reconciled Cost Of Revenue": NaN,
        "EBITDA": -5723000.0,
        "EBIT": -5759000.0,
        "Net Interest Income": -6524000.0,
        "Interest Expense": -1000.0,
        "Interest Income": 759000.0,
        "Normalized Income": -8795000.0,
        "Net Income From Continuing And Discontinued Operation": -5758000.0,
        "Total Expenses": 5462000.0,
        "Rent Expense Supplemental": 274000.0,
        "Total Operating Income As Reported": -2271000.0,
        "Diluted Average Shares": NaN,
        "Basic Average Shares": NaN,
        "Diluted EPS": NaN,
        "Basic EPS": NaN,
        "Diluted NI Availto Com Stockholders": -5758000.0,
        "Net Income Common Stockholders": -5758000.0,
        "Net Income": -5758000.0,
        "Minority Interests": NaN,
        "Net Income Including Noncontrolling Interests": -5758000.0,
        "Net Income Continuous Operations": -5758000.0,
        "Pretax Income": -5758000.0,
        "Other Income Expense": 6228000.0,
        "Special Income Charges": NaN,
        "Gain On Sale Of Business": NaN,
        "Restructuring And Mergern Acquisition": NaN,
        "Earnings From Equity Interest": 3191000.0,
        "Gain On Sale Of Security": 3415000.0,
        "Net Non Operating Interest Income Expense": -6524000.0,
        "Total Other Finance Cost": 7284000.0,
        "Interest Expense Non Operating": -1000.0,
        "Interest Income Non Operating": 759000.0,
        "Operating Income": -5462000.0,
        "Operating Expense": 5569000.0,
        "Other Operating Expenses": 43000.0,
        "Depreciation Amortization Depletion Income Statement": NaN,
        "Depreciation And Amortization In Income Statement": NaN,
        "Depreciation Income Statement": NaN,
        "Selling General And Administration": 5526000.0,
        "Selling And Marketing Expense": NaN,
        "General And Administrative Expense": 5526000.0,
        "Other Gand A": 427000.0,
        "Rent And Landing Fees": 274000.0,
        "Salaries And Wages": 4825000.0,
        "Gross Profit": NaN,
        "Cost Of Revenue": NaN,
        "Total Revenue": 0.0,
        "Operating Revenue": 0.0
    },
    "2023-09-30": {
        "Tax Effect Of Unusual Items": 1004000.0,
        "Tax Rate For Calcs": 0.4,
        "Normalized EBITDA": 8918000.0,
        "Total Unusual Items": 2510000.0,
        "Total Unusual Items Excluding Goodwill": 2510000.0,
        "Net Income From Continuing Operation Net Minority Interest": 11389000.0,
        "Reconciled Depreciation": 35000.0,
        "Reconciled Cost Of Revenue": 35000.0,
        "EBITDA": 11428000.0,
        "EBIT": 11393000.0,
        "Net Interest Income": 753000.0,
        "Interest Expense": 4000.0,
        "Interest Income": 759000.0,
        "Normalized Income": 9883000.0,
        "Net Income From Continuing And Discontinued Operation": 11389000.0,
        "Total Expenses": 2950000.0,
        "Rent Expense Supplemental": 412000.0,
        "Total Operating Income As Reported": 8126000.0,
        "Diluted Average Shares": 225400119.0,
        "Basic Average Shares": 224943453.0,
        "Diluted EPS": 0.05,
        "Basic EPS": 0.05,
        "Diluted NI Availto Com Stockholders": 11389000.0,
        "Net Income Common Stockholders": 11389000.0,
        "Net Income": 11389000.0,
        "Minority Interests": 0.0,
        "Net Income Including Noncontrolling Interests": 11389000.0,
        "Net Income Continuous Operations": 11389000.0,
        "Pretax Income": 11389000.0,
        "Other Income Expense": 13586000.0,
        "Special Income Charges": 0.0,
        "Gain On Sale Of Business": 0.0,
        "Restructuring And Mergern Acquisition": 0.0,
        "Earnings From Equity Interest": 11076000.0,
        "Gain On Sale Of Security": 2510000.0,
        "Net Non Operating Interest Income Expense": 753000.0,
        "Total Other Finance Cost": 2000.0,
        "Interest Expense Non Operating": 4000.0,
        "Interest Income Non Operating": 759000.0,
        "Operating Income": -2950000.0,
        "Operating Expense": 2915000.0,
        "Other Operating Expenses": 81000.0,
        "Depreciation Amortization Depletion Income Statement": NaN,
        "Depreciation And Amortization In Income Statement": NaN,
        "Depreciation Income Statement": NaN,
        "Selling General And Administration": 2834000.0,
        "Selling And Marketing Expense": NaN,
        "General And Administrative Expense": 2834000.0,
        "Other Gand A": 241000.0,
        "Rent And Landing Fees": 412000.0,
        "Salaries And Wages": 2181000.0,
        "Gross Profit": -35000.0,
        "Cost Of Revenue": 35000.0,
        "Total Revenue": 0.0,
        "Operating Revenue": 0.0
    },
    "2023-06-30": {
        "Tax Effect Of Unusual Items": NaN,
        "Tax Rate For Calcs": NaN,
        "Normalized EBITDA": NaN,
        "Total Unusual Items": NaN,
        "Total Unusual Items Excluding Goodwill": NaN,
        "Net Income From Continuing Operation Net Minority Interest": NaN,
        "Reconciled Depreciation": NaN,
        "Reconciled Cost Of Revenue": 36000.0,
        "EBITDA": NaN,
        "EBIT": NaN,
        "Net Interest Income": NaN,
        "Interest Expense": NaN,
        "Interest Income": NaN,
        "Normalized Income": NaN,
        "Net Income From Continuing And Discontinued Operation": NaN,
        "Total Expenses": NaN,
        "Rent Expense Supplemental": NaN,
        "Total Operating Income As Reported": 8805000.0,
        "Diluted Average Shares": 225292468.0,
        "Basic Average Shares": 224943453.0,
        "Diluted EPS": 0.05,
        "Basic EPS": 0.05,
        "Diluted NI Availto Com Stockholders": NaN,
        "Net Income Common Stockholders": NaN,
        "Net Income": NaN,
        "Minority Interests": 0.0,
        "Net Income Including Noncontrolling Interests": NaN,
        "Net Income Continuous Operations": NaN,
        "Pretax Income": NaN,
        "Other Income Expense": NaN,
        "Special Income Charges": 0.0,
        "Gain On Sale Of Business": 0.0,
        "Restructuring And Mergern Acquisition": 0.0,
        "Earnings From Equity Interest": NaN,
        "Gain On Sale Of Security": NaN,
        "Net Non Operating Interest Income Expense": NaN,
        "Total Other Finance Cost": NaN,
        "Interest Expense Non Operating": NaN,
        "Interest Income Non Operating": NaN,
        "Operating Income": NaN,
        "Operating Expense": NaN,
        "Other Operating Expenses": NaN,
        "Depreciation Amortization Depletion Income Statement": NaN,
        "Depreciation And Amortization In Income Statement": NaN,
        "Depreciation Income Statement": NaN,
        "Selling General And Administration": NaN,
        "Selling And Marketing Expense": 294000.0,
        "General And Administrative Expense": NaN,
        "Other Gand A": NaN,
        "Rent And Landing Fees": NaN,
        "Salaries And Wages": NaN,
        "Gross Profit": -36000.0,
        "Cost Of Revenue": 36000.0,
        "Total Revenue": NaN,
        "Operating Revenue": NaN
    },
    "2023-03-31": {
        "Tax Effect Of Unusual Items": NaN,
        "Tax Rate For Calcs": NaN,
        "Normalized EBITDA": NaN,
        "Total Unusual Items": NaN,
        "Total Unusual Items Excluding Goodwill": NaN,
        "Net Income From Continuing Operation Net Minority Interest": NaN,
        "Reconciled Depreciation": NaN,
        "Reconciled Cost Of Revenue": NaN,
        "EBITDA": NaN,
        "EBIT": NaN,
        "Net Interest Income": NaN,
        "Interest Expense": NaN,
        "Interest Income": NaN,
        "Normalized Income": NaN,
        "Net Income From Continuing And Discontinued Operation": NaN,
        "Total Expenses": NaN,
        "Rent Expense Supplemental": NaN,
        "Total Operating Income As Reported": NaN,
        "Diluted Average Shares": NaN,
        "Basic Average Shares": NaN,
        "Diluted EPS": NaN,
        "Basic EPS": NaN,
        "Diluted NI Availto Com Stockholders": NaN,
        "Net Income Common Stockholders": NaN,
        "Net Income": NaN,
        "Minority Interests": NaN,
        "Net Income Including Noncontrolling Interests": NaN,
        "Net Income Continuous Operations": NaN,
        "Pretax Income": NaN,
        "Other Income Expense": NaN,
        "Special Income Charges": NaN,
        "Gain On Sale Of Business": NaN,
        "Restructuring And Mergern Acquisition": NaN,
        "Earnings From Equity Interest": NaN,
        "Gain On Sale Of Security": NaN,
        "Net Non Operating Interest Income Expense": NaN,
        "Total Other Finance Cost": NaN,
        "Interest Expense Non Operating": NaN,
        "Interest Income Non Operating": NaN,
        "Operating Income": NaN,
        "Operating Expense": NaN,
        "Other Operating Expenses": NaN,
        "Depreciation Amortization Depletion Income Statement": 36000.0,
        "Depreciation And Amortization In Income Statement": 36000.0,
        "Depreciation Income Statement": 36000.0,
        "Selling General And Administration": NaN,
        "Selling And Marketing Expense": 259000.0,
        "General And Administrative Expense": NaN,
        "Other Gand A": NaN,
        "Rent And Landing Fees": NaN,
        "Salaries And Wages": NaN,
        "Gross Profit": NaN,
        "Cost Of Revenue": NaN,
        "Total Revenue": NaN,
        "Operating Revenue": NaN
    },
    "2022-12-31": {
        "Tax Effect Of Unusual Items": NaN,
        "Tax Rate For Calcs": NaN,
        "Normalized EBITDA": NaN,
        "Total Unusual Items": 409000.0,
        "Total Unusual Items Excluding Goodwill": 409000.0,
        "Net Income From Continuing Operation Net Minority Interest": NaN,
        "Reconciled Depreciation": NaN,
        "Reconciled Cost Of Revenue": NaN,
        "EBITDA": NaN,
        "EBIT": NaN,
        "Net Interest Income": NaN,
        "Interest Expense": NaN,
        "Interest Income": NaN,
        "Normalized Income": NaN,
        "Net Income From Continuing And Discontinued Operation": NaN,
        "Total Expenses": NaN,
        "Rent Expense Supplemental": NaN,
        "Total Operating Income As Reported": NaN,
        "Diluted Average Shares": NaN,
        "Basic Average Shares": NaN,
        "Diluted EPS": NaN,
        "Basic EPS": NaN,
        "Diluted NI Availto Com Stockholders": NaN,
        "Net Income Common Stockholders": NaN,
        "Net Income": NaN,
        "Minority Interests": NaN,
        "Net Income Including Noncontrolling Interests": NaN,
        "Net Income Continuous Operations": NaN,
        "Pretax Income": NaN,
        "Other Income Expense": NaN,
        "Special Income Charges": NaN,
        "Restructuring And Mergern Acquisition": NaN,
        "Earnings From Equity Interest": NaN,
        "Gain On Sale Of Security": -5594000.0,
        "Net Non Operating Interest Income Expense": NaN,
        "Total Other Finance Cost": 16583000.0,
        "Interest Expense Non Operating": NaN,
        "Interest Income Non Operating": NaN,
        "Operating Income": NaN,
        "Operating Expense": NaN,
        "Other Operating Expenses": NaN,
        "Depreciation Amortization Depletion Income Statement": NaN,
        "Depreciation And Amortization In Income Statement": NaN,
        "Depreciation Income Statement": NaN,
        "Selling General And Administration": NaN,
        "Selling And Marketing Expense": NaN,
        "General And Administrative Expense": NaN,
        "Other Gand A": NaN,
        "Rent And Landing Fees": NaN,
        "Salaries And Wages": NaN,
        "Gross Profit": NaN,
        "Cost Of Revenue": NaN,
        "Total Revenue": NaN,
        "Operating Revenue": NaN
    },
    "2022-09-30": {
        "Tax Effect Of Unusual Items": NaN,
        "Tax Rate For Calcs": NaN,
        "Normalized EBITDA": NaN,
        "Total Unusual Items": NaN,
        "Total Unusual Items Excluding Goodwill": NaN,
        "Net Income From Continuing Operation Net Minority Interest": NaN,
        "Reconciled Depreciation": NaN,
        "Reconciled Cost Of Revenue": 36000.0,
        "EBITDA": NaN,
        "EBIT": NaN,
        "Net Interest Income": NaN,
        "Interest Expense": NaN,
        "Interest Income": NaN,
        "Normalized Income": NaN,
        "Net Income From Continuing And Discontinued Operation": NaN,
        "Total Expenses": NaN,
        "Rent Expense Supplemental": 379000.0,
        "Total Operating Income As Reported": -2390000.0,
        "Diluted Average Shares": 224943453.0,
        "Basic Average Shares": 224943453.0,
        "Diluted EPS": 0.01,
        "Basic EPS": 0.01,
        "Diluted NI Availto Com Stockholders": NaN,
        "Net Income Common Stockholders": NaN,
        "Net Income": NaN,
        "Minority Interests": NaN,
        "Net Income Including Noncontrolling Interests": NaN,
        "Net Income Continuous Operations": NaN,
        "Pretax Income": NaN,
        "Other Income Expense": NaN,
        "Special Income Charges": NaN,
        "Restructuring And Mergern Acquisition": NaN,
        "Earnings From Equity Interest": NaN,
        "Gain On Sale Of Security": NaN,
        "Net Non Operating Interest Income Expense": NaN,
        "Total Other Finance Cost": NaN,
        "Interest Expense Non Operating": NaN,
        "Interest Income Non Operating": NaN,
        "Operating Income": NaN,
        "Operating Expense": NaN,
        "Other Operating Expenses": NaN,
        "Depreciation Amortization Depletion Income Statement": NaN,
        "Depreciation And Amortization In Income Statement": NaN,
        "Depreciation Income Statement": NaN,
        "Selling General And Administration": NaN,
        "Selling And Marketing Expense": NaN,
        "General And Administrative Expense": NaN,
        "Other Gand A": NaN,
        "Rent And Landing Fees": 379000.0,
        "Salaries And Wages": NaN,
        "Gross Profit": -36000.0,
        "Cost Of Revenue": 36000.0,
        "Total Revenue": NaN,
        "Operating Revenue": NaN
    },
    "2024-06-30": {
        "Tax Effect Of Unusual Items": -785400.0,
        "Tax Rate For Calcs": 0.15,
        "Normalized EBITDA": 20213000.0,
        "Total Unusual Items": -5236000.0,
        "Total Unusual Items Excluding Goodwill": -5236000.0,
        "Net Income From Continuing Operation Net Minority Interest": 8831000.0,
        "Reconciled Depreciation": 4712000.0,
        "Reconciled Cost Of Revenue": 38865000.0,
        "EBITDA": 14977000.0,
        "EBIT": 10265000.0,
        "Net Interest Income": -1713000.0,
        "Interest Expense": 1434000.0,
        "Interest Income": 2000.0,
        "Normalized Income": 13281600.0,
        "Net Income From Continuing And Discontinued Operation": 8831000.0,
        "Total Expenses": 48183000.0,
        "Rent Expense Supplemental": 542000.0,
        "Total Operating Income As Reported": NaN,
        "Diluted Average Shares": 261481062.0,
        "Basic Average Shares": 254974179.0,
        "Diluted EPS": 0.03,
        "Basic EPS": 0.03,
        "Diluted NI Availto Com Stockholders": 8831000.0,
        "Net Income Common Stockholders": 8831000.0,
        "Net Income": 8831000.0,
        "Minority Interests": 0.0,
        "Net Income Including Noncontrolling Interests": 8831000.0,
        "Net Income Continuous Operations": 8831000.0,
        "Pretax Income": 8831000.0,
        "Other Income Expense": -5236000.0,
        "Special Income Charges": -1362000.0,
        "Gain On Sale Of Business": 118000.0,
        "Restructuring And Mergern Acquisition": 1480000.0,
        "Earnings From Equity Interest": 0.0,
        "Gain On Sale Of Security": -3874000.0,
        "Net Non Operating Interest Income Expense": -1713000.0,
        "Total Other Finance Cost": 281000.0,
        "Interest Expense Non Operating": 1434000.0,
        "Interest Income Non Operating": 2000.0,
        "Operating Income": 15780000.0,
        "Operating Expense": 9318000.0,
        "Other Operating Expenses": 2720000.0,
        "Depreciation Amortization Depletion Income Statement": NaN,
        "Depreciation And Amortization In Income Statement": NaN,
        "Depreciation Income Statement": NaN,
        "Selling General And Administration": 6598000.0,
        "Selling And Marketing Expense": 460000.0,
        "General And Administrative Expense": 6138000.0,
        "Other Gand A": 334000.0,
        "Rent And Landing Fees": 542000.0,
        "Salaries And Wages": 5262000.0,
        "Gross Profit": 25098000.0,
        "Cost Of Revenue": 38865000.0,
        "Total Revenue": 63963000.0,
        "Operating Revenue": 63963000.0
    },
    "2024-09-30": {
        "Tax Effect Of Unusual Items": -3126600.0,
        "Tax Rate For Calcs": 0.15,
        "Normalized EBITDA": 31992000.0,
        "Total Unusual Items": -20844000.0,
        "Total Unusual Items Excluding Goodwill": -20844000.0,
        "Net Income From Continuing Operation Net Minority Interest": 1100000.0,
        "Reconciled Depreciation": 8374000.0,
        "Reconciled Cost Of Revenue": 44719000.0,
        "EBITDA": 11148000.0,
        "EBIT": 2774000.0,
        "Net Interest Income": -372000.0,
        "Interest Expense": 1674000.0,
        "Interest Income": 1291000.0,
        "Normalized Income": 18817400.0,
        "Net Income From Continuing And Discontinued Operation": 1100000.0,
        "Total Expenses": 48814000.0,
        "Rent Expense Supplemental": 252000.0,
        "Total Operating Income As Reported": NaN,
        "Diluted Average Shares": 262052961.0,
        "Basic Average Shares": 256912077.0,
        "Diluted EPS": 0.004198,
        "Basic EPS": 0.004282,
        "Diluted NI Availto Com Stockholders": 1100000.0,
        "Net Income Common Stockholders": 1100000.0,
        "Net Income": 1100000.0,
        "Minority Interests": 0.0,
        "Net Income Including Noncontrolling Interests": 1100000.0,
        "Net Income Continuous Operations": 1100000.0,
        "Pretax Income": 1100000.0,
        "Other Income Expense": -20844000.0,
        "Special Income Charges": -1730000.0,
        "Gain On Sale Of Business": 0.0,
        "Restructuring And Mergern Acquisition": 1730000.0,
        "Earnings From Equity Interest": 0.0,
        "Gain On Sale Of Security": -19114000.0,
        "Net Non Operating Interest Income Expense": -372000.0,
        "Total Other Finance Cost": -11000.0,
        "Interest Expense Non Operating": 1674000.0,
        "Interest Income Non Operating": 1291000.0,
        "Operating Income": 22316000.0,
        "Operating Expense": 4095000.0,
        "Other Operating Expenses": 2397000.0,
        "Depreciation Amortization Depletion Income Statement": NaN,
        "Depreciation And Amortization In Income Statement": NaN,
        "Depreciation Income Statement": NaN,
        "Selling General And Administration": 1698000.0,
        "Selling And Marketing Expense": NaN,
        "General And Administrative Expense": 1698000.0,
        "Other Gand A": 365000.0,
        "Rent And Landing Fees": 252000.0,
        "Salaries And Wages": 1081000.0,
        "Gross Profit": 26411000.0,
        "Cost Of Revenue": 44719000.0,
        "Total Revenue": 71130000.0,
        "Operating Revenue": 71130000.0
    }
}