{
    "2023-03-31": {
        "Tax Effect Of Unusual Items": NaN,
        "Tax Rate For Calcs": NaN,
        "Normalized EBITDA": NaN,
        "Total Unusual Items": 0.0,
        "Total Unusual Items Excluding Goodwill": 0.0,
        "Net Income From Continuing Operation Net Minority Interest": NaN,
        "Reconciled Depreciation": NaN,
        "EBITDA": NaN,
        "EBIT": NaN,
        "Net Interest Income": NaN,
        "Interest Income": NaN,
        "Normalized Income": NaN,
        "Net Income From Continuing And Discontinued Operation": NaN,
        "Total Expenses": NaN,
        "Total Operating Income As Reported": NaN,
        "Diluted Average Shares": 60230077.0,
        "Basic Average Shares": 60230077.0,
        "Diluted EPS": -0.53,
        "Basic EPS": -0.53,
        "Diluted NI Availto Com Stockholders": NaN,
        "Net Income Common Stockholders": NaN,
        "Net Income": NaN,
        "Net Income Including Noncontrolling Interests": NaN,
        "Net Income Continuous Operations": NaN,
        "Pretax Income": NaN,
        "Other Income Expense": NaN,
        "Special Income Charges": 0.0,
        "Other Special Charges": NaN,
        "Net Non Operating Interest Income Expense": NaN,
        "Interest Income Non Operating": NaN,
        "Operating Income": NaN,
        "Operating Expense": NaN,
        "Research And Development": NaN,
        "Selling General And Administration": NaN,
        "General And Administrative Expense": NaN,
        "Other Gand A": NaN,
        "Salaries And Wages": NaN,
        "Total Revenue": NaN,
        "Operating Revenue": NaN
    },
    "2022-12-31": {
        "Tax Effect Of Unusual Items": NaN,
        "Tax Rate For Calcs": NaN,
        "Normalized EBITDA": NaN,
        "Total Unusual Items": NaN,
        "Total Unusual Items Excluding Goodwill": NaN,
        "Net Income From Continuing Operation Net Minority Interest": NaN,
        "Reconciled Depreciation": NaN,
        "EBITDA": NaN,
        "EBIT": NaN,
        "Net Interest Income": NaN,
        "Interest Income": NaN,
        "Normalized Income": NaN,
        "Net Income From Continuing And Discontinued Operation": NaN,
        "Total Expenses": NaN,
        "Total Operating Income As Reported": NaN,
        "Diluted Average Shares": 59407296.0,
        "Basic Average Shares": 59407296.0,
        "Diluted EPS": -0.55,
        "Basic EPS": -0.55,
        "Diluted NI Availto Com Stockholders": NaN,
        "Net Income Common Stockholders": NaN,
        "Net Income": NaN,
        "Net Income Including Noncontrolling Interests": NaN,
        "Net Income Continuous Operations": NaN,
        "Pretax Income": NaN,
        "Other Income Expense": NaN,
        "Special Income Charges": NaN,
        "Other Special Charges": NaN,
        "Net Non Operating Interest Income Expense": NaN,
        "Interest Income Non Operating": NaN,
        "Operating Income": NaN,
        "Operating Expense": NaN,
        "Research And Development": NaN,
        "Selling General And Administration": NaN,
        "General And Administrative Expense": NaN,
        "Other Gand A": NaN,
        "Salaries And Wages": NaN,
        "Total Revenue": NaN,
        "Operating Revenue": NaN
    },
    "2022-09-30": {
        "Tax Effect Of Unusual Items": 0.0,
        "Tax Rate For Calcs": 0.0,
        "Normalized EBITDA": -31305000.0,
        "Net Income From Continuing Operation Net Minority Interest": -31306000.0,
        "Reconciled Depreciation": 1364000.0,
        "EBITDA": -31305000.0,
        "EBIT": -32669000.0,
        "Net Interest Income": 1363000.0,
        "Interest Income": 1363000.0,
        "Normalized Income": -31306000.0,
        "Net Income From Continuing And Discontinued Operation": -31306000.0,
        "Total Expenses": 32669000.0,
        "Total Operating Income As Reported": -32669000.0,
        "Diluted Average Shares": 58872334.0,
        "Basic Average Shares": 58872334.0,
        "Diluted EPS": -0.53,
        "Basic EPS": -0.53,
        "Diluted NI Availto Com Stockholders": -31306000.0,
        "Net Income Common Stockholders": -31306000.0,
        "Net Income": -31306000.0,
        "Net Income Including Noncontrolling Interests": -31306000.0,
        "Net Income Continuous Operations": -31306000.0,
        "Pretax Income": -31306000.0,
        "Net Non Operating Interest Income Expense": 1363000.0,
        "Interest Income Non Operating": 1363000.0,
        "Operating Income": -32669000.0,
        "Operating Expense": 32669000.0,
        "Research And Development": 21192000.0,
        "Selling General And Administration": 11477000.0,
        "General And Administrative Expense": 11477000.0,
        "Other Gand A": 4853000.0,
        "Salaries And Wages": 6624000.0,
        "Total Revenue": 0.0,
        "Operating Revenue": 0.0
    },
    "2022-06-30": {
        "Tax Effect Of Unusual Items": 0.0,
        "Tax Rate For Calcs": 0.0,
        "Normalized EBITDA": -37258000.0,
        "Net Income From Continuing Operation Net Minority Interest": -37929000.0,
        "Reconciled Depreciation": 1223000.0,
        "EBITDA": -37258000.0,
        "EBIT": -38481000.0,
        "Net Interest Income": 552000.0,
        "Interest Income": 552000.0,
        "Normalized Income": -37929000.0,
        "Net Income From Continuing And Discontinued Operation": -37929000.0,
        "Total Expenses": 38481000.0,
        "Total Operating Income As Reported": -38481000.0,
        "Diluted Average Shares": 57149474.0,
        "Basic Average Shares": 57149474.0,
        "Diluted EPS": -0.66,
        "Basic EPS": -0.66,
        "Diluted NI Availto Com Stockholders": -37929000.0,
        "Net Income Common Stockholders": -37929000.0,
        "Net Income": -37929000.0,
        "Net Income Including Noncontrolling Interests": -37929000.0,
        "Net Income Continuous Operations": -37929000.0,
        "Pretax Income": -37929000.0,
        "Net Non Operating Interest Income Expense": 552000.0,
        "Interest Income Non Operating": 552000.0,
        "Operating Income": -38481000.0,
        "Operating Expense": 38481000.0,
        "Research And Development": 28365000.0,
        "Selling General And Administration": 10116000.0,
        "General And Administrative Expense": 10116000.0,
        "Other Gand A": 3187000.0,
        "Salaries And Wages": 6929000.0,
        "Total Revenue": 0.0,
        "Operating Revenue": 0.0
    },
    "2023-06-30": {
        "Tax Effect Of Unusual Items": NaN,
        "Tax Rate For Calcs": NaN,
        "Normalized EBITDA": NaN,
        "Total Unusual Items": 0.0,
        "Total Unusual Items Excluding Goodwill": 0.0,
        "Net Income From Continuing Operation Net Minority Interest": NaN,
        "Reconciled Depreciation": NaN,
        "EBITDA": NaN,
        "EBIT": NaN,
        "Net Interest Income": NaN,
        "Interest Income": NaN,
        "Normalized Income": NaN,
        "Net Income From Continuing And Discontinued Operation": NaN,
        "Total Expenses": NaN,
        "Total Operating Income As Reported": NaN,
        "Diluted Average Shares": 65656151.0,
        "Basic Average Shares": 65656151.0,
        "Diluted EPS": -0.47,
        "Basic EPS": -0.47,
        "Diluted NI Availto Com Stockholders": NaN,
        "Net Income Common Stockholders": NaN,
        "Net Income": NaN,
        "Net Income Including Noncontrolling Interests": NaN,
        "Net Income Continuous Operations": NaN,
        "Pretax Income": NaN,
        "Other Income Expense": NaN,
        "Special Income Charges": 0.0,
        "Other Special Charges": NaN,
        "Net Non Operating Interest Income Expense": NaN,
        "Interest Income Non Operating": NaN,
        "Operating Income": NaN,
        "Operating Expense": NaN,
        "Research And Development": NaN,
        "Selling General And Administration": NaN,
        "General And Administrative Expense": NaN,
        "Other Gand A": NaN,
        "Salaries And Wages": NaN,
        "Total Revenue": NaN,
        "Operating Revenue": NaN
    },
    "2022-03-31": {
        "Diluted EPS": -0.61,
        "Total Revenue": NaN,
        "Gross Profit": NaN,
        "Operating Income": -35,
        "EBIT": -34,
        "Net Income": -35
    },
    "2021-12-31": {
        "Diluted EPS": -0.55,
        "Total Revenue": NaN,
        "Gross Profit": NaN,
        "Operating Income": -31,
        "EBIT": -30,
        "Net Income": -31
    },
    "2021-09-30": {
        "Diluted EPS": -0.56,
        "Total Revenue": NaN,
        "Gross Profit": NaN,
        "Operating Income": -32,
        "EBIT": -30,
        "Net Income": -32
    },
    "2021-06-30": {
        "Diluted EPS": -0.55,
        "Total Revenue": NaN,
        "Gross Profit": NaN,
        "Operating Income": -31,
        "EBIT": -30,
        "Net Income": -31
    },
    "2021-03-31": {
        "Diluted EPS": -0.46,
        "Total Revenue": NaN,
        "Gross Profit": NaN,
        "Operating Income": -26,
        "EBIT": -25,
        "Net Income": -26
    },
    "2020-12-31": {
        "Diluted EPS": 2.23,
        "Total Revenue": NaN,
        "Gross Profit": NaN,
        "Operating Income": -24,
        "EBIT": -23,
        "Net Income": -24
    },
    "2020-09-30": {
        "Diluted EPS": -0.46,
        "Total Revenue": NaN,
        "Gross Profit": NaN,
        "Operating Income": -21,
        "EBIT": -20,
        "Net Income": -21
    },
    "2020-06-30": {
        "Diluted EPS": -1.5,
        "Total Revenue": NaN,
        "Gross Profit": NaN,
        "Operating Income": -18,
        "EBIT": -17,
        "Net Income": -18
    },
    "2020-03-31": {
        "Diluted EPS": -3.22,
        "Total Revenue": NaN,
        "Gross Profit": NaN,
        "Operating Income": -18,
        "EBIT": -17,
        "Net Income": -18
    },
    "2019-12-31": {
        "Diluted EPS": 0.0,
        "Total Revenue": NaN,
        "Gross Profit": NaN,
        "Operating Income": NaN,
        "EBIT": NaN,
        "Net Income": NaN
    },
    "2019-09-30": {
        "Diluted EPS": -3.31,
        "Total Revenue": NaN,
        "Gross Profit": NaN,
        "Operating Income": -16,
        "EBIT": -16,
        "Net Income": -16
    },
    "2019-06-30": {
        "Diluted EPS": -3.3,
        "Total Revenue": NaN,
        "Gross Profit": NaN,
        "Operating Income": -15,
        "EBIT": -15,
        "Net Income": -15
    },
    "2023-09-30": {
        "Tax Effect Of Unusual Items": 0.0,
        "Tax Rate For Calcs": 0.0,
        "Normalized EBITDA": -30064000.0,
        "Total Unusual Items": 0.0,
        "Total Unusual Items Excluding Goodwill": 0.0,
        "Net Income From Continuing Operation Net Minority Interest": -28266000.0,
        "Reconciled Depreciation": 1293000.0,
        "EBITDA": -30064000.0,
        "EBIT": -31357000.0,
        "Net Interest Income": 3091000.0,
        "Interest Income": 3091000.0,
        "Normalized Income": -28266000.0,
        "Net Income From Continuing And Discontinued Operation": -28266000.0,
        "Total Expenses": 33503000.0,
        "Total Operating Income As Reported": -31357000.0,
        "Diluted Average Shares": 65907000.0,
        "Basic Average Shares": 65907000.0,
        "Diluted EPS": -0.43,
        "Basic EPS": -0.43,
        "Diluted NI Availto Com Stockholders": -28266000.0,
        "Net Income Common Stockholders": -28266000.0,
        "Net Income": -28266000.0,
        "Net Income Including Noncontrolling Interests": -28266000.0,
        "Net Income Continuous Operations": -28266000.0,
        "Pretax Income": -28266000.0,
        "Other Income Expense": NaN,
        "Special Income Charges": 0.0,
        "Other Special Charges": NaN,
        "Net Non Operating Interest Income Expense": 3091000.0,
        "Interest Income Non Operating": 3091000.0,
        "Operating Income": -31357000.0,
        "Operating Expense": 33503000.0,
        "Research And Development": 21862000.0,
        "Selling General And Administration": 11641000.0,
        "General And Administrative Expense": 11641000.0,
        "Other Gand A": 4865000.0,
        "Salaries And Wages": 6776000.0,
        "Total Revenue": 2146000.0,
        "Operating Revenue": 2146000.0
    },
    "2023-12-31": {
        "Tax Effect Of Unusual Items": 0.0,
        "Tax Rate For Calcs": 0.0,
        "Normalized EBITDA": -37096000.0,
        "Total Unusual Items": NaN,
        "Total Unusual Items Excluding Goodwill": NaN,
        "Net Income From Continuing Operation Net Minority Interest": -35186000.0,
        "Reconciled Depreciation": 1325000.0,
        "EBITDA": -37096000.0,
        "EBIT": -38421000.0,
        "Net Interest Income": 3235000.0,
        "Interest Income": 3235000.0,
        "Normalized Income": -35186000.0,
        "Net Income From Continuing And Discontinued Operation": -35186000.0,
        "Total Expenses": 41299000.0,
        "Total Operating Income As Reported": -38421000.0,
        "Diluted Average Shares": NaN,
        "Basic Average Shares": NaN,
        "Diluted EPS": NaN,
        "Basic EPS": NaN,
        "Diluted NI Availto Com Stockholders": -35186000.0,
        "Net Income Common Stockholders": -35186000.0,
        "Net Income": -35186000.0,
        "Net Income Including Noncontrolling Interests": -35186000.0,
        "Net Income Continuous Operations": -35186000.0,
        "Pretax Income": -35186000.0,
        "Other Income Expense": NaN,
        "Special Income Charges": NaN,
        "Other Special Charges": NaN,
        "Net Non Operating Interest Income Expense": 3235000.0,
        "Interest Income Non Operating": 3235000.0,
        "Operating Income": -38421000.0,
        "Operating Expense": 41299000.0,
        "Research And Development": 27923000.0,
        "Selling General And Administration": 13376000.0,
        "General And Administrative Expense": 13376000.0,
        "Other Gand A": 4904000.0,
        "Salaries And Wages": 8472000.0,
        "Total Revenue": 2878000.0,
        "Operating Revenue": 2878000.0
    },
    "2024-03-31": {
        "Tax Effect Of Unusual Items": 0.0,
        "Tax Rate For Calcs": 0.0,
        "Normalized EBITDA": 37538000.0,
        "Total Unusual Items": -56930000.0,
        "Total Unusual Items Excluding Goodwill": -56930000.0,
        "Net Income From Continuing Operation Net Minority Interest": -74541000.0,
        "Reconciled Depreciation": 1312000.0,
        "EBITDA": -19392000.0,
        "EBIT": -20704000.0,
        "Net Interest Income": 3093000.0,
        "Interest Income": 3093000.0,
        "Normalized Income": -17611000.0,
        "Net Income From Continuing And Discontinued Operation": -74541000.0,
        "Total Expenses": 24763000.0,
        "Total Operating Income As Reported": -77634000.0,
        "Diluted Average Shares": 66433640.0,
        "Basic Average Shares": 66433640.0,
        "Diluted EPS": -1.12,
        "Basic EPS": -1.12,
        "Diluted NI Availto Com Stockholders": -74541000.0,
        "Net Income Common Stockholders": -74541000.0,
        "Net Income": -74541000.0,
        "Net Income Including Noncontrolling Interests": -74541000.0,
        "Net Income Continuous Operations": -74541000.0,
        "Pretax Income": -74541000.0,
        "Other Income Expense": -56930000.0,
        "Special Income Charges": -56930000.0,
        "Other Special Charges": 56930000.0,
        "Net Non Operating Interest Income Expense": 3093000.0,
        "Interest Income Non Operating": 3093000.0,
        "Operating Income": -20704000.0,
        "Operating Expense": 24763000.0,
        "Research And Development": 14335000.0,
        "Selling General And Administration": 10428000.0,
        "General And Administrative Expense": 10428000.0,
        "Other Gand A": 4936000.0,
        "Salaries And Wages": 5492000.0,
        "Total Revenue": 4059000.0,
        "Operating Revenue": 4059000.0
    },
    "2024-06-30": {
        "Tax Effect Of Unusual Items": 0.0,
        "Tax Rate For Calcs": 0.0,
        "Normalized EBITDA": -19052000.0,
        "Total Unusual Items": -1497000.0,
        "Total Unusual Items Excluding Goodwill": -1497000.0,
        "Net Income From Continuing Operation Net Minority Interest": -20432000.0,
        "Reconciled Depreciation": 1263000.0,
        "EBITDA": -20549000.0,
        "EBIT": -21812000.0,
        "Net Interest Income": 2877000.0,
        "Interest Income": 2877000.0,
        "Normalized Income": -18935000.0,
        "Net Income From Continuing And Discontinued Operation": -20432000.0,
        "Total Expenses": 25903000.0,
        "Total Operating Income As Reported": -23309000.0,
        "Diluted Average Shares": 66531000.0,
        "Basic Average Shares": 66531000.0,
        "Diluted EPS": -0.31,
        "Basic EPS": -0.31,
        "Diluted NI Availto Com Stockholders": -20432000.0,
        "Net Income Common Stockholders": -20432000.0,
        "Net Income": -20432000.0,
        "Net Income Including Noncontrolling Interests": -20432000.0,
        "Net Income Continuous Operations": -20432000.0,
        "Pretax Income": -20432000.0,
        "Other Income Expense": -1497000.0,
        "Special Income Charges": -1497000.0,
        "Other Special Charges": 1497000.0,
        "Net Non Operating Interest Income Expense": 2877000.0,
        "Interest Income Non Operating": 2877000.0,
        "Operating Income": -21812000.0,
        "Operating Expense": 25903000.0,
        "Research And Development": 16388000.0,
        "Selling General And Administration": 9515000.0,
        "General And Administrative Expense": 9515000.0,
        "Other Gand A": 4132000.0,
        "Salaries And Wages": 5383000.0,
        "Total Revenue": 4091000.0,
        "Operating Revenue": 4091000.0
    },
    "2024-09-30": {
        "Tax Effect Of Unusual Items": 0.0,
        "Tax Rate For Calcs": 0.0,
        "Normalized EBITDA": -14366000.0,
        "Total Unusual Items": -1169000.0,
        "Total Unusual Items Excluding Goodwill": -1169000.0,
        "Net Income From Continuing Operation Net Minority Interest": -15313000.0,
        "Reconciled Depreciation": 1180000.0,
        "EBITDA": -15535000.0,
        "EBIT": -16715000.0,
        "Net Interest Income": 2571000.0,
        "Interest Income": 2571000.0,
        "Normalized Income": -14144000.0,
        "Net Income From Continuing And Discontinued Operation": -15313000.0,
        "Total Expenses": 24269000.0,
        "Total Operating Income As Reported": -17884000.0,
        "Diluted Average Shares": 66738468.0,
        "Basic Average Shares": 66738468.0,
        "Diluted EPS": -0.23,
        "Basic EPS": -0.23,
        "Diluted NI Availto Com Stockholders": -15313000.0,
        "Net Income Common Stockholders": -15313000.0,
        "Net Income": -15313000.0,
        "Net Income Including Noncontrolling Interests": -15313000.0,
        "Net Income Continuous Operations": -15313000.0,
        "Pretax Income": -15313000.0,
        "Other Income Expense": -1169000.0,
        "Special Income Charges": -1169000.0,
        "Other Special Charges": 1169000.0,
        "Net Non Operating Interest Income Expense": 2571000.0,
        "Interest Income Non Operating": 2571000.0,
        "Operating Income": -16715000.0,
        "Operating Expense": 24269000.0,
        "Research And Development": 15088000.0,
        "Selling General And Administration": 9181000.0,
        "General And Administrative Expense": 9181000.0,
        "Other Gand A": 3983000.0,
        "Salaries And Wages": 5198000.0,
        "Total Revenue": 7554000.0,
        "Operating Revenue": 7554000.0
    }
}