{
    "2023-03-31": {
        "Tax Effect Of Unusual Items": NaN,
        "Tax Rate For Calcs": NaN,
        "Normalized EBITDA": NaN,
        "Total Unusual Items": NaN,
        "Total Unusual Items Excluding Goodwill": NaN,
        "Net Income From Continuing Operation Net Minority Interest": NaN,
        "Reconciled Depreciation": NaN,
        "Reconciled Cost Of Revenue": NaN,
        "EBITDA": NaN,
        "EBIT": NaN,
        "Net Interest Income": NaN,
        "Interest Expense": NaN,
        "Interest Income": NaN,
        "Normalized Income": NaN,
        "Net Income From Continuing And Discontinued Operation": NaN,
        "Total Expenses": NaN,
        "Total Operating Income As Reported": NaN,
        "Diluted Average Shares": 454825189.0,
        "Basic Average Shares": 60376708.0,
        "Diluted EPS": -0.06,
        "Basic EPS": -0.03,
        "Diluted NI Availto Com Stockholders": NaN,
        "Average Dilution Earnings": -25000000.0,
        "Net Income Common Stockholders": NaN,
        "Net Income": NaN,
        "Minority Interests": NaN,
        "Net Income Including Noncontrolling Interests": NaN,
        "Net Income Continuous Operations": NaN,
        "Earnings From Equity Interest Net Of Tax": 0.0,
        "Tax Provision": NaN,
        "Pretax Income": NaN,
        "Other Income Expense": NaN,
        "Other Non Operating Income Expenses": NaN,
        "Special Income Charges": NaN,
        "Restructuring And Mergern Acquisition": NaN,
        "Gain On Sale Of Security": NaN,
        "Net Non Operating Interest Income Expense": NaN,
        "Interest Expense Non Operating": NaN,
        "Interest Income Non Operating": NaN,
        "Operating Income": NaN,
        "Operating Expense": NaN,
        "Depreciation Amortization Depletion Income Statement": NaN,
        "Depreciation And Amortization In Income Statement": NaN,
        "Research And Development": NaN,
        "Selling General And Administration": NaN,
        "Selling And Marketing Expense": NaN,
        "General And Administrative Expense": NaN,
        "Other Gand A": NaN,
        "Gross Profit": NaN,
        "Cost Of Revenue": NaN,
        "Total Revenue": NaN,
        "Operating Revenue": NaN
    },
    "2022-12-31": {
        "Tax Effect Of Unusual Items": NaN,
        "Tax Rate For Calcs": NaN,
        "Normalized EBITDA": NaN,
        "Total Unusual Items": NaN,
        "Total Unusual Items Excluding Goodwill": NaN,
        "Net Income From Continuing Operation Net Minority Interest": NaN,
        "Reconciled Depreciation": NaN,
        "Reconciled Cost Of Revenue": NaN,
        "EBITDA": NaN,
        "EBIT": NaN,
        "Net Interest Income": NaN,
        "Interest Expense": NaN,
        "Interest Income": NaN,
        "Normalized Income": NaN,
        "Net Income From Continuing And Discontinued Operation": NaN,
        "Total Expenses": NaN,
        "Total Operating Income As Reported": NaN,
        "Diluted Average Shares": NaN,
        "Basic Average Shares": NaN,
        "Diluted EPS": NaN,
        "Basic EPS": NaN,
        "Diluted NI Availto Com Stockholders": NaN,
        "Average Dilution Earnings": NaN,
        "Net Income Common Stockholders": NaN,
        "Net Income": NaN,
        "Minority Interests": NaN,
        "Net Income Including Noncontrolling Interests": NaN,
        "Net Income Continuous Operations": NaN,
        "Earnings From Equity Interest Net Of Tax": 0.0,
        "Tax Provision": NaN,
        "Pretax Income": NaN,
        "Other Income Expense": NaN,
        "Other Non Operating Income Expenses": NaN,
        "Special Income Charges": NaN,
        "Restructuring And Mergern Acquisition": NaN,
        "Gain On Sale Of Security": NaN,
        "Net Non Operating Interest Income Expense": NaN,
        "Interest Expense Non Operating": NaN,
        "Interest Income Non Operating": NaN,
        "Operating Income": NaN,
        "Operating Expense": NaN,
        "Depreciation Amortization Depletion Income Statement": NaN,
        "Depreciation And Amortization In Income Statement": NaN,
        "Research And Development": NaN,
        "Selling General And Administration": NaN,
        "Selling And Marketing Expense": NaN,
        "General And Administrative Expense": NaN,
        "Other Gand A": NaN,
        "Gross Profit": NaN,
        "Cost Of Revenue": NaN,
        "Total Revenue": NaN,
        "Operating Revenue": NaN
    },
    "2022-09-30": {
        "Tax Effect Of Unusual Items": NaN,
        "Tax Rate For Calcs": NaN,
        "Normalized EBITDA": NaN,
        "Total Unusual Items": NaN,
        "Total Unusual Items Excluding Goodwill": NaN,
        "Net Income From Continuing Operation Net Minority Interest": NaN,
        "Reconciled Depreciation": NaN,
        "Reconciled Cost Of Revenue": NaN,
        "EBITDA": NaN,
        "EBIT": NaN,
        "Net Interest Income": NaN,
        "Interest Expense": NaN,
        "Normalized Income": NaN,
        "Net Income From Continuing And Discontinued Operation": NaN,
        "Total Expenses": NaN,
        "Total Operating Income As Reported": NaN,
        "Diluted Average Shares": 48867969.0,
        "Basic Average Shares": 48867969.0,
        "Diluted EPS": -0.43,
        "Basic EPS": -0.43,
        "Diluted NI Availto Com Stockholders": NaN,
        "Average Dilution Earnings": -53000000.0,
        "Net Income Common Stockholders": NaN,
        "Net Income": NaN,
        "Minority Interests": NaN,
        "Net Income Including Noncontrolling Interests": NaN,
        "Net Income Continuous Operations": NaN,
        "Earnings From Equity Interest Net Of Tax": NaN,
        "Tax Provision": NaN,
        "Pretax Income": NaN,
        "Other Income Expense": NaN,
        "Other Non Operating Income Expenses": NaN,
        "Special Income Charges": NaN,
        "Restructuring And Mergern Acquisition": NaN,
        "Gain On Sale Of Security": NaN,
        "Net Non Operating Interest Income Expense": NaN,
        "Interest Expense Non Operating": NaN,
        "Operating Income": NaN,
        "Operating Expense": NaN,
        "Depreciation Amortization Depletion Income Statement": NaN,
        "Depreciation And Amortization In Income Statement": NaN,
        "Research And Development": NaN,
        "Selling General And Administration": NaN,
        "Selling And Marketing Expense": NaN,
        "General And Administrative Expense": NaN,
        "Other Gand A": NaN,
        "Gross Profit": NaN,
        "Cost Of Revenue": NaN,
        "Total Revenue": NaN,
        "Operating Revenue": NaN
    },
    "2022-06-30": {
        "Tax Effect Of Unusual Items": 16400000.0,
        "Tax Rate For Calcs": 0.4,
        "Normalized EBITDA": 23000000.0,
        "Total Unusual Items": 41000000.0,
        "Total Unusual Items Excluding Goodwill": 41000000.0,
        "Net Income From Continuing Operation Net Minority Interest": 21000000.0,
        "Reconciled Depreciation": 45000000.0,
        "Reconciled Cost Of Revenue": 199000000.0,
        "EBITDA": 64000000.0,
        "EBIT": 19000000.0,
        "Net Interest Income": -24000000.0,
        "Interest Expense": 24000000.0,
        "Normalized Income": -3600000.0,
        "Net Income From Continuing And Discontinued Operation": 21000000.0,
        "Total Expenses": 510000000.0,
        "Total Operating Income As Reported": -19000000.0,
        "Diluted Average Shares": 444320221.0,
        "Basic Average Shares": 48867969.0,
        "Diluted EPS": -0.004501,
        "Basic EPS": 0.44,
        "Diluted NI Availto Com Stockholders": -2000000.0,
        "Average Dilution Earnings": -23000000.0,
        "Net Income Common Stockholders": 21000000.0,
        "Net Income": 21000000.0,
        "Minority Interests": 23000000.0,
        "Net Income Including Noncontrolling Interests": -2000000.0,
        "Net Income Continuous Operations": -2000000.0,
        "Earnings From Equity Interest Net Of Tax": -1000000.0,
        "Tax Provision": -4000000.0,
        "Pretax Income": -5000000.0,
        "Other Income Expense": 43000000.0,
        "Other Non Operating Income Expenses": 2000000.0,
        "Special Income Charges": 5000000.0,
        "Restructuring And Mergern Acquisition": -5000000.0,
        "Gain On Sale Of Security": 36000000.0,
        "Net Non Operating Interest Income Expense": -24000000.0,
        "Interest Expense Non Operating": 24000000.0,
        "Operating Income": -24000000.0,
        "Operating Expense": 311000000.0,
        "Depreciation Amortization Depletion Income Statement": 45000000.0,
        "Depreciation And Amortization In Income Statement": 45000000.0,
        "Research And Development": 95000000.0,
        "Selling General And Administration": 171000000.0,
        "Selling And Marketing Expense": 82000000.0,
        "General And Administrative Expense": 89000000.0,
        "Other Gand A": 89000000.0,
        "Gross Profit": 287000000.0,
        "Cost Of Revenue": 199000000.0,
        "Total Revenue": 486000000.0,
        "Operating Revenue": 486000000.0
    },
    "2022-03-31": {
        "Diluted EPS": 0.0,
        "Total Revenue": 350,
        "Gross Profit": 177,
        "Operating Income": -96,
        "EBIT": -52,
        "Net Income": NaN
    },
    "2021-12-31": {
        "Diluted EPS": 0.0,
        "Total Revenue": 413,
        "Gross Profit": 158,
        "Operating Income": -317,
        "EBIT": -267,
        "Net Income": NaN
    },
    "2021-09-30": {
        "Diluted EPS": 0.0,
        "Total Revenue": 197,
        "Gross Profit": 70,
        "Operating Income": -124,
        "EBIT": -92,
        "Net Income": NaN
    },
    "2021-06-30": {
        "Diluted EPS": 0.0,
        "Total Revenue": 153,
        "Gross Profit": 58,
        "Operating Income": -114,
        "EBIT": -114,
        "Net Income": NaN
    },
    "2021-03-31": {
        "Diluted EPS": 0.2,
        "Total Revenue": NaN,
        "Gross Profit": NaN,
        "Operating Income": -5,
        "EBIT": -5,
        "Net Income": 20
    },
    "2020-12-31": {
        "Diluted EPS": 0.0,
        "Total Revenue": NaN,
        "Gross Profit": NaN,
        "Operating Income": NaN,
        "EBIT": NaN,
        "Net Income": NaN
    },
    "2020-09-30": {
        "Diluted EPS": 0.0,
        "Total Revenue": NaN,
        "Gross Profit": NaN,
        "Operating Income": 0,
        "EBIT": 0,
        "Net Income": 0
    },
    "2020-06-30": {
        "Diluted EPS": 0.0,
        "Total Revenue": NaN,
        "Gross Profit": NaN,
        "Operating Income": NaN,
        "EBIT": NaN,
        "Net Income": NaN
    },
    "2020-03-31": {
        "Diluted EPS": 0.0,
        "Total Revenue": NaN,
        "Gross Profit": NaN,
        "Operating Income": 0,
        "EBIT": 0,
        "Net Income": 0
    },
    "2019-12-31": {
        "Diluted EPS": 0.0,
        "Total Revenue": NaN,
        "Gross Profit": NaN,
        "Operating Income": NaN,
        "EBIT": NaN,
        "Net Income": NaN
    },
    "2019-09-30": {
        "Diluted EPS": 0.0,
        "Total Revenue": NaN,
        "Gross Profit": NaN,
        "Operating Income": NaN,
        "EBIT": NaN,
        "Net Income": NaN
    },
    "2018-12-31": {
        "Diluted EPS": 0.0,
        "Total Revenue": NaN,
        "Gross Profit": NaN,
        "Operating Income": NaN,
        "EBIT": NaN,
        "Net Income": NaN
    },
    "2023-06-30": {
        "Tax Effect Of Unusual Items": -912280.701754,
        "Tax Rate For Calcs": 0.035088,
        "Normalized EBITDA": 53000000.0,
        "Total Unusual Items": -26000000.0,
        "Total Unusual Items Excluding Goodwill": -26000000.0,
        "Net Income From Continuing Operation Net Minority Interest": -14000000.0,
        "Reconciled Depreciation": 49000000.0,
        "Reconciled Cost Of Revenue": 243000000.0,
        "EBITDA": 27000000.0,
        "EBIT": -22000000.0,
        "Net Interest Income": -35000000.0,
        "Interest Expense": 35000000.0,
        "Interest Income": 0.0,
        "Normalized Income": 11087719.298246,
        "Net Income From Continuing And Discontinued Operation": -14000000.0,
        "Total Expenses": 583000000.0,
        "Total Operating Income As Reported": 2000000.0,
        "Diluted Average Shares": 61852280.0,
        "Basic Average Shares": 61852280.0,
        "Diluted EPS": -0.23,
        "Basic EPS": -0.23,
        "Diluted NI Availto Com Stockholders": -55000000.0,
        "Average Dilution Earnings": -41000000.0,
        "Net Income Common Stockholders": -14000000.0,
        "Net Income": -14000000.0,
        "Minority Interests": 41000000.0,
        "Net Income Including Noncontrolling Interests": -55000000.0,
        "Net Income Continuous Operations": -55000000.0,
        "Earnings From Equity Interest Net Of Tax": 0.0,
        "Tax Provision": -2000000.0,
        "Pretax Income": -57000000.0,
        "Other Income Expense": -31000000.0,
        "Other Non Operating Income Expenses": -5000000.0,
        "Special Income Charges": -7000000.0,
        "Restructuring And Mergern Acquisition": 7000000.0,
        "Gain On Sale Of Security": -19000000.0,
        "Net Non Operating Interest Income Expense": -35000000.0,
        "Interest Expense Non Operating": 35000000.0,
        "Interest Income Non Operating": 0.0,
        "Operating Income": 9000000.0,
        "Operating Expense": 340000000.0,
        "Depreciation Amortization Depletion Income Statement": 49000000.0,
        "Depreciation And Amortization In Income Statement": 49000000.0,
        "Research And Development": 103000000.0,
        "Selling General And Administration": 188000000.0,
        "Selling And Marketing Expense": 102000000.0,
        "General And Administrative Expense": 86000000.0,
        "Other Gand A": 86000000.0,
        "Gross Profit": 349000000.0,
        "Cost Of Revenue": 243000000.0,
        "Total Revenue": 592000000.0,
        "Operating Revenue": 592000000.0
    },
    "2023-09-30": {
        "Tax Effect Of Unusual Items": 4590000.0,
        "Tax Rate For Calcs": 0.17,
        "Normalized EBITDA": 49000000.0,
        "Total Unusual Items": 27000000.0,
        "Total Unusual Items Excluding Goodwill": 27000000.0,
        "Net Income From Continuing Operation Net Minority Interest": 0.0,
        "Reconciled Depreciation": 50000000.0,
        "Reconciled Cost Of Revenue": 237000000.0,
        "EBITDA": 76000000.0,
        "EBIT": 26000000.0,
        "Net Interest Income": -36000000.0,
        "Interest Expense": 36000000.0,
        "Interest Income": NaN,
        "Normalized Income": -22410000.0,
        "Net Income From Continuing And Discontinued Operation": 0.0,
        "Total Expenses": 563000000.0,
        "Total Operating Income As Reported": -4000000.0,
        "Diluted Average Shares": 457742129.0,
        "Basic Average Shares": 419154778.0,
        "Diluted EPS": -0.02,
        "Basic EPS": 0.0,
        "Diluted NI Availto Com Stockholders": -8000000.0,
        "Average Dilution Earnings": -8000000.0,
        "Net Income Common Stockholders": 0.0,
        "Net Income": 0.0,
        "Minority Interests": 8000000.0,
        "Net Income Including Noncontrolling Interests": -8000000.0,
        "Net Income Continuous Operations": -8000000.0,
        "Earnings From Equity Interest Net Of Tax": 0.0,
        "Tax Provision": -2000000.0,
        "Pretax Income": -10000000.0,
        "Other Income Expense": 18000000.0,
        "Other Non Operating Income Expenses": -9000000.0,
        "Special Income Charges": -12000000.0,
        "Restructuring And Mergern Acquisition": 12000000.0,
        "Gain On Sale Of Security": 39000000.0,
        "Net Non Operating Interest Income Expense": -36000000.0,
        "Interest Expense Non Operating": 36000000.0,
        "Interest Income Non Operating": NaN,
        "Operating Income": 8000000.0,
        "Operating Expense": 326000000.0,
        "Depreciation Amortization Depletion Income Statement": 50000000.0,
        "Depreciation And Amortization In Income Statement": 50000000.0,
        "Research And Development": 101000000.0,
        "Selling General And Administration": 175000000.0,
        "Selling And Marketing Expense": 94000000.0,
        "General And Administrative Expense": 81000000.0,
        "Other Gand A": 81000000.0,
        "Gross Profit": 334000000.0,
        "Cost Of Revenue": 237000000.0,
        "Total Revenue": 571000000.0,
        "Operating Revenue": 571000000.0
    },
    "2023-12-31": {
        "Tax Effect Of Unusual Items": -2100000.0,
        "Tax Rate For Calcs": 0.21,
        "Normalized EBITDA": 52000000.0,
        "Total Unusual Items": -10000000.0,
        "Total Unusual Items Excluding Goodwill": -10000000.0,
        "Net Income From Continuing Operation Net Minority Interest": -47000000.0,
        "Reconciled Depreciation": 49000000.0,
        "Reconciled Cost Of Revenue": 238000000.0,
        "EBITDA": 42000000.0,
        "EBIT": -7000000.0,
        "Net Interest Income": -35000000.0,
        "Interest Expense": 36000000.0,
        "Interest Income": NaN,
        "Normalized Income": -39100000.0,
        "Net Income From Continuing And Discontinued Operation": -47000000.0,
        "Total Expenses": 546000000.0,
        "Total Operating Income As Reported": 3000000.0,
        "Diluted Average Shares": NaN,
        "Basic Average Shares": NaN,
        "Diluted EPS": NaN,
        "Basic EPS": NaN,
        "Diluted NI Availto Com Stockholders": 27000000.0,
        "Average Dilution Earnings": NaN,
        "Net Income Common Stockholders": -47000000.0,
        "Net Income": -47000000.0,
        "Minority Interests": -1000000.0,
        "Net Income Including Noncontrolling Interests": -46000000.0,
        "Net Income Continuous Operations": -46000000.0,
        "Earnings From Equity Interest Net Of Tax": 0.0,
        "Tax Provision": 3000000.0,
        "Pretax Income": -43000000.0,
        "Other Income Expense": -11000000.0,
        "Other Non Operating Income Expenses": -1000000.0,
        "Special Income Charges": 0.0,
        "Restructuring And Mergern Acquisition": 0.0,
        "Gain On Sale Of Security": -10000000.0,
        "Net Non Operating Interest Income Expense": -35000000.0,
        "Interest Expense Non Operating": 36000000.0,
        "Interest Income Non Operating": NaN,
        "Operating Income": 3000000.0,
        "Operating Expense": 308000000.0,
        "Depreciation Amortization Depletion Income Statement": 49000000.0,
        "Depreciation And Amortization In Income Statement": 49000000.0,
        "Research And Development": 104000000.0,
        "Selling General And Administration": 155000000.0,
        "Selling And Marketing Expense": 94000000.0,
        "General And Administrative Expense": 61000000.0,
        "Other Gand A": 61000000.0,
        "Gross Profit": 311000000.0,
        "Cost Of Revenue": 238000000.0,
        "Total Revenue": 549000000.0,
        "Operating Revenue": 549000000.0
    },
    "2024-03-31": {
        "Tax Effect Of Unusual Items": 1890000.0,
        "Tax Rate For Calcs": 0.21,
        "Normalized EBITDA": 79000000.0,
        "Total Unusual Items": 9000000.0,
        "Total Unusual Items Excluding Goodwill": 9000000.0,
        "Net Income From Continuing Operation Net Minority Interest": -19000000.0,
        "Reconciled Depreciation": 47000000.0,
        "Reconciled Cost Of Revenue": 245000000.0,
        "EBITDA": 88000000.0,
        "EBIT": 41000000.0,
        "Net Interest Income": -33000000.0,
        "Interest Expense": 33000000.0,
        "Interest Income": NaN,
        "Normalized Income": -26110000.0,
        "Net Income From Continuing And Discontinued Operation": -19000000.0,
        "Total Expenses": 585000000.0,
        "Total Operating Income As Reported": 16000000.0,
        "Diluted Average Shares": 461386280.0,
        "Basic Average Shares": 461386280.0,
        "Diluted EPS": -0.04,
        "Basic EPS": -0.04,
        "Diluted NI Availto Com Stockholders": -19000000.0,
        "Average Dilution Earnings": 0.0,
        "Net Income Common Stockholders": -19000000.0,
        "Net Income": -19000000.0,
        "Minority Interests": 0.0,
        "Net Income Including Noncontrolling Interests": -19000000.0,
        "Net Income Continuous Operations": -19000000.0,
        "Earnings From Equity Interest Net Of Tax": NaN,
        "Tax Provision": 27000000.0,
        "Pretax Income": 8000000.0,
        "Other Income Expense": 16000000.0,
        "Other Non Operating Income Expenses": 7000000.0,
        "Special Income Charges": -9000000.0,
        "Restructuring And Mergern Acquisition": 9000000.0,
        "Gain On Sale Of Security": 18000000.0,
        "Net Non Operating Interest Income Expense": -33000000.0,
        "Interest Expense Non Operating": 33000000.0,
        "Interest Income Non Operating": NaN,
        "Operating Income": 25000000.0,
        "Operating Expense": 340000000.0,
        "Depreciation Amortization Depletion Income Statement": 47000000.0,
        "Depreciation And Amortization In Income Statement": 47000000.0,
        "Research And Development": 108000000.0,
        "Selling General And Administration": 185000000.0,
        "Selling And Marketing Expense": 99000000.0,
        "General And Administrative Expense": 86000000.0,
        "Other Gand A": 86000000.0,
        "Gross Profit": 365000000.0,
        "Cost Of Revenue": 245000000.0,
        "Total Revenue": 610000000.0,
        "Operating Revenue": 610000000.0
    },
    "2024-06-30": {
        "Tax Effect Of Unusual Items": -1470000.0,
        "Tax Rate For Calcs": 0.21,
        "Normalized EBITDA": 88000000.0,
        "Total Unusual Items": -7000000.0,
        "Total Unusual Items Excluding Goodwill": -7000000.0,
        "Net Income From Continuing Operation Net Minority Interest": 26000000.0,
        "Reconciled Depreciation": 48000000.0,
        "Reconciled Cost Of Revenue": 247000000.0,
        "EBITDA": 81000000.0,
        "EBIT": 33000000.0,
        "Net Interest Income": -30000000.0,
        "Interest Expense": 32000000.0,
        "Interest Income": 2000000.0,
        "Normalized Income": 31530000.0,
        "Net Income From Continuing And Discontinued Operation": 26000000.0,
        "Total Expenses": 586000000.0,
        "Total Operating Income As Reported": 42000000.0,
        "Diluted Average Shares": 470655337.0,
        "Basic Average Shares": 464602244.0,
        "Diluted EPS": 0.06,
        "Basic EPS": 0.06,
        "Diluted NI Availto Com Stockholders": 26000000.0,
        "Average Dilution Earnings": 0.0,
        "Net Income Common Stockholders": 26000000.0,
        "Net Income": 26000000.0,
        "Minority Interests": -1000000.0,
        "Net Income Including Noncontrolling Interests": 27000000.0,
        "Net Income Continuous Operations": 27000000.0,
        "Earnings From Equity Interest Net Of Tax": NaN,
        "Tax Provision": -26000000.0,
        "Pretax Income": 1000000.0,
        "Other Income Expense": -8000000.0,
        "Other Non Operating Income Expenses": -1000000.0,
        "Special Income Charges": 3000000.0,
        "Restructuring And Mergern Acquisition": -3000000.0,
        "Gain On Sale Of Security": -10000000.0,
        "Net Non Operating Interest Income Expense": -30000000.0,
        "Interest Expense Non Operating": 32000000.0,
        "Interest Income Non Operating": 2000000.0,
        "Operating Income": 39000000.0,
        "Operating Expense": 339000000.0,
        "Depreciation Amortization Depletion Income Statement": 48000000.0,
        "Depreciation And Amortization In Income Statement": 48000000.0,
        "Research And Development": 112000000.0,
        "Selling General And Administration": 179000000.0,
        "Selling And Marketing Expense": 99000000.0,
        "General And Administrative Expense": 80000000.0,
        "Other Gand A": 80000000.0,
        "Gross Profit": 378000000.0,
        "Cost Of Revenue": 247000000.0,
        "Total Revenue": 625000000.0,
        "Operating Revenue": 625000000.0
    }
}