{
    "2023-03-31": {
        "Tax Effect Of Unusual Items": NaN,
        "Tax Rate For Calcs": NaN,
        "Normalized EBITDA": NaN,
        "Total Unusual Items": NaN,
        "Total Unusual Items Excluding Goodwill": NaN,
        "Net Income From Continuing Operation Net Minority Interest": NaN,
        "Reconciled Depreciation": NaN,
        "Reconciled Cost Of Revenue": NaN,
        "EBITDA": NaN,
        "EBIT": NaN,
        "Net Interest Income": NaN,
        "Interest Expense": NaN,
        "Normalized Income": NaN,
        "Net Income From Continuing And Discontinued Operation": NaN,
        "Total Expenses": NaN,
        "Total Operating Income As Reported": NaN,
        "Diluted Average Shares": 186615581.0,
        "Basic Average Shares": 42380335.0,
        "Diluted EPS": -0.1,
        "Basic EPS": -0.03,
        "Diluted NI Availto Com Stockholders": NaN,
        "Average Dilution Earnings": NaN,
        "Net Income Common Stockholders": NaN,
        "Net Income": NaN,
        "Minority Interests": NaN,
        "Net Income Including Noncontrolling Interests": NaN,
        "Net Income Continuous Operations": NaN,
        "Tax Provision": NaN,
        "Pretax Income": NaN,
        "Other Income Expense": NaN,
        "Other Non Operating Income Expenses": NaN,
        "Gain On Sale Of Security": NaN,
        "Net Non Operating Interest Income Expense": NaN,
        "Interest Expense Non Operating": NaN,
        "Operating Income": NaN,
        "Operating Expense": NaN,
        "Other Operating Expenses": NaN,
        "Selling General And Administration": NaN,
        "General And Administrative Expense": NaN,
        "Other Gand A": NaN,
        "Salaries And Wages": 25793000.0,
        "Gross Profit": NaN,
        "Cost Of Revenue": NaN,
        "Total Revenue": NaN,
        "Operating Revenue": NaN
    },
    "2022-12-31": {
        "Tax Effect Of Unusual Items": NaN,
        "Tax Rate For Calcs": NaN,
        "Normalized EBITDA": NaN,
        "Total Unusual Items": NaN,
        "Total Unusual Items Excluding Goodwill": NaN,
        "Net Income From Continuing Operation Net Minority Interest": NaN,
        "Reconciled Depreciation": NaN,
        "Reconciled Cost Of Revenue": NaN,
        "EBITDA": NaN,
        "EBIT": NaN,
        "Net Interest Income": NaN,
        "Interest Expense": NaN,
        "Normalized Income": NaN,
        "Net Income From Continuing And Discontinued Operation": NaN,
        "Total Expenses": NaN,
        "Total Operating Income As Reported": NaN,
        "Diluted Average Shares": 187400000.0,
        "Basic Average Shares": 42300000.0,
        "Diluted EPS": 0.05,
        "Basic EPS": 0.1,
        "Diluted NI Availto Com Stockholders": NaN,
        "Average Dilution Earnings": NaN,
        "Net Income Common Stockholders": NaN,
        "Net Income": NaN,
        "Minority Interests": NaN,
        "Net Income Including Noncontrolling Interests": NaN,
        "Net Income Continuous Operations": NaN,
        "Tax Provision": NaN,
        "Pretax Income": NaN,
        "Other Income Expense": NaN,
        "Other Non Operating Income Expenses": NaN,
        "Gain On Sale Of Security": NaN,
        "Net Non Operating Interest Income Expense": NaN,
        "Interest Expense Non Operating": NaN,
        "Operating Income": NaN,
        "Operating Expense": NaN,
        "Other Operating Expenses": NaN,
        "Selling General And Administration": NaN,
        "General And Administrative Expense": NaN,
        "Other Gand A": NaN,
        "Salaries And Wages": NaN,
        "Gross Profit": NaN,
        "Cost Of Revenue": NaN,
        "Total Revenue": NaN,
        "Operating Revenue": NaN
    },
    "2022-09-30": {
        "Tax Effect Of Unusual Items": -970560.0,
        "Tax Rate For Calcs": 0.16,
        "Normalized EBITDA": 29778000.0,
        "Total Unusual Items": -6066000.0,
        "Total Unusual Items Excluding Goodwill": -6066000.0,
        "Net Income From Continuing Operation Net Minority Interest": 3099000.0,
        "Reconciled Depreciation": 961000.0,
        "Reconciled Cost Of Revenue": 86502000.0,
        "EBITDA": 23712000.0,
        "EBIT": 22751000.0,
        "Net Interest Income": -5797000.0,
        "Interest Expense": 5797000.0,
        "Normalized Income": 8194440.0,
        "Net Income From Continuing And Discontinued Operation": 3099000.0,
        "Total Expenses": 108484000.0,
        "Total Operating Income As Reported": 28730000.0,
        "Diluted Average Shares": 187899485.0,
        "Basic Average Shares": 43518580.0,
        "Diluted EPS": 0.02,
        "Basic EPS": 0.07,
        "Diluted NI Availto Com Stockholders": 4388000.0,
        "Average Dilution Earnings": 1289000.0,
        "Net Income Common Stockholders": 3099000.0,
        "Net Income": 3099000.0,
        "Minority Interests": -11066000.0,
        "Net Income Including Noncontrolling Interests": 14165000.0,
        "Net Income Continuous Operations": 14165000.0,
        "Tax Provision": 2789000.0,
        "Pretax Income": 16954000.0,
        "Other Income Expense": -5979000.0,
        "Other Non Operating Income Expenses": 87000.0,
        "Gain On Sale Of Security": -6066000.0,
        "Net Non Operating Interest Income Expense": -5797000.0,
        "Interest Expense Non Operating": 5797000.0,
        "Operating Income": 28730000.0,
        "Operating Expense": 21982000.0,
        "Selling General And Administration": 21982000.0,
        "General And Administrative Expense": 21982000.0,
        "Other Gand A": 21982000.0,
        "Gross Profit": 50712000.0,
        "Cost Of Revenue": 86502000.0,
        "Total Revenue": 137214000.0,
        "Operating Revenue": 136182000.0
    },
    "2022-06-30": {
        "Tax Effect Of Unusual Items": 1106580.0,
        "Tax Rate For Calcs": 0.06,
        "Normalized EBITDA": 20812000.0,
        "Total Unusual Items": 18443000.0,
        "Total Unusual Items Excluding Goodwill": 18443000.0,
        "Net Income From Continuing Operation Net Minority Interest": 7605000.0,
        "Reconciled Depreciation": 974000.0,
        "Reconciled Cost Of Revenue": 61429000.0,
        "EBITDA": 39255000.0,
        "EBIT": 38281000.0,
        "Net Interest Income": -5591000.0,
        "Interest Expense": 5591000.0,
        "Normalized Income": -9731420.0,
        "Net Income From Continuing And Discontinued Operation": 7605000.0,
        "Total Expenses": 84522000.0,
        "Total Operating Income As Reported": 19838000.0,
        "Diluted Average Shares": 189354138.0,
        "Basic Average Shares": 45118448.0,
        "Diluted EPS": 0.13,
        "Basic EPS": 0.17,
        "Diluted NI Availto Com Stockholders": 25422000.0,
        "Average Dilution Earnings": 17817000.0,
        "Net Income Common Stockholders": 7605000.0,
        "Net Income": 7605000.0,
        "Minority Interests": -23074000.0,
        "Net Income Including Noncontrolling Interests": 30679000.0,
        "Net Income Continuous Operations": 30679000.0,
        "Tax Provision": 2011000.0,
        "Pretax Income": 32690000.0,
        "Other Income Expense": 18443000.0,
        "Other Non Operating Income Expenses": NaN,
        "Gain On Sale Of Security": 18443000.0,
        "Net Non Operating Interest Income Expense": -5591000.0,
        "Interest Expense Non Operating": 5591000.0,
        "Operating Income": 19838000.0,
        "Operating Expense": 23093000.0,
        "Selling General And Administration": 23093000.0,
        "General And Administrative Expense": 23093000.0,
        "Other Gand A": 23093000.0,
        "Gross Profit": 42931000.0,
        "Cost Of Revenue": 61429000.0,
        "Total Revenue": 104360000.0,
        "Operating Revenue": 103335000.0
    },
    "2022-03-31": {
        "Diluted EPS": 0.08,
        "Total Revenue": NaN,
        "Gross Profit": NaN,
        "Operating Income": 18,
        "EBIT": 21,
        "Net Income": 5
    },
    "2021-12-31": {
        "Diluted EPS": 0.32,
        "Total Revenue": NaN,
        "Gross Profit": NaN,
        "Operating Income": 67,
        "EBIT": 69,
        "Net Income": 14
    },
    "2021-09-30": {
        "Diluted EPS": 0.03,
        "Total Revenue": NaN,
        "Gross Profit": NaN,
        "Operating Income": 25,
        "EBIT": 27,
        "Net Income": 4
    },
    "2021-06-30": {
        "Diluted EPS": -0.02,
        "Total Revenue": NaN,
        "Gross Profit": NaN,
        "Operating Income": 22,
        "EBIT": 24,
        "Net Income": 1
    },
    "2021-03-31": {
        "Diluted EPS": -0.05,
        "Total Revenue": NaN,
        "Gross Profit": NaN,
        "Operating Income": -5,
        "EBIT": -3,
        "Net Income": 3
    },
    "2020-12-31": {
        "Diluted EPS": 0.0,
        "Total Revenue": NaN,
        "Gross Profit": NaN,
        "Operating Income": -73,
        "EBIT": -71,
        "Net Income": NaN
    },
    "2020-09-30": {
        "Diluted EPS": 0.0,
        "Total Revenue": NaN,
        "Gross Profit": NaN,
        "Operating Income": 9,
        "EBIT": 12,
        "Net Income": 0
    },
    "2020-06-30": {
        "Diluted EPS": 0.0,
        "Total Revenue": NaN,
        "Gross Profit": NaN,
        "Operating Income": 18,
        "EBIT": 21,
        "Net Income": 0
    },
    "2020-03-31": {
        "Diluted EPS": 0.0,
        "Total Revenue": NaN,
        "Gross Profit": NaN,
        "Operating Income": 3,
        "EBIT": 6,
        "Net Income": 0
    },
    "2019-12-31": {
        "Diluted EPS": -0.11,
        "Total Revenue": NaN,
        "Gross Profit": NaN,
        "Operating Income": 85,
        "EBIT": 85,
        "Net Income": -4
    },
    "2019-09-30": {
        "Diluted EPS": 0.05,
        "Total Revenue": NaN,
        "Gross Profit": NaN,
        "Operating Income": 0,
        "EBIT": 0,
        "Net Income": 2
    },
    "2019-06-30": {
        "Diluted EPS": 0.03,
        "Total Revenue": NaN,
        "Gross Profit": NaN,
        "Operating Income": 0,
        "EBIT": 0,
        "Net Income": 1
    },
    "2019-03-31": {
        "Diluted EPS": 0.03,
        "Total Revenue": NaN,
        "Gross Profit": NaN,
        "Operating Income": 0,
        "EBIT": 0,
        "Net Income": 1
    },
    "2018-12-31": {
        "Diluted EPS": 0.0,
        "Total Revenue": NaN,
        "Gross Profit": NaN,
        "Operating Income": 75,
        "EBIT": 75,
        "Net Income": 0
    },
    "2018-09-30": {
        "Diluted EPS": 0.0,
        "Total Revenue": NaN,
        "Gross Profit": NaN,
        "Operating Income": NaN,
        "EBIT": NaN,
        "Net Income": NaN
    },
    "2018-06-30": {
        "Diluted EPS": 0.0,
        "Total Revenue": NaN,
        "Gross Profit": NaN,
        "Operating Income": NaN,
        "EBIT": NaN,
        "Net Income": NaN
    },
    "2018-03-31": {
        "Diluted EPS": 0.0,
        "Total Revenue": NaN,
        "Gross Profit": NaN,
        "Operating Income": 0,
        "EBIT": 0,
        "Net Income": 0
    },
    "2017-12-31": {
        "Diluted EPS": 0.0,
        "Total Revenue": NaN,
        "Gross Profit": NaN,
        "Operating Income": NaN,
        "EBIT": NaN,
        "Net Income": NaN
    },
    "2023-06-30": {
        "Tax Effect Of Unusual Items": NaN,
        "Tax Rate For Calcs": NaN,
        "Normalized EBITDA": NaN,
        "Total Unusual Items": NaN,
        "Total Unusual Items Excluding Goodwill": NaN,
        "Net Income From Continuing Operation Net Minority Interest": NaN,
        "Reconciled Depreciation": NaN,
        "Reconciled Cost Of Revenue": NaN,
        "EBITDA": NaN,
        "EBIT": NaN,
        "Net Interest Income": NaN,
        "Interest Expense": NaN,
        "Normalized Income": NaN,
        "Net Income From Continuing And Discontinued Operation": NaN,
        "Total Expenses": NaN,
        "Total Operating Income As Reported": NaN,
        "Diluted Average Shares": 187942357.0,
        "Basic Average Shares": 43707111.0,
        "Diluted EPS": -0.23,
        "Basic EPS": 0.11,
        "Diluted NI Availto Com Stockholders": NaN,
        "Average Dilution Earnings": NaN,
        "Net Income Common Stockholders": NaN,
        "Net Income": NaN,
        "Minority Interests": NaN,
        "Net Income Including Noncontrolling Interests": NaN,
        "Net Income Continuous Operations": NaN,
        "Tax Provision": NaN,
        "Pretax Income": NaN,
        "Other Income Expense": NaN,
        "Other Non Operating Income Expenses": NaN,
        "Gain On Sale Of Security": NaN,
        "Net Non Operating Interest Income Expense": NaN,
        "Interest Expense Non Operating": NaN,
        "Operating Income": NaN,
        "Operating Expense": NaN,
        "Other Operating Expenses": NaN,
        "Selling General And Administration": NaN,
        "General And Administrative Expense": NaN,
        "Other Gand A": NaN,
        "Salaries And Wages": 3815000.0,
        "Gross Profit": NaN,
        "Cost Of Revenue": NaN,
        "Total Revenue": NaN,
        "Operating Revenue": NaN
    },
    "2023-09-30": {
        "Tax Effect Of Unusual Items": -56077.484613,
        "Tax Rate For Calcs": 0.159311,
        "Normalized EBITDA": 27697000.0,
        "Total Unusual Items": -352000.0,
        "Total Unusual Items Excluding Goodwill": -352000.0,
        "Net Income From Continuing Operation Net Minority Interest": 5898000.0,
        "Reconciled Depreciation": 698000.0,
        "Reconciled Cost Of Revenue": 72976000.0,
        "EBITDA": 27345000.0,
        "EBIT": 26647000.0,
        "Net Interest Income": -5688000.0,
        "Interest Expense": 5688000.0,
        "Normalized Income": 6193922.515387,
        "Net Income From Continuing And Discontinued Operation": 5898000.0,
        "Total Expenses": 96742000.0,
        "Total Operating Income As Reported": 23904000.0,
        "Diluted Average Shares": 187997448.0,
        "Basic Average Shares": 43467609.0,
        "Diluted EPS": 0.04,
        "Basic EPS": 0.14,
        "Diluted NI Availto Com Stockholders": 7628000.0,
        "Average Dilution Earnings": 1730000.0,
        "Net Income Common Stockholders": 5898000.0,
        "Net Income": 5898000.0,
        "Minority Interests": -11722000.0,
        "Net Income Including Noncontrolling Interests": 17620000.0,
        "Net Income Continuous Operations": 17620000.0,
        "Tax Provision": 3339000.0,
        "Pretax Income": 20959000.0,
        "Other Income Expense": 87000.0,
        "Other Non Operating Income Expenses": 439000.0,
        "Gain On Sale Of Security": -352000.0,
        "Net Non Operating Interest Income Expense": -5688000.0,
        "Interest Expense Non Operating": 5688000.0,
        "Operating Income": 26560000.0,
        "Operating Expense": 23766000.0,
        "Other Operating Expenses": -1068000.0,
        "Selling General And Administration": 24834000.0,
        "General And Administrative Expense": 24834000.0,
        "Other Gand A": 21397000.0,
        "Salaries And Wages": 3437000.0,
        "Gross Profit": 50326000.0,
        "Cost Of Revenue": 72976000.0,
        "Total Revenue": 123302000.0,
        "Operating Revenue": 123302000.0
    },
    "2023-12-31": {
        "Tax Effect Of Unusual Items": -260302.64993,
        "Tax Rate For Calcs": 0.291492,
        "Normalized EBITDA": 13708000.0,
        "Total Unusual Items": -893000.0,
        "Total Unusual Items Excluding Goodwill": -893000.0,
        "Net Income From Continuing Operation Net Minority Interest": 3258000.0,
        "Reconciled Depreciation": 642000.0,
        "Reconciled Cost Of Revenue": 78539000.0,
        "EBITDA": 12815000.0,
        "EBIT": 12173000.0,
        "Net Interest Income": -5720000.0,
        "Interest Expense": 5720000.0,
        "Normalized Income": 3890697.35007,
        "Net Income From Continuing And Discontinued Operation": 3258000.0,
        "Total Expenses": 101963000.0,
        "Total Operating Income As Reported": 13118000.0,
        "Diluted Average Shares": NaN,
        "Basic Average Shares": NaN,
        "Diluted EPS": NaN,
        "Basic EPS": NaN,
        "Diluted NI Availto Com Stockholders": -324000.0,
        "Average Dilution Earnings": -3582000.0,
        "Net Income Common Stockholders": 3258000.0,
        "Net Income": 3258000.0,
        "Minority Interests": -1314000.0,
        "Net Income Including Noncontrolling Interests": 4572000.0,
        "Net Income Continuous Operations": 4572000.0,
        "Tax Provision": 1881000.0,
        "Pretax Income": 6453000.0,
        "Other Income Expense": -1496000.0,
        "Other Non Operating Income Expenses": -603000.0,
        "Gain On Sale Of Security": -893000.0,
        "Net Non Operating Interest Income Expense": -5720000.0,
        "Interest Expense Non Operating": 5720000.0,
        "Operating Income": 13669000.0,
        "Operating Expense": 23424000.0,
        "Other Operating Expenses": -1475000.0,
        "Selling General And Administration": 24899000.0,
        "General And Administrative Expense": 24899000.0,
        "Other Gand A": 24899000.0,
        "Salaries And Wages": NaN,
        "Gross Profit": 37093000.0,
        "Cost Of Revenue": 78539000.0,
        "Total Revenue": 115632000.0,
        "Operating Revenue": 115632000.0
    },
    "2024-03-31": {
        "Tax Effect Of Unusual Items": -450240.0,
        "Tax Rate For Calcs": 0.21,
        "Normalized EBITDA": -9097000.0,
        "Total Unusual Items": -2144000.0,
        "Total Unusual Items Excluding Goodwill": -2144000.0,
        "Net Income From Continuing Operation Net Minority Interest": 2124000.0,
        "Reconciled Depreciation": 633000.0,
        "Reconciled Cost Of Revenue": 74177000.0,
        "EBITDA": -11241000.0,
        "EBIT": -11874000.0,
        "Net Interest Income": -5923000.0,
        "Interest Expense": 5923000.0,
        "Normalized Income": 3817760.0,
        "Net Income From Continuing And Discontinued Operation": 2124000.0,
        "Total Expenses": 121963000.0,
        "Total Operating Income As Reported": -15960000.0,
        "Diluted Average Shares": 187905506.0,
        "Basic Average Shares": 43670260.0,
        "Diluted EPS": -0.13,
        "Basic EPS": 0.05,
        "Diluted NI Availto Com Stockholders": -23528000.0,
        "Average Dilution Earnings": -25652000.0,
        "Net Income Common Stockholders": 2124000.0,
        "Net Income": 2124000.0,
        "Minority Interests": 21031000.0,
        "Net Income Including Noncontrolling Interests": -18907000.0,
        "Net Income Continuous Operations": -18907000.0,
        "Tax Provision": 1110000.0,
        "Pretax Income": -17797000.0,
        "Other Income Expense": -1591000.0,
        "Other Non Operating Income Expenses": 553000.0,
        "Gain On Sale Of Security": -2144000.0,
        "Net Non Operating Interest Income Expense": -5923000.0,
        "Interest Expense Non Operating": 5923000.0,
        "Operating Income": -10283000.0,
        "Operating Expense": 47786000.0,
        "Other Operating Expenses": -2863000.0,
        "Selling General And Administration": 50649000.0,
        "General And Administrative Expense": 50649000.0,
        "Other Gand A": 25179000.0,
        "Salaries And Wages": 25470000.0,
        "Gross Profit": 37503000.0,
        "Cost Of Revenue": 74177000.0,
        "Total Revenue": 111680000.0,
        "Operating Revenue": 111680000.0
    },
    "2024-06-30": {
        "Tax Effect Of Unusual Items": -36000.0,
        "Tax Rate For Calcs": 0.2,
        "Normalized EBITDA": 23163000.0,
        "Total Unusual Items": -180000.0,
        "Total Unusual Items Excluding Goodwill": -180000.0,
        "Net Income From Continuing Operation Net Minority Interest": 4800000.0,
        "Reconciled Depreciation": 644000.0,
        "Reconciled Cost Of Revenue": 62620000.0,
        "EBITDA": 22983000.0,
        "EBIT": 22339000.0,
        "Net Interest Income": -6134000.0,
        "Interest Expense": 6134000.0,
        "Normalized Income": 4944000.0,
        "Net Income From Continuing And Discontinued Operation": 4800000.0,
        "Total Expenses": 95045000.0,
        "Total Operating Income As Reported": 20835000.0,
        "Diluted Average Shares": 190178273.0,
        "Basic Average Shares": 44934623.0,
        "Diluted EPS": 0.04,
        "Basic EPS": 0.11,
        "Diluted NI Availto Com Stockholders": 8218000.0,
        "Average Dilution Earnings": 3418000.0,
        "Net Income Common Stockholders": 4800000.0,
        "Net Income": 4800000.0,
        "Minority Interests": -8161000.0,
        "Net Income Including Noncontrolling Interests": 12961000.0,
        "Net Income Continuous Operations": 12961000.0,
        "Tax Provision": 3244000.0,
        "Pretax Income": 16205000.0,
        "Other Income Expense": 214000.0,
        "Other Non Operating Income Expenses": 394000.0,
        "Gain On Sale Of Security": -180000.0,
        "Net Non Operating Interest Income Expense": -6134000.0,
        "Interest Expense Non Operating": 6134000.0,
        "Operating Income": 22125000.0,
        "Operating Expense": 32425000.0,
        "Other Operating Expenses": -1074000.0,
        "Selling General And Administration": 33499000.0,
        "General And Administrative Expense": 33499000.0,
        "Other Gand A": 28164000.0,
        "Salaries And Wages": 5335000.0,
        "Gross Profit": 54550000.0,
        "Cost Of Revenue": 62620000.0,
        "Total Revenue": 117170000.0,
        "Operating Revenue": 117170000.0
    },
    "2024-09-30": {
        "Tax Effect Of Unusual Items": -1450397.493636,
        "Tax Rate For Calcs": 0.208211,
        "Normalized EBITDA": 29250000.0,
        "Total Unusual Items": -6966000.0,
        "Total Unusual Items Excluding Goodwill": -6966000.0,
        "Net Income From Continuing Operation Net Minority Interest": 4156000.0,
        "Reconciled Depreciation": 1045000.0,
        "Reconciled Cost Of Revenue": 69409000.0,
        "EBITDA": 22284000.0,
        "EBIT": 21239000.0,
        "Net Interest Income": -5918000.0,
        "Interest Expense": 5918000.0,
        "Normalized Income": 9671602.506364,
        "Net Income From Continuing And Discontinued Operation": 4156000.0,
        "Total Expenses": 96844000.0,
        "Total Operating Income As Reported": 24997000.0,
        "Diluted Average Shares": 190597566.0,
        "Basic Average Shares": 45163779.0,
        "Diluted EPS": 0.03,
        "Basic EPS": 0.09,
        "Diluted NI Availto Com Stockholders": 4841000.0,
        "Average Dilution Earnings": 685000.0,
        "Net Income Common Stockholders": 4156000.0,
        "Net Income": 4156000.0,
        "Minority Interests": -7975000.0,
        "Net Income Including Noncontrolling Interests": 12131000.0,
        "Net Income Continuous Operations": 12131000.0,
        "Tax Provision": 3190000.0,
        "Pretax Income": 15321000.0,
        "Other Income Expense": -6435000.0,
        "Other Non Operating Income Expenses": 531000.0,
        "Gain On Sale Of Security": -6966000.0,
        "Net Non Operating Interest Income Expense": -5918000.0,
        "Interest Expense Non Operating": 5918000.0,
        "Operating Income": 27674000.0,
        "Operating Expense": 27435000.0,
        "Other Operating Expenses": -1090000.0,
        "Selling General And Administration": 28525000.0,
        "General And Administrative Expense": 28525000.0,
        "Other Gand A": 24617000.0,
        "Salaries And Wages": 3908000.0,
        "Gross Profit": 55109000.0,
        "Cost Of Revenue": 69409000.0,
        "Total Revenue": 124518000.0,
        "Operating Revenue": 124518000.0
    }
}