{
    "2023-06-30": {
        "Tax Effect Of Unusual Items": NaN,
        "Tax Rate For Calcs": NaN,
        "Normalized EBITDA": NaN,
        "Total Unusual Items": NaN,
        "Total Unusual Items Excluding Goodwill": NaN,
        "Net Income From Continuing Operation Net Minority Interest": NaN,
        "Reconciled Depreciation": NaN,
        "Reconciled Cost Of Revenue": NaN,
        "EBITDA": NaN,
        "EBIT": NaN,
        "Net Interest Income": NaN,
        "Interest Expense": NaN,
        "Interest Income": NaN,
        "Normalized Income": NaN,
        "Net Income From Continuing And Discontinued Operation": NaN,
        "Total Expenses": NaN,
        "Diluted Average Shares": NaN,
        "Basic Average Shares": NaN,
        "Diluted EPS": NaN,
        "Basic EPS": NaN,
        "Diluted NI Availto Com Stockholders": NaN,
        "Net Income Common Stockholders": NaN,
        "Preferred Stock Dividends": 58000000.0,
        "Net Income": NaN,
        "Minority Interests": NaN,
        "Net Income Including Noncontrolling Interests": NaN,
        "Net Income Discontinuous Operations": NaN,
        "Net Income Continuous Operations": NaN,
        "Tax Provision": NaN,
        "Pretax Income": NaN,
        "Other Income Expense": NaN,
        "Other Non Operating Income Expenses": NaN,
        "Special Income Charges": NaN,
        "Gain On Sale Of Business": NaN,
        "Impairment Of Capital Assets": NaN,
        "Restructuring And Mergern Acquisition": NaN,
        "Earnings From Equity Interest": NaN,
        "Gain On Sale Of Security": NaN,
        "Net Non Operating Interest Income Expense": NaN,
        "Interest Expense Non Operating": NaN,
        "Interest Income Non Operating": NaN,
        "Operating Income": NaN,
        "Operating Expense": NaN,
        "Research And Development": NaN,
        "Selling General And Administration": NaN,
        "Selling And Marketing Expense": NaN,
        "General And Administrative Expense": NaN,
        "Other Gand A": 913000000.0,
        "Insurance And Claims": NaN,
        "Gross Profit": NaN,
        "Cost Of Revenue": NaN,
        "Total Revenue": NaN,
        "Operating Revenue": NaN
    },
    "2023-03-31": {
        "Tax Effect Of Unusual Items": NaN,
        "Tax Rate For Calcs": NaN,
        "Normalized EBITDA": NaN,
        "Total Unusual Items": NaN,
        "Total Unusual Items Excluding Goodwill": NaN,
        "Net Income From Continuing Operation Net Minority Interest": NaN,
        "Reconciled Depreciation": NaN,
        "Reconciled Cost Of Revenue": NaN,
        "EBITDA": NaN,
        "EBIT": NaN,
        "Net Interest Income": NaN,
        "Interest Expense": NaN,
        "Interest Income": NaN,
        "Normalized Income": NaN,
        "Net Income From Continuing And Discontinued Operation": NaN,
        "Total Expenses": NaN,
        "Diluted Average Shares": NaN,
        "Basic Average Shares": NaN,
        "Diluted EPS": NaN,
        "Basic EPS": NaN,
        "Diluted NI Availto Com Stockholders": NaN,
        "Average Dilution Earnings": -6000000.0,
        "Net Income Common Stockholders": NaN,
        "Preferred Stock Dividends": 145000000.0,
        "Net Income": NaN,
        "Minority Interests": NaN,
        "Net Income Including Noncontrolling Interests": NaN,
        "Net Income Discontinuous Operations": NaN,
        "Net Income Continuous Operations": NaN,
        "Tax Provision": NaN,
        "Pretax Income": NaN,
        "Other Income Expense": NaN,
        "Other Non Operating Income Expenses": NaN,
        "Special Income Charges": NaN,
        "Gain On Sale Of Business": NaN,
        "Impairment Of Capital Assets": NaN,
        "Restructuring And Mergern Acquisition": NaN,
        "Earnings From Equity Interest": NaN,
        "Gain On Sale Of Security": 5908000000.0,
        "Net Non Operating Interest Income Expense": NaN,
        "Interest Expense Non Operating": NaN,
        "Interest Income Non Operating": NaN,
        "Operating Income": NaN,
        "Operating Expense": NaN,
        "Research And Development": NaN,
        "Selling General And Administration": NaN,
        "Selling And Marketing Expense": NaN,
        "General And Administrative Expense": NaN,
        "Other Gand A": 2142000000.0,
        "Insurance And Claims": NaN,
        "Gross Profit": NaN,
        "Cost Of Revenue": NaN,
        "Total Revenue": NaN,
        "Operating Revenue": NaN
    },
    "2022-12-31": {
        "Tax Effect Of Unusual Items": NaN,
        "Tax Rate For Calcs": NaN,
        "Normalized EBITDA": NaN,
        "Total Unusual Items": NaN,
        "Total Unusual Items Excluding Goodwill": NaN,
        "Net Income From Continuing Operation Net Minority Interest": NaN,
        "Reconciled Depreciation": NaN,
        "Reconciled Cost Of Revenue": NaN,
        "EBITDA": NaN,
        "EBIT": NaN,
        "Net Interest Income": NaN,
        "Interest Expense": NaN,
        "Interest Income": NaN,
        "Normalized Income": NaN,
        "Net Income From Continuing And Discontinued Operation": NaN,
        "Total Expenses": NaN,
        "Diluted Average Shares": NaN,
        "Basic Average Shares": NaN,
        "Diluted EPS": NaN,
        "Basic EPS": NaN,
        "Diluted NI Availto Com Stockholders": NaN,
        "Average Dilution Earnings": NaN,
        "Net Income Common Stockholders": NaN,
        "Preferred Stock Dividends": 97000000.0,
        "Net Income": NaN,
        "Minority Interests": NaN,
        "Net Income Including Noncontrolling Interests": NaN,
        "Net Income Discontinuous Operations": NaN,
        "Net Income Continuous Operations": NaN,
        "Tax Provision": NaN,
        "Pretax Income": NaN,
        "Other Income Expense": NaN,
        "Other Non Operating Income Expenses": NaN,
        "Special Income Charges": NaN,
        "Gain On Sale Of Business": NaN,
        "Restructuring And Mergern Acquisition": NaN,
        "Earnings From Equity Interest": NaN,
        "Gain On Sale Of Security": 94000000.0,
        "Net Non Operating Interest Income Expense": NaN,
        "Interest Expense Non Operating": NaN,
        "Interest Income Non Operating": NaN,
        "Operating Income": NaN,
        "Operating Expense": NaN,
        "Research And Development": NaN,
        "Selling General And Administration": NaN,
        "Selling And Marketing Expense": NaN,
        "General And Administrative Expense": NaN,
        "Other Gand A": 3542000000.0,
        "Insurance And Claims": NaN,
        "Gross Profit": NaN,
        "Cost Of Revenue": NaN,
        "Total Revenue": NaN,
        "Operating Revenue": NaN
    },
    "2022-09-30": {
        "Tax Effect Of Unusual Items": NaN,
        "Tax Rate For Calcs": NaN,
        "Normalized EBITDA": NaN,
        "Total Unusual Items": NaN,
        "Total Unusual Items Excluding Goodwill": NaN,
        "Net Income From Continuing Operation Net Minority Interest": NaN,
        "Reconciled Depreciation": NaN,
        "Reconciled Cost Of Revenue": NaN,
        "EBITDA": NaN,
        "EBIT": NaN,
        "Net Interest Income": NaN,
        "Interest Expense": NaN,
        "Interest Income": NaN,
        "Normalized Income": NaN,
        "Net Income From Continuing And Discontinued Operation": NaN,
        "Total Expenses": NaN,
        "Diluted Average Shares": NaN,
        "Basic Average Shares": NaN,
        "Diluted EPS": NaN,
        "Basic EPS": NaN,
        "Diluted NI Availto Com Stockholders": NaN,
        "Average Dilution Earnings": NaN,
        "Net Income Common Stockholders": NaN,
        "Preferred Stock Dividends": NaN,
        "Net Income": NaN,
        "Minority Interests": NaN,
        "Net Income Including Noncontrolling Interests": NaN,
        "Net Income Discontinuous Operations": NaN,
        "Net Income Continuous Operations": NaN,
        "Tax Provision": NaN,
        "Pretax Income": NaN,
        "Other Income Expense": NaN,
        "Other Non Operating Income Expenses": NaN,
        "Special Income Charges": NaN,
        "Gain On Sale Of Business": NaN,
        "Restructuring And Mergern Acquisition": NaN,
        "Earnings From Equity Interest": NaN,
        "Gain On Sale Of Security": -101000000.0,
        "Net Non Operating Interest Income Expense": NaN,
        "Interest Expense Non Operating": NaN,
        "Interest Income Non Operating": NaN,
        "Operating Income": NaN,
        "Operating Expense": NaN,
        "Other Operating Expenses": 227000000.0,
        "Research And Development": NaN,
        "Selling General And Administration": NaN,
        "Selling And Marketing Expense": 1966000000.0,
        "General And Administrative Expense": NaN,
        "Other Gand A": 2868000000.0,
        "Insurance And Claims": NaN,
        "Gross Profit": NaN,
        "Cost Of Revenue": NaN,
        "Total Revenue": NaN,
        "Operating Revenue": NaN
    },
    "2022-06-30": {
        "Tax Effect Of Unusual Items": -610400000.0,
        "Tax Rate For Calcs": 0.4,
        "Normalized EBITDA": 2355000000.0,
        "Total Unusual Items": -1526000000.0,
        "Total Unusual Items Excluding Goodwill": -1526000000.0,
        "Net Income From Continuing Operation Net Minority Interest": -580000000.0,
        "Reconciled Depreciation": 679000000.0,
        "Reconciled Cost Of Revenue": 13244000000.0,
        "EBITDA": 829000000.0,
        "EBIT": 150000000.0,
        "Net Interest Income": -352000000.0,
        "Interest Expense": 394000000.0,
        "Interest Income": 42000000.0,
        "Normalized Income": 335600000.0,
        "Net Income From Continuing And Discontinued Operation": -790000000.0,
        "Total Expenses": 17420000000.0,
        "Diluted Average Shares": 1099000000.0,
        "Basic Average Shares": 1099000000.0,
        "Diluted EPS": -0.86,
        "Basic EPS": -0.86,
        "Diluted NI Availto Com Stockholders": -857000000.0,
        "Average Dilution Earnings": NaN,
        "Net Income Common Stockholders": -857000000.0,
        "Preferred Stock Dividends": 67000000.0,
        "Net Income": -790000000.0,
        "Minority Interests": -19000000.0,
        "Net Income Including Noncontrolling Interests": -771000000.0,
        "Net Income Discontinuous Operations": -210000000.0,
        "Net Income Continuous Operations": -561000000.0,
        "Tax Provision": 317000000.0,
        "Pretax Income": -244000000.0,
        "Other Income Expense": -1118000000.0,
        "Other Non Operating Income Expenses": 325000000.0,
        "Special Income Charges": 4000000.0,
        "Gain On Sale Of Business": 4000000.0,
        "Other Special Charges": NaN,
        "Restructuring And Mergern Acquisition": 207000000.0,
        "Earnings From Equity Interest": 83000000.0,
        "Gain On Sale Of Security": -1530000000.0,
        "Net Non Operating Interest Income Expense": -352000000.0,
        "Interest Expense Non Operating": 394000000.0,
        "Interest Income Non Operating": 42000000.0,
        "Operating Income": 1225000000.0,
        "Operating Expense": 4176000000.0,
        "Other Operating Expenses": 207000000.0,
        "Research And Development": 696000000.0,
        "Selling General And Administration": 3273000000.0,
        "General And Administrative Expense": 3273000000.0,
        "Other Gand A": 2720000000.0,
        "Insurance And Claims": 553000000.0,
        "Gross Profit": 5401000000.0,
        "Cost Of Revenue": 13244000000.0,
        "Total Revenue": 18645000000.0,
        "Operating Revenue": 18645000000.0
    },
    "2023-09-30": {
        "Tax Effect Of Unusual Items": -97968000.0,
        "Tax Rate For Calcs": 0.078,
        "Normalized EBITDA": 2151000000.0,
        "Total Unusual Items": -1256000000.0,
        "Total Unusual Items Excluding Goodwill": -1256000000.0,
        "Net Income From Continuing Operation Net Minority Interest": 321000000.0,
        "Reconciled Depreciation": 292000000.0,
        "Reconciled Cost Of Revenue": 5992000000.0,
        "EBITDA": 895000000.0,
        "EBIT": 603000000.0,
        "Net Interest Income": -107000000.0,
        "Interest Expense": 270000000.0,
        "Interest Income": 163000000.0,
        "Normalized Income": 1479032000.0,
        "Net Income From Continuing And Discontinued Operation": 352000000.0,
        "Total Expenses": 7950000000.0,
        "Diluted Average Shares": 1087000000.0,
        "Basic Average Shares": 1083000000.0,
        "Diluted EPS": 0.24,
        "Basic EPS": 0.24,
        "Diluted NI Availto Com Stockholders": 261000000.0,
        "Net Income Common Stockholders": 261000000.0,
        "Preferred Stock Dividends": 91000000.0,
        "Net Income": 352000000.0,
        "Minority Interests": 14000000.0,
        "Net Income Including Noncontrolling Interests": 338000000.0,
        "Net Income Discontinuous Operations": 31000000.0,
        "Net Income Continuous Operations": 307000000.0,
        "Tax Provision": 26000000.0,
        "Pretax Income": 333000000.0,
        "Other Income Expense": -911000000.0,
        "Other Non Operating Income Expenses": 298000000.0,
        "Special Income Charges": -147000000.0,
        "Gain On Sale Of Business": 0.0,
        "Impairment Of Capital Assets": 0.0,
        "Restructuring And Mergern Acquisition": 147000000.0,
        "Earnings From Equity Interest": 47000000.0,
        "Gain On Sale Of Security": -1109000000.0,
        "Net Non Operating Interest Income Expense": -107000000.0,
        "Interest Expense Non Operating": 270000000.0,
        "Interest Income Non Operating": 163000000.0,
        "Operating Income": 1352000000.0,
        "Operating Expense": 1958000000.0,
        "Research And Development": 247000000.0,
        "Selling General And Administration": 1711000000.0,
        "Selling And Marketing Expense": 1001000000.0,
        "General And Administrative Expense": 710000000.0,
        "Other Gand A": NaN,
        "Insurance And Claims": 710000000.0,
        "Gross Profit": 3310000000.0,
        "Cost Of Revenue": 5992000000.0,
        "Total Revenue": 9302000000.0,
        "Operating Revenue": 9302000000.0
    },
    "2023-12-31": {
        "Tax Effect Of Unusual Items": 63286212.045794,
        "Tax Rate For Calcs": 0.209557,
        "Normalized EBITDA": 2537000000.0,
        "Total Unusual Items": 302000000.0,
        "Total Unusual Items Excluding Goodwill": 302000000.0,
        "Net Income From Continuing Operation Net Minority Interest": 1590000000.0,
        "Reconciled Depreciation": 534000000.0,
        "Reconciled Cost Of Revenue": 14396000000.0,
        "EBITDA": 2839000000.0,
        "EBIT": 2305000000.0,
        "Net Interest Income": -91000000.0,
        "Interest Expense": 296000000.0,
        "Interest Income": 205000000.0,
        "Normalized Income": 1351286212.045794,
        "Net Income From Continuing And Discontinued Operation": 1592000000.0,
        "Total Expenses": 18228000000.0,
        "Diluted Average Shares": 1100000000.0,
        "Basic Average Shares": 1088000000.0,
        "Diluted EPS": 1.45,
        "Basic EPS": 1.46,
        "Diluted NI Availto Com Stockholders": 1592000000.0,
        "Net Income Common Stockholders": 1592000000.0,
        "Preferred Stock Dividends": 0.0,
        "Net Income": 1592000000.0,
        "Minority Interests": 0.0,
        "Net Income Including Noncontrolling Interests": 1591000000.0,
        "Net Income Discontinuous Operations": 2000000.0,
        "Net Income Continuous Operations": 1589000000.0,
        "Tax Provision": 421000000.0,
        "Pretax Income": 2009000000.0,
        "Other Income Expense": 906000000.0,
        "Other Non Operating Income Expenses": 514000000.0,
        "Special Income Charges": 302000000.0,
        "Gain On Sale Of Business": 622000000.0,
        "Impairment Of Capital Assets": NaN,
        "Restructuring And Mergern Acquisition": 320000000.0,
        "Earnings From Equity Interest": 90000000.0,
        "Gain On Sale Of Security": 621000000.0,
        "Net Non Operating Interest Income Expense": -91000000.0,
        "Interest Expense Non Operating": 296000000.0,
        "Interest Income Non Operating": 205000000.0,
        "Operating Income": 1195000000.0,
        "Operating Expense": 3832000000.0,
        "Research And Development": 551000000.0,
        "Selling General And Administration": 3281000000.0,
        "Selling And Marketing Expense": NaN,
        "General And Administrative Expense": 9952000000.0,
        "Other Gand A": NaN,
        "Insurance And Claims": 757000000.0,
        "Gross Profit": 5027000000.0,
        "Cost Of Revenue": 14396000000.0,
        "Total Revenue": 19423000000.0,
        "Operating Revenue": 19423000000.0
    },
    "2024-03-31": {
        "Tax Effect Of Unusual Items": 47940000.0,
        "Tax Rate For Calcs": 0.17,
        "Normalized EBITDA": 2385000000.0,
        "Total Unusual Items": 282000000.0,
        "Total Unusual Items Excluding Goodwill": 282000000.0,
        "Net Income From Continuing Operation Net Minority Interest": 1523000000.0,
        "Reconciled Depreciation": 523000000.0,
        "Reconciled Cost Of Revenue": 11620000000.0,
        "EBITDA": 2667000000.0,
        "EBIT": 2144000000.0,
        "Net Interest Income": -26000000.0,
        "Interest Expense": 278000000.0,
        "Interest Income": 252000000.0,
        "Normalized Income": 1288940000.0,
        "Net Income From Continuing And Discontinued Operation": 1537000000.0,
        "Total Expenses": 15023000000.0,
        "Diluted Average Shares": 1103000000.0,
        "Basic Average Shares": 1091000000.0,
        "Diluted EPS": 1.39,
        "Basic EPS": 1.41,
        "Diluted NI Availto Com Stockholders": 1537000000.0,
        "Net Income Common Stockholders": 1537000000.0,
        "Preferred Stock Dividends": NaN,
        "Net Income": 1537000000.0,
        "Minority Interests": -27000000.0,
        "Net Income Including Noncontrolling Interests": 1563000000.0,
        "Net Income Discontinuous Operations": 14000000.0,
        "Net Income Continuous Operations": 1549000000.0,
        "Tax Provision": 318000000.0,
        "Pretax Income": 1866000000.0,
        "Other Income Expense": 864000000.0,
        "Other Non Operating Income Expenses": 454000000.0,
        "Special Income Charges": 282000000.0,
        "Gain On Sale Of Business": 637000000.0,
        "Impairment Of Capital Assets": NaN,
        "Restructuring And Mergern Acquisition": 355000000.0,
        "Earnings From Equity Interest": 128000000.0,
        "Gain On Sale Of Security": NaN,
        "Net Non Operating Interest Income Expense": -26000000.0,
        "Interest Expense Non Operating": 278000000.0,
        "Interest Income Non Operating": 252000000.0,
        "Operating Income": 1030000000.0,
        "Operating Expense": 3403000000.0,
        "Research And Development": 507000000.0,
        "Selling General And Administration": 2896000000.0,
        "Selling And Marketing Expense": NaN,
        "General And Administrative Expense": 2896000000.0,
        "Other Gand A": 2269000000.0,
        "Insurance And Claims": 627000000.0,
        "Gross Profit": 4433000000.0,
        "Cost Of Revenue": 11620000000.0,
        "Total Revenue": 16053000000.0,
        "Operating Revenue": 16053000000.0
    },
    "2024-06-30": {
        "Tax Effect Of Unusual Items": -40334000.0,
        "Tax Rate For Calcs": 0.086,
        "Normalized EBITDA": 2214000000.0,
        "Total Unusual Items": -469000000.0,
        "Total Unusual Items Excluding Goodwill": -469000000.0,
        "Net Income From Continuing Operation Net Minority Interest": 1320000000.0,
        "Reconciled Depreciation": 50000000.0,
        "Reconciled Cost Of Revenue": 5575000000.0,
        "EBITDA": 1745000000.0,
        "EBIT": 1695000000.0,
        "Net Interest Income": -48000000.0,
        "Interest Expense": 248000000.0,
        "Interest Income": 200000000.0,
        "Normalized Income": 1748666000.0,
        "Net Income From Continuing And Discontinued Operation": 1266000000.0,
        "Total Expenses": 7466000000.0,
        "Diluted Average Shares": 1100000000.0,
        "Basic Average Shares": 1089000000.0,
        "Diluted EPS": 1.15,
        "Basic EPS": 1.16,
        "Diluted NI Availto Com Stockholders": 1266000000.0,
        "Net Income Common Stockholders": 1266000000.0,
        "Preferred Stock Dividends": NaN,
        "Net Income": 1266000000.0,
        "Minority Interests": -2000000.0,
        "Net Income Including Noncontrolling Interests": 1268000000.0,
        "Net Income Discontinuous Operations": -54000000.0,
        "Net Income Continuous Operations": 1322000000.0,
        "Tax Provision": 125000000.0,
        "Pretax Income": 1447000000.0,
        "Other Income Expense": -134000000.0,
        "Other Non Operating Income Expenses": 301000000.0,
        "Special Income Charges": -469000000.0,
        "Gain On Sale Of Business": -394000000.0,
        "Impairment Of Capital Assets": NaN,
        "Restructuring And Mergern Acquisition": 75000000.0,
        "Earnings From Equity Interest": 34000000.0,
        "Gain On Sale Of Security": NaN,
        "Net Non Operating Interest Income Expense": -48000000.0,
        "Interest Expense Non Operating": 248000000.0,
        "Interest Income Non Operating": 200000000.0,
        "Operating Income": 1627000000.0,
        "Operating Expense": 1891000000.0,
        "Research And Development": 300000000.0,
        "Selling General And Administration": 1591000000.0,
        "Selling And Marketing Expense": NaN,
        "General And Administrative Expense": 1591000000.0,
        "Other Gand A": 924000000.0,
        "Insurance And Claims": 667000000.0,
        "Gross Profit": 3518000000.0,
        "Cost Of Revenue": 5575000000.0,
        "Total Revenue": 9093000000.0,
        "Operating Revenue": 9093000000.0
    },
    "2024-09-30": {
        "Tax Effect Of Unusual Items": 40740000.0,
        "Tax Rate For Calcs": 0.105,
        "Normalized EBITDA": 2069000000.0,
        "Total Unusual Items": 388000000.0,
        "Total Unusual Items Excluding Goodwill": 388000000.0,
        "Net Income From Continuing Operation Net Minority Interest": 1705000000.0,
        "Reconciled Depreciation": 313000000.0,
        "Reconciled Cost Of Revenue": 6226000000.0,
        "EBITDA": 2457000000.0,
        "EBIT": 2144000000.0,
        "Net Interest Income": -64000000.0,
        "Interest Expense": 251000000.0,
        "Interest Income": 187000000.0,
        "Normalized Income": 1357740000.0,
        "Net Income From Continuing And Discontinued Operation": 1852000000.0,
        "Total Expenses": 8601000000.0,
        "Diluted Average Shares": 1098000000.0,
        "Basic Average Shares": 1093000000.0,
        "Diluted EPS": 1.7,
        "Basic EPS": 1.71,
        "Diluted NI Availto Com Stockholders": 1852000000.0,
        "Net Income Common Stockholders": 1852000000.0,
        "Preferred Stock Dividends": NaN,
        "Net Income": 1852000000.0,
        "Minority Interests": 10000000.0,
        "Net Income Including Noncontrolling Interests": 1842000000.0,
        "Net Income Discontinuous Operations": 147000000.0,
        "Net Income Continuous Operations": 1695000000.0,
        "Tax Provision": 198000000.0,
        "Pretax Income": 1893000000.0,
        "Other Income Expense": 717000000.0,
        "Other Non Operating Income Expenses": 301000000.0,
        "Special Income Charges": 31000000.0,
        "Gain On Sale Of Business": 356000000.0,
        "Impairment Of Capital Assets": 251000000.0,
        "Restructuring And Mergern Acquisition": 74000000.0,
        "Earnings From Equity Interest": 28000000.0,
        "Gain On Sale Of Security": 357000000.0,
        "Net Non Operating Interest Income Expense": -64000000.0,
        "Interest Expense Non Operating": 251000000.0,
        "Interest Income Non Operating": 187000000.0,
        "Operating Income": 1241000000.0,
        "Operating Expense": 2375000000.0,
        "Research And Development": 331000000.0,
        "Selling General And Administration": 2044000000.0,
        "Selling And Marketing Expense": 1330000000.0,
        "General And Administrative Expense": 714000000.0,
        "Other Gand A": NaN,
        "Insurance And Claims": 714000000.0,
        "Gross Profit": 3616000000.0,
        "Cost Of Revenue": 6226000000.0,
        "Total Revenue": 9842000000.0,
        "Operating Revenue": 9842000000.0
    }
}