{
    "2023-06-30": {
        "Tax Effect Of Unusual Items": NaN,
        "Tax Rate For Calcs": NaN,
        "Normalized EBITDA": NaN,
        "Net Income From Continuing Operation Net Minority Interest": NaN,
        "Reconciled Depreciation": NaN,
        "Reconciled Cost Of Revenue": NaN,
        "EBITDA": NaN,
        "EBIT": NaN,
        "Net Interest Income": NaN,
        "Interest Expense": NaN,
        "Interest Income": 0.0,
        "Normalized Income": NaN,
        "Net Income From Continuing And Discontinued Operation": NaN,
        "Total Expenses": NaN,
        "Total Operating Income As Reported": NaN,
        "Diluted Average Shares": 458000000.0,
        "Basic Average Shares": 455000000.0,
        "Diluted EPS": 0.91,
        "Basic EPS": 0.92,
        "Diluted NI Availto Com Stockholders": NaN,
        "Net Income Common Stockholders": NaN,
        "Preferred Stock Dividends": NaN,
        "Net Income": NaN,
        "Minority Interests": NaN,
        "Net Income Including Noncontrolling Interests": NaN,
        "Net Income Discontinuous Operations": 0.0,
        "Net Income Continuous Operations": NaN,
        "Tax Provision": NaN,
        "Pretax Income": NaN,
        "Other Income Expense": NaN,
        "Other Non Operating Income Expenses": NaN,
        "Earnings From Equity Interest": NaN,
        "Net Non Operating Interest Income Expense": NaN,
        "Interest Expense Non Operating": NaN,
        "Interest Income Non Operating": 0.0,
        "Operating Income": NaN,
        "Operating Expense": NaN,
        "Research And Development": NaN,
        "Selling General And Administration": NaN,
        "Gross Profit": NaN,
        "Cost Of Revenue": NaN,
        "Total Revenue": NaN,
        "Operating Revenue": NaN
    },
    "2023-03-31": {
        "Tax Effect Of Unusual Items": NaN,
        "Tax Rate For Calcs": NaN,
        "Normalized EBITDA": NaN,
        "Net Income From Continuing Operation Net Minority Interest": NaN,
        "Reconciled Depreciation": NaN,
        "Reconciled Cost Of Revenue": NaN,
        "EBITDA": NaN,
        "EBIT": NaN,
        "Net Interest Income": NaN,
        "Interest Expense": NaN,
        "Interest Income": NaN,
        "Normalized Income": NaN,
        "Net Income From Continuing And Discontinued Operation": NaN,
        "Total Expenses": NaN,
        "Total Operating Income As Reported": NaN,
        "Diluted Average Shares": NaN,
        "Basic Average Shares": NaN,
        "Diluted EPS": NaN,
        "Basic EPS": NaN,
        "Diluted NI Availto Com Stockholders": NaN,
        "Net Income Common Stockholders": NaN,
        "Preferred Stock Dividends": 183000000.0,
        "Net Income": NaN,
        "Minority Interests": NaN,
        "Net Income Including Noncontrolling Interests": NaN,
        "Net Income Discontinuous Operations": NaN,
        "Net Income Continuous Operations": NaN,
        "Tax Provision": NaN,
        "Pretax Income": NaN,
        "Other Income Expense": NaN,
        "Other Non Operating Income Expenses": NaN,
        "Earnings From Equity Interest": NaN,
        "Net Non Operating Interest Income Expense": NaN,
        "Interest Expense Non Operating": NaN,
        "Interest Income Non Operating": NaN,
        "Operating Income": NaN,
        "Operating Expense": NaN,
        "Research And Development": NaN,
        "Selling General And Administration": NaN,
        "Gross Profit": NaN,
        "Cost Of Revenue": NaN,
        "Total Revenue": NaN,
        "Operating Revenue": NaN
    },
    "2022-12-31": {
        "Tax Effect Of Unusual Items": NaN,
        "Tax Rate For Calcs": NaN,
        "Normalized EBITDA": NaN,
        "Net Income From Continuing Operation Net Minority Interest": NaN,
        "Reconciled Depreciation": NaN,
        "Reconciled Cost Of Revenue": NaN,
        "EBITDA": NaN,
        "EBIT": NaN,
        "Net Interest Income": NaN,
        "Interest Expense": NaN,
        "Interest Income": NaN,
        "Normalized Income": NaN,
        "Net Income From Continuing And Discontinued Operation": NaN,
        "Total Expenses": NaN,
        "Total Operating Income As Reported": NaN,
        "Diluted Average Shares": NaN,
        "Basic Average Shares": NaN,
        "Diluted EPS": NaN,
        "Basic EPS": NaN,
        "Diluted NI Availto Com Stockholders": NaN,
        "Net Income Common Stockholders": NaN,
        "Preferred Stock Dividends": NaN,
        "Net Income": NaN,
        "Minority Interests": NaN,
        "Net Income Including Noncontrolling Interests": NaN,
        "Net Income Discontinuous Operations": 6000000.0,
        "Net Income Continuous Operations": NaN,
        "Tax Provision": NaN,
        "Pretax Income": NaN,
        "Other Income Expense": NaN,
        "Other Non Operating Income Expenses": NaN,
        "Earnings From Equity Interest": NaN,
        "Net Non Operating Interest Income Expense": NaN,
        "Interest Expense Non Operating": NaN,
        "Interest Income Non Operating": NaN,
        "Operating Income": NaN,
        "Operating Expense": NaN,
        "Research And Development": NaN,
        "Selling General And Administration": NaN,
        "Gross Profit": NaN,
        "Cost Of Revenue": NaN,
        "Total Revenue": NaN,
        "Operating Revenue": NaN
    },
    "2022-09-30": {
        "Tax Effect Of Unusual Items": NaN,
        "Tax Rate For Calcs": NaN,
        "Normalized EBITDA": NaN,
        "Net Income From Continuing Operation Net Minority Interest": NaN,
        "Reconciled Depreciation": NaN,
        "Reconciled Cost Of Revenue": NaN,
        "EBITDA": NaN,
        "EBIT": NaN,
        "Net Interest Income": NaN,
        "Interest Expense": NaN,
        "Interest Income": 4000000.0,
        "Normalized Income": NaN,
        "Net Income From Continuing And Discontinued Operation": NaN,
        "Total Expenses": NaN,
        "Total Operating Income As Reported": NaN,
        "Diluted Average Shares": NaN,
        "Basic Average Shares": NaN,
        "Diluted EPS": NaN,
        "Basic EPS": NaN,
        "Diluted NI Availto Com Stockholders": NaN,
        "Net Income Common Stockholders": NaN,
        "Preferred Stock Dividends": NaN,
        "Net Income": NaN,
        "Minority Interests": NaN,
        "Net Income Including Noncontrolling Interests": NaN,
        "Net Income Discontinuous Operations": 0.0,
        "Net Income Continuous Operations": NaN,
        "Tax Provision": NaN,
        "Pretax Income": NaN,
        "Other Income Expense": NaN,
        "Other Non Operating Income Expenses": NaN,
        "Earnings From Equity Interest": NaN,
        "Net Non Operating Interest Income Expense": NaN,
        "Interest Expense Non Operating": NaN,
        "Interest Income Non Operating": 4000000.0,
        "Operating Income": NaN,
        "Operating Expense": NaN,
        "Research And Development": NaN,
        "Selling General And Administration": NaN,
        "Gross Profit": NaN,
        "Cost Of Revenue": NaN,
        "Total Revenue": NaN,
        "Operating Revenue": NaN
    },
    "2022-06-30": {
        "Tax Effect Of Unusual Items": 0.0,
        "Tax Rate For Calcs": 0.239,
        "Normalized EBITDA": 818000000.0,
        "Net Income From Continuing Operation Net Minority Interest": 473000000.0,
        "Reconciled Depreciation": 157000000.0,
        "Reconciled Cost Of Revenue": 2688000000.0,
        "EBITDA": 818000000.0,
        "EBIT": 661000000.0,
        "Net Interest Income": -22000000.0,
        "Interest Expense": 22000000.0,
        "Interest Income": NaN,
        "Normalized Income": 473000000.0,
        "Net Income From Continuing And Discontinued Operation": 485000000.0,
        "Total Expenses": 3853000000.0,
        "Total Operating Income As Reported": 631000000.0,
        "Diluted Average Shares": 454710004.0,
        "Basic Average Shares": 454710004.0,
        "Diluted EPS": 1.066614,
        "Basic EPS": 1.066614,
        "Diluted NI Availto Com Stockholders": 485000000.0,
        "Net Income Common Stockholders": 485000000.0,
        "Preferred Stock Dividends": NaN,
        "Net Income": 485000000.0,
        "Minority Interests": -13000000.0,
        "Net Income Including Noncontrolling Interests": 498000000.0,
        "Net Income Discontinuous Operations": 12000000.0,
        "Net Income Continuous Operations": 486000000.0,
        "Tax Provision": 153000000.0,
        "Pretax Income": 639000000.0,
        "Other Income Expense": 30000000.0,
        "Other Non Operating Income Expenses": 24000000.0,
        "Earnings From Equity Interest": 6000000.0,
        "Net Non Operating Interest Income Expense": -22000000.0,
        "Interest Expense Non Operating": 22000000.0,
        "Interest Income Non Operating": NaN,
        "Operating Income": 631000000.0,
        "Operating Expense": 1165000000.0,
        "Research And Development": 257000000.0,
        "Selling General And Administration": 908000000.0,
        "Gross Profit": 1796000000.0,
        "Cost Of Revenue": 2688000000.0,
        "Total Revenue": 4484000000.0,
        "Operating Revenue": 4484000000.0
    },
    "2022-03-31": {
        "Diluted EPS": 0.86,
        "Total Revenue": NaN,
        "Gross Profit": NaN,
        "Operating Income": 509,
        "EBIT": 668,
        "Net Income": 389
    },
    "2021-12-31": {
        "Diluted EPS": 0.0,
        "Total Revenue": NaN,
        "Gross Profit": NaN,
        "Operating Income": NaN,
        "EBIT": NaN,
        "Net Income": NaN
    },
    "2021-09-30": {
        "Diluted EPS": 0.0,
        "Total Revenue": NaN,
        "Gross Profit": NaN,
        "Operating Income": NaN,
        "EBIT": NaN,
        "Net Income": NaN
    },
    "2020-12-31": {
        "Diluted EPS": 0.0,
        "Total Revenue": NaN,
        "Gross Profit": NaN,
        "Operating Income": NaN,
        "EBIT": NaN,
        "Net Income": NaN
    },
    "2019-12-31": {
        "Diluted EPS": 0.0,
        "Total Revenue": NaN,
        "Gross Profit": NaN,
        "Operating Income": NaN,
        "EBIT": NaN,
        "Net Income": NaN
    },
    "2023-09-30": {
        "Tax Effect Of Unusual Items": 0.0,
        "Tax Rate For Calcs": 0.393,
        "Normalized EBITDA": 927000000.0,
        "Net Income From Continuing Operation Net Minority Interest": 379000000.0,
        "Reconciled Depreciation": 153000000.0,
        "Reconciled Cost Of Revenue": 2887000000.0,
        "EBITDA": 927000000.0,
        "EBIT": 774000000.0,
        "Net Interest Income": -132000000.0,
        "Interest Expense": 138000000.0,
        "Interest Income": 6000000.0,
        "Normalized Income": 379000000.0,
        "Net Income From Continuing And Discontinued Operation": 375000000.0,
        "Total Expenses": 4205000000.0,
        "Total Operating Income As Reported": 617000000.0,
        "Diluted Average Shares": 458000000.0,
        "Basic Average Shares": 455000000.0,
        "Diluted EPS": 0.82,
        "Basic EPS": 0.82,
        "Diluted NI Availto Com Stockholders": 375000000.0,
        "Net Income Common Stockholders": 375000000.0,
        "Preferred Stock Dividends": NaN,
        "Net Income": 375000000.0,
        "Minority Interests": -7000000.0,
        "Net Income Including Noncontrolling Interests": 382000000.0,
        "Net Income Discontinuous Operations": -4000000.0,
        "Net Income Continuous Operations": 386000000.0,
        "Tax Provision": 250000000.0,
        "Pretax Income": 636000000.0,
        "Other Income Expense": 151000000.0,
        "Other Non Operating Income Expenses": 151000000.0,
        "Earnings From Equity Interest": 0.0,
        "Net Non Operating Interest Income Expense": -132000000.0,
        "Interest Expense Non Operating": 138000000.0,
        "Interest Income Non Operating": 6000000.0,
        "Operating Income": 617000000.0,
        "Operating Expense": 1318000000.0,
        "Research And Development": 322000000.0,
        "Selling General And Administration": 996000000.0,
        "Gross Profit": 1935000000.0,
        "Cost Of Revenue": 2887000000.0,
        "Total Revenue": 4822000000.0,
        "Operating Revenue": 4822000000.0
    },
    "2023-12-31": {
        "Tax Effect Of Unusual Items": 0.0,
        "Tax Rate For Calcs": 0.316913,
        "Normalized EBITDA": 884000000.0,
        "Net Income From Continuing Operation Net Minority Interest": 403000000.0,
        "Reconciled Depreciation": 144000000.0,
        "Reconciled Cost Of Revenue": 3050000000.0,
        "EBITDA": 884000000.0,
        "EBIT": 740000000.0,
        "Net Interest Income": -124000000.0,
        "Interest Expense": 131000000.0,
        "Interest Income": 7000000.0,
        "Normalized Income": 403000000.0,
        "Net Income From Continuing And Discontinued Operation": 403000000.0,
        "Total Expenses": 4517000000.0,
        "Total Operating Income As Reported": 689000000.0,
        "Diluted Average Shares": NaN,
        "Basic Average Shares": NaN,
        "Diluted EPS": NaN,
        "Basic EPS": NaN,
        "Diluted NI Availto Com Stockholders": 403000000.0,
        "Net Income Common Stockholders": 403000000.0,
        "Preferred Stock Dividends": 0.0,
        "Net Income": 403000000.0,
        "Minority Interests": -13000000.0,
        "Net Income Including Noncontrolling Interests": 416000000.0,
        "Net Income Discontinuous Operations": 0.0,
        "Net Income Continuous Operations": 416000000.0,
        "Tax Provision": 193000000.0,
        "Pretax Income": 609000000.0,
        "Other Income Expense": 44000000.0,
        "Other Non Operating Income Expenses": 42000000.0,
        "Earnings From Equity Interest": 2000000.0,
        "Net Non Operating Interest Income Expense": -124000000.0,
        "Interest Expense Non Operating": 131000000.0,
        "Interest Income Non Operating": 7000000.0,
        "Operating Income": 689000000.0,
        "Operating Expense": 1467000000.0,
        "Research And Development": 315000000.0,
        "Selling General And Administration": 1152000000.0,
        "Gross Profit": 2156000000.0,
        "Cost Of Revenue": 3050000000.0,
        "Total Revenue": 5206000000.0,
        "Operating Revenue": 5206000000.0
    },
    "2024-03-31": {
        "Tax Effect Of Unusual Items": 0.0,
        "Tax Rate For Calcs": 0.242,
        "Normalized EBITDA": 798000000.0,
        "Net Income From Continuing Operation Net Minority Interest": 374000000.0,
        "Reconciled Depreciation": 148000000.0,
        "Reconciled Cost Of Revenue": 2749000000.0,
        "EBITDA": 798000000.0,
        "EBIT": 650000000.0,
        "Net Interest Income": -138000000.0,
        "Interest Expense": 138000000.0,
        "Interest Income": NaN,
        "Normalized Income": 374000000.0,
        "Net Income From Continuing And Discontinued Operation": 374000000.0,
        "Total Expenses": 4111000000.0,
        "Total Operating Income As Reported": 540000000.0,
        "Diluted Average Shares": 459000000.0,
        "Basic Average Shares": 456000000.0,
        "Diluted EPS": 0.81,
        "Basic EPS": 0.82,
        "Diluted NI Availto Com Stockholders": 374000000.0,
        "Net Income Common Stockholders": 374000000.0,
        "Preferred Stock Dividends": NaN,
        "Net Income": 374000000.0,
        "Minority Interests": -14000000.0,
        "Net Income Including Noncontrolling Interests": 388000000.0,
        "Net Income Discontinuous Operations": NaN,
        "Net Income Continuous Operations": 388000000.0,
        "Tax Provision": 124000000.0,
        "Pretax Income": 512000000.0,
        "Other Income Expense": 109000000.0,
        "Other Non Operating Income Expenses": 108000000.0,
        "Earnings From Equity Interest": 1000000.0,
        "Net Non Operating Interest Income Expense": -138000000.0,
        "Interest Expense Non Operating": 138000000.0,
        "Interest Income Non Operating": NaN,
        "Operating Income": 540000000.0,
        "Operating Expense": 1362000000.0,
        "Research And Development": 324000000.0,
        "Selling General And Administration": 1038000000.0,
        "Gross Profit": 1902000000.0,
        "Cost Of Revenue": 2749000000.0,
        "Total Revenue": 4650000000.0,
        "Operating Revenue": 4650000000.0
    },
    "2024-06-30": {
        "Tax Effect Of Unusual Items": 0.0,
        "Tax Rate For Calcs": 0.247,
        "Normalized EBITDA": 858000000.0,
        "Net Income From Continuing Operation Net Minority Interest": 428000000.0,
        "Reconciled Depreciation": 149000000.0,
        "Reconciled Cost Of Revenue": 2837000000.0,
        "EBITDA": 858000000.0,
        "EBIT": 709000000.0,
        "Net Interest Income": -131000000.0,
        "Interest Expense": 131000000.0,
        "Interest Income": 0.0,
        "Normalized Income": 428000000.0,
        "Net Income From Continuing And Discontinued Operation": 428000000.0,
        "Total Expenses": 4231000000.0,
        "Total Operating Income As Reported": 608000000.0,
        "Diluted Average Shares": 459000000.0,
        "Basic Average Shares": 457000000.0,
        "Diluted EPS": 0.93,
        "Basic EPS": 0.94,
        "Diluted NI Availto Com Stockholders": 428000000.0,
        "Net Income Common Stockholders": 428000000.0,
        "Preferred Stock Dividends": NaN,
        "Net Income": 428000000.0,
        "Minority Interests": -7000000.0,
        "Net Income Including Noncontrolling Interests": 435000000.0,
        "Net Income Discontinuous Operations": NaN,
        "Net Income Continuous Operations": 435000000.0,
        "Tax Provision": 143000000.0,
        "Pretax Income": 578000000.0,
        "Other Income Expense": 101000000.0,
        "Other Non Operating Income Expenses": 99000000.0,
        "Earnings From Equity Interest": 2000000.0,
        "Net Non Operating Interest Income Expense": -131000000.0,
        "Interest Expense Non Operating": 131000000.0,
        "Interest Income Non Operating": 0.0,
        "Operating Income": 608000000.0,
        "Operating Expense": 1394000000.0,
        "Research And Development": 327000000.0,
        "Selling General And Administration": 1067000000.0,
        "Gross Profit": 2002000000.0,
        "Cost Of Revenue": 2837000000.0,
        "Total Revenue": 4839000000.0,
        "Operating Revenue": 4839000000.0
    },
    "2024-09-30": {
        "Tax Effect Of Unusual Items": 0.0,
        "Tax Rate For Calcs": 0.255,
        "Normalized EBITDA": 931000000.0,
        "Net Income From Continuing Operation Net Minority Interest": 471000000.0,
        "Reconciled Depreciation": 143000000.0,
        "Reconciled Cost Of Revenue": 2838000000.0,
        "EBITDA": 931000000.0,
        "EBIT": 788000000.0,
        "Net Interest Income": -125000000.0,
        "Interest Expense": 130000000.0,
        "Interest Income": 5000000.0,
        "Normalized Income": 471000000.0,
        "Net Income From Continuing And Discontinued Operation": 471000000.0,
        "Total Expenses": 4188000000.0,
        "Total Operating Income As Reported": 676000000.0,
        "Diluted Average Shares": 459000000.0,
        "Basic Average Shares": 457000000.0,
        "Diluted EPS": 1.02,
        "Basic EPS": 1.03,
        "Diluted NI Availto Com Stockholders": 470000000.0,
        "Net Income Common Stockholders": 470000000.0,
        "Preferred Stock Dividends": NaN,
        "Net Income": 471000000.0,
        "Minority Interests": -19000000.0,
        "Net Income Including Noncontrolling Interests": 490000000.0,
        "Net Income Discontinuous Operations": 0.0,
        "Net Income Continuous Operations": 490000000.0,
        "Tax Provision": 168000000.0,
        "Pretax Income": 658000000.0,
        "Other Income Expense": 106000000.0,
        "Other Non Operating Income Expenses": 104000000.0,
        "Earnings From Equity Interest": 2000000.0,
        "Net Non Operating Interest Income Expense": -125000000.0,
        "Interest Expense Non Operating": 130000000.0,
        "Interest Income Non Operating": 5000000.0,
        "Operating Income": 676000000.0,
        "Operating Expense": 1350000000.0,
        "Research And Development": 316000000.0,
        "Selling General And Administration": 1034000000.0,
        "Gross Profit": 2026000000.0,
        "Cost Of Revenue": 2838000000.0,
        "Total Revenue": 4863000000.0,
        "Operating Revenue": 4863000000.0
    }
}