{
    "2023-03-31": {
        "Tax Effect Of Unusual Items": 0.0,
        "Tax Rate For Calcs": 0.0,
        "Normalized EBITDA": -35949000.0,
        "Net Income From Continuing Operation Net Minority Interest": -38122000.0,
        "Reconciled Depreciation": 251000.0,
        "EBITDA": -35949000.0,
        "EBIT": -36200000.0,
        "Net Interest Income": 1931000.0,
        "Interest Expense": 1922000.0,
        "Interest Income": 3853000.0,
        "Normalized Income": -38122000.0,
        "Net Income From Continuing And Discontinued Operation": -38122000.0,
        "Total Expenses": 40113000.0,
        "Total Operating Income As Reported": -40092000.0,
        "Diluted Average Shares": 544459004.0,
        "Basic Average Shares": 544459004.0,
        "Diluted EPS": -0.07,
        "Basic EPS": -0.07,
        "Diluted NI Availto Com Stockholders": -38122000.0,
        "Net Income Common Stockholders": -38122000.0,
        "Net Income": -38122000.0,
        "Net Income Including Noncontrolling Interests": -38122000.0,
        "Net Income Continuous Operations": -38122000.0,
        "Pretax Income": -38122000.0,
        "Other Income Expense": 39000.0,
        "Other Non Operating Income Expenses": 39000.0,
        "Net Non Operating Interest Income Expense": 1931000.0,
        "Interest Expense Non Operating": 1922000.0,
        "Interest Income Non Operating": 3853000.0,
        "Operating Income": -40092000.0,
        "Operating Expense": 40113000.0,
        "Research And Development": 27219000.0,
        "Selling General And Administration": 12894000.0,
        "General And Administrative Expense": 12894000.0,
        "Other Gand A": 12894000.0,
        "Total Revenue": 21000.0,
        "Operating Revenue": 21000.0
    },
    "2022-12-31": {
        "Tax Effect Of Unusual Items": 0.0,
        "Tax Rate For Calcs": 0.0,
        "Normalized EBITDA": -40401000.0,
        "Net Income From Continuing Operation Net Minority Interest": -42635000.0,
        "Reconciled Depreciation": 229000.0,
        "EBITDA": -40401000.0,
        "EBIT": -40630000.0,
        "Net Interest Income": -770000.0,
        "Interest Expense": 2005000.0,
        "Interest Income": 1235000.0,
        "Normalized Income": -42635000.0,
        "Net Income From Continuing And Discontinued Operation": -42635000.0,
        "Total Expenses": 42054000.0,
        "Total Operating Income As Reported": -41951000.0,
        "Diluted Average Shares": 408143890.0,
        "Basic Average Shares": 408143890.0,
        "Diluted EPS": -0.1,
        "Basic EPS": -0.1,
        "Diluted NI Availto Com Stockholders": -42635000.0,
        "Net Income Common Stockholders": -42635000.0,
        "Net Income": -42635000.0,
        "Net Income Including Noncontrolling Interests": -42635000.0,
        "Net Income Continuous Operations": -42635000.0,
        "Pretax Income": -42635000.0,
        "Other Income Expense": 86000.0,
        "Other Non Operating Income Expenses": 86000.0,
        "Net Non Operating Interest Income Expense": -770000.0,
        "Interest Expense Non Operating": 2005000.0,
        "Interest Income Non Operating": 1235000.0,
        "Operating Income": -41951000.0,
        "Operating Expense": 42054000.0,
        "Research And Development": 28210000.0,
        "Selling General And Administration": 13844000.0,
        "General And Administrative Expense": 13844000.0,
        "Other Gand A": 13844000.0,
        "Total Revenue": 103000.0,
        "Operating Revenue": 103000.0
    },
    "2022-09-30": {
        "Tax Effect Of Unusual Items": 0.0,
        "Tax Rate For Calcs": 0.0,
        "Normalized EBITDA": -39234000.0,
        "Net Income From Continuing Operation Net Minority Interest": -41051000.0,
        "Reconciled Depreciation": 225000.0,
        "EBITDA": -39234000.0,
        "EBIT": -39234000.0,
        "Net Interest Income": -965000.0,
        "Interest Expense": 1817000.0,
        "Interest Income": 852000.0,
        "Normalized Income": -41051000.0,
        "Net Income From Continuing And Discontinued Operation": -41051000.0,
        "Total Expenses": 40245000.0,
        "Total Operating Income As Reported": -39948000.0,
        "Diluted Average Shares": 405237474.0,
        "Basic Average Shares": 405237474.0,
        "Diluted EPS": -0.1,
        "Basic EPS": -0.1,
        "Diluted NI Availto Com Stockholders": -41051000.0,
        "Net Income Common Stockholders": -41051000.0,
        "Net Income": -41051000.0,
        "Net Income Including Noncontrolling Interests": -41051000.0,
        "Net Income Continuous Operations": -41051000.0,
        "Pretax Income": -41051000.0,
        "Other Income Expense": -138000.0,
        "Other Non Operating Income Expenses": -138000.0,
        "Net Non Operating Interest Income Expense": -965000.0,
        "Interest Expense Non Operating": 1817000.0,
        "Interest Income Non Operating": 852000.0,
        "Operating Income": -39948000.0,
        "Operating Expense": 40245000.0,
        "Research And Development": 24603000.0,
        "Selling General And Administration": 15642000.0,
        "General And Administrative Expense": 15642000.0,
        "Other Gand A": 15642000.0,
        "Total Revenue": 297000.0,
        "Operating Revenue": 297000.0
    },
    "2022-06-30": {
        "Tax Effect Of Unusual Items": 0.0,
        "Tax Rate For Calcs": 0.0,
        "Normalized EBITDA": -26320000.0,
        "Net Income From Continuing Operation Net Minority Interest": -28117000.0,
        "Reconciled Depreciation": 216000.0,
        "EBITDA": -26320000.0,
        "EBIT": -26536000.0,
        "Net Interest Income": -1251000.0,
        "Interest Expense": 1581000.0,
        "Interest Income": 330000.0,
        "Normalized Income": -28117000.0,
        "Net Income From Continuing And Discontinued Operation": -28117000.0,
        "Total Expenses": 28049000.0,
        "Total Operating Income As Reported": -27976000.0,
        "Diluted Average Shares": 403868713.0,
        "Basic Average Shares": 403868713.0,
        "Diluted EPS": -0.07,
        "Basic EPS": -0.07,
        "Diluted NI Availto Com Stockholders": -28117000.0,
        "Net Income Common Stockholders": -28117000.0,
        "Net Income": -28117000.0,
        "Net Income Including Noncontrolling Interests": -28117000.0,
        "Net Income Continuous Operations": -28117000.0,
        "Pretax Income": -28117000.0,
        "Other Income Expense": 1110000.0,
        "Other Non Operating Income Expenses": 1110000.0,
        "Net Non Operating Interest Income Expense": -1251000.0,
        "Interest Expense Non Operating": 1581000.0,
        "Interest Income Non Operating": 330000.0,
        "Operating Income": -27976000.0,
        "Operating Expense": 28049000.0,
        "Research And Development": 20606000.0,
        "Selling General And Administration": 7443000.0,
        "General And Administrative Expense": 7443000.0,
        "Other Gand A": 7443000.0,
        "Total Revenue": 73000.0,
        "Operating Revenue": 73000.0
    },
    "2022-03-31": {
        "Diluted EPS": -0.09,
        "Total Revenue": 0,
        "Gross Profit": 0,
        "Operating Income": -29,
        "EBIT": -28,
        "Net Income": -30
    },
    "2021-12-31": {
        "Diluted EPS": -0.09,
        "Total Revenue": 1,
        "Gross Profit": 1,
        "Operating Income": -31,
        "EBIT": -30,
        "Net Income": -32
    },
    "2021-09-30": {
        "Diluted EPS": -0.08,
        "Total Revenue": 0,
        "Gross Profit": 0,
        "Operating Income": -26,
        "EBIT": -25,
        "Net Income": -27
    },
    "2021-06-30": {
        "Diluted EPS": -0.09,
        "Total Revenue": 0,
        "Gross Profit": 0,
        "Operating Income": -29,
        "EBIT": -28,
        "Net Income": -30
    },
    "2021-03-31": {
        "Diluted EPS": -0.09,
        "Total Revenue": 0,
        "Gross Profit": 0,
        "Operating Income": -28,
        "EBIT": -28,
        "Net Income": -28
    },
    "2020-12-31": {
        "Diluted EPS": -0.08,
        "Total Revenue": 0,
        "Gross Profit": 0,
        "Operating Income": -23,
        "EBIT": -22,
        "Net Income": -24
    },
    "2020-09-30": {
        "Diluted EPS": -0.06,
        "Total Revenue": 0,
        "Gross Profit": 0,
        "Operating Income": -20,
        "EBIT": -19,
        "Net Income": -20
    },
    "2020-06-30": {
        "Diluted EPS": -0.06,
        "Total Revenue": 0,
        "Gross Profit": 0,
        "Operating Income": -17,
        "EBIT": -16,
        "Net Income": -16
    },
    "2020-03-31": {
        "Diluted EPS": -0.08,
        "Total Revenue": 0,
        "Gross Profit": 0,
        "Operating Income": -17,
        "EBIT": -17,
        "Net Income": -16
    },
    "2019-12-31": {
        "Diluted EPS": -0.15,
        "Total Revenue": 0,
        "Gross Profit": 0,
        "Operating Income": -30,
        "EBIT": -30,
        "Net Income": -29
    },
    "2019-09-30": {
        "Diluted EPS": -0.08,
        "Total Revenue": 0,
        "Gross Profit": 0,
        "Operating Income": -16,
        "EBIT": -16,
        "Net Income": -15
    },
    "2019-06-30": {
        "Diluted EPS": -0.08,
        "Total Revenue": 0,
        "Gross Profit": 0,
        "Operating Income": -15,
        "EBIT": -15,
        "Net Income": -14
    },
    "2019-03-31": {
        "Diluted EPS": -0.05,
        "Total Revenue": 0,
        "Gross Profit": 0,
        "Operating Income": -11,
        "EBIT": -12,
        "Net Income": -10
    },
    "2018-12-31": {
        "Diluted EPS": -0.04,
        "Total Revenue": 0,
        "Gross Profit": 0,
        "Operating Income": -10,
        "EBIT": -10,
        "Net Income": -7
    },
    "2018-09-30": {
        "Diluted EPS": -0.03,
        "Total Revenue": 0,
        "Gross Profit": 0,
        "Operating Income": -7,
        "EBIT": -7,
        "Net Income": -6
    },
    "2018-06-30": {
        "Diluted EPS": -0.04,
        "Total Revenue": 0,
        "Gross Profit": 0,
        "Operating Income": -7,
        "EBIT": -7,
        "Net Income": -7
    },
    "2018-03-31": {
        "Diluted EPS": -0.04,
        "Total Revenue": 0,
        "Gross Profit": 0,
        "Operating Income": -7,
        "EBIT": -7,
        "Net Income": -7
    },
    "2017-12-31": {
        "Diluted EPS": -0.05,
        "Total Revenue": 0,
        "Gross Profit": 0,
        "Operating Income": -8,
        "EBIT": -8,
        "Net Income": -7
    },
    "2017-09-30": {
        "Diluted EPS": -0.04,
        "Total Revenue": 0,
        "Gross Profit": 0,
        "Operating Income": -7,
        "EBIT": -7,
        "Net Income": -7
    },
    "2017-06-30": {
        "Diluted EPS": -0.04,
        "Total Revenue": 0,
        "Gross Profit": 0,
        "Operating Income": -7,
        "EBIT": -7,
        "Net Income": -6
    },
    "2017-03-31": {
        "Diluted EPS": -0.05,
        "Total Revenue": 1,
        "Gross Profit": 1,
        "Operating Income": -7,
        "EBIT": -7,
        "Net Income": -7
    },
    "2016-12-31": {
        "Diluted EPS": -0.06,
        "Total Revenue": 0,
        "Gross Profit": 0,
        "Operating Income": -9,
        "EBIT": -9,
        "Net Income": -8
    },
    "2016-09-30": {
        "Diluted EPS": -0.02,
        "Total Revenue": 5,
        "Gross Profit": 5,
        "Operating Income": -4,
        "EBIT": -4,
        "Net Income": -4
    },
    "2016-06-30": {
        "Diluted EPS": -0.05,
        "Total Revenue": 0,
        "Gross Profit": 0,
        "Operating Income": -9,
        "EBIT": -9,
        "Net Income": -9
    },
    "2016-03-31": {
        "Diluted EPS": -0.06,
        "Total Revenue": 1,
        "Gross Profit": 1,
        "Operating Income": -9,
        "EBIT": -9,
        "Net Income": -9
    },
    "2015-12-31": {
        "Diluted EPS": -0.05,
        "Total Revenue": 0,
        "Gross Profit": 0,
        "Operating Income": -9,
        "EBIT": -8,
        "Net Income": -8
    },
    "2015-09-30": {
        "Diluted EPS": 0.17,
        "Total Revenue": 35,
        "Gross Profit": 35,
        "Operating Income": 27,
        "EBIT": 28,
        "Net Income": 27
    },
    "2015-06-30": {
        "Diluted EPS": -0.06,
        "Total Revenue": 0,
        "Gross Profit": 0,
        "Operating Income": -9,
        "EBIT": -9,
        "Net Income": -9
    },
    "2015-03-31": {
        "Diluted EPS": -0.06,
        "Total Revenue": 1,
        "Gross Profit": 1,
        "Operating Income": -9,
        "EBIT": -9,
        "Net Income": -9
    },
    "2014-12-31": {
        "Diluted EPS": -0.05,
        "Total Revenue": 0,
        "Gross Profit": 0,
        "Operating Income": -9,
        "EBIT": -8,
        "Net Income": -9
    },
    "2014-09-30": {
        "Diluted EPS": -0.06,
        "Total Revenue": 0,
        "Gross Profit": 0,
        "Operating Income": -10,
        "EBIT": -9,
        "Net Income": -10
    },
    "2014-06-30": {
        "Diluted EPS": -0.06,
        "Total Revenue": 0,
        "Gross Profit": 0,
        "Operating Income": -9,
        "EBIT": -8,
        "Net Income": -9
    },
    "2014-03-31": {
        "Diluted EPS": -0.06,
        "Total Revenue": 0,
        "Gross Profit": 0,
        "Operating Income": -9,
        "EBIT": -8,
        "Net Income": -8
    },
    "2013-12-31": {
        "Diluted EPS": -0.08,
        "Total Revenue": 0,
        "Gross Profit": 0,
        "Operating Income": -9,
        "EBIT": -9,
        "Net Income": -9
    },
    "2013-09-30": {
        "Diluted EPS": -0.06,
        "Total Revenue": 0,
        "Gross Profit": 0,
        "Operating Income": -9,
        "EBIT": -8,
        "Net Income": -8
    },
    "2013-06-30": {
        "Diluted EPS": -0.07,
        "Total Revenue": 0,
        "Gross Profit": 0,
        "Operating Income": -9,
        "EBIT": -8,
        "Net Income": -9
    },
    "2013-03-31": {
        "Diluted EPS": -0.09,
        "Total Revenue": 1,
        "Gross Profit": 1,
        "Operating Income": -12,
        "EBIT": -11,
        "Net Income": -12
    },
    "2012-12-31": {
        "Diluted EPS": -0.12,
        "Total Revenue": 1,
        "Gross Profit": 1,
        "Operating Income": -18,
        "EBIT": -18,
        "Net Income": -16
    },
    "2012-09-30": {
        "Diluted EPS": -0.13,
        "Total Revenue": 1,
        "Gross Profit": 1,
        "Operating Income": -16,
        "EBIT": -15,
        "Net Income": -16
    },
    "2012-06-30": {
        "Diluted EPS": -0.14,
        "Total Revenue": 0,
        "Gross Profit": 0,
        "Operating Income": -18,
        "EBIT": -18,
        "Net Income": -18
    },
    "2012-03-31": {
        "Diluted EPS": -0.15,
        "Total Revenue": 1,
        "Gross Profit": 1,
        "Operating Income": -19,
        "EBIT": -18,
        "Net Income": -19
    },
    "2011-12-31": {
        "Diluted EPS": -0.25,
        "Total Revenue": 0,
        "Gross Profit": 0,
        "Operating Income": -30,
        "EBIT": -29,
        "Net Income": -32
    },
    "2011-09-30": {
        "Diluted EPS": -0.16,
        "Total Revenue": 0,
        "Gross Profit": 0,
        "Operating Income": -20,
        "EBIT": -18,
        "Net Income": -20
    },
    "2011-06-30": {
        "Diluted EPS": -0.17,
        "Total Revenue": 0,
        "Gross Profit": 0,
        "Operating Income": -21,
        "EBIT": -20,
        "Net Income": -21
    },
    "2011-03-31": {
        "Diluted EPS": -0.2,
        "Total Revenue": 2,
        "Gross Profit": 2,
        "Operating Income": -24,
        "EBIT": -22,
        "Net Income": -24
    },
    "2010-12-31": {
        "Diluted EPS": -0.59,
        "Total Revenue": 1,
        "Gross Profit": 1,
        "Operating Income": -60,
        "EBIT": -58,
        "Net Income": -59
    },
    "2010-09-30": {
        "Diluted EPS": -0.19,
        "Total Revenue": 1,
        "Gross Profit": 1,
        "Operating Income": -18,
        "EBIT": -17,
        "Net Income": -18
    },
    "2010-06-30": {
        "Diluted EPS": -0.18,
        "Total Revenue": 1,
        "Gross Profit": 1,
        "Operating Income": -17,
        "EBIT": -15,
        "Net Income": -17
    },
    "2010-03-31": {
        "Diluted EPS": -0.18,
        "Total Revenue": 1,
        "Gross Profit": 1,
        "Operating Income": -16,
        "EBIT": -15,
        "Net Income": -17
    },
    "2009-12-31": {
        "Diluted EPS": -0.2,
        "Total Revenue": 1,
        "Gross Profit": 1,
        "Operating Income": -18,
        "EBIT": -17,
        "Net Income": -18
    },
    "2009-09-30": {
        "Diluted EPS": -0.17,
        "Total Revenue": 0,
        "Gross Profit": 0,
        "Operating Income": -16,
        "EBIT": -16,
        "Net Income": -15
    },
    "2009-06-30": {
        "Diluted EPS": -0.23,
        "Total Revenue": 0,
        "Gross Profit": 0,
        "Operating Income": -19,
        "EBIT": -18,
        "Net Income": -20
    },
    "2009-03-31": {
        "Diluted EPS": -0.2,
        "Total Revenue": 0,
        "Gross Profit": 0,
        "Operating Income": -17,
        "EBIT": -16,
        "Net Income": -17
    },
    "2023-06-30": {
        "Tax Effect Of Unusual Items": 0.0,
        "Tax Rate For Calcs": 0.0,
        "Normalized EBITDA": -46949000.0,
        "Net Income From Continuing Operation Net Minority Interest": -49227000.0,
        "Reconciled Depreciation": 275000.0,
        "EBITDA": -46949000.0,
        "EBIT": -47224000.0,
        "Net Interest Income": 2735000.0,
        "Interest Expense": 2003000.0,
        "Interest Income": 4738000.0,
        "Normalized Income": -49227000.0,
        "Net Income From Continuing And Discontinued Operation": -49227000.0,
        "Total Expenses": 51980000.0,
        "Total Operating Income As Reported": -51951000.0,
        "Diluted Average Shares": 547280946.0,
        "Basic Average Shares": 547280946.0,
        "Diluted EPS": -0.09,
        "Basic EPS": -0.09,
        "Diluted NI Availto Com Stockholders": -49227000.0,
        "Net Income Common Stockholders": -49227000.0,
        "Net Income": -49227000.0,
        "Net Income Including Noncontrolling Interests": -49227000.0,
        "Net Income Continuous Operations": -49227000.0,
        "Pretax Income": -49227000.0,
        "Other Income Expense": -11000.0,
        "Other Non Operating Income Expenses": -11000.0,
        "Net Non Operating Interest Income Expense": 2735000.0,
        "Interest Expense Non Operating": 2003000.0,
        "Interest Income Non Operating": 4738000.0,
        "Operating Income": -51951000.0,
        "Operating Expense": 51980000.0,
        "Research And Development": 35490000.0,
        "Selling General And Administration": 16490000.0,
        "General And Administrative Expense": 16490000.0,
        "Other Gand A": 16490000.0,
        "Total Revenue": 29000.0,
        "Operating Revenue": 29000.0
    },
    "2023-09-30": {
        "Tax Effect Of Unusual Items": 0.0,
        "Tax Rate For Calcs": 0.0,
        "Normalized EBITDA": -42473000.0,
        "Net Income From Continuing Operation Net Minority Interest": -44805000.0,
        "Reconciled Depreciation": 266000.0,
        "EBITDA": -42473000.0,
        "EBIT": -42739000.0,
        "Net Interest Income": 2899000.0,
        "Interest Expense": 2066000.0,
        "Interest Income": 4965000.0,
        "Normalized Income": -44805000.0,
        "Net Income From Continuing And Discontinued Operation": -44805000.0,
        "Total Expenses": 47776000.0,
        "Total Operating Income As Reported": -47612000.0,
        "Diluted Average Shares": 579508305.0,
        "Basic Average Shares": 579508305.0,
        "Diluted EPS": -0.08,
        "Basic EPS": -0.08,
        "Diluted NI Availto Com Stockholders": -44805000.0,
        "Net Income Common Stockholders": -44805000.0,
        "Net Income": -44805000.0,
        "Net Income Including Noncontrolling Interests": -44805000.0,
        "Net Income Continuous Operations": -44805000.0,
        "Pretax Income": -44805000.0,
        "Other Income Expense": -92000.0,
        "Other Non Operating Income Expenses": -92000.0,
        "Net Non Operating Interest Income Expense": 2899000.0,
        "Interest Expense Non Operating": 2066000.0,
        "Interest Income Non Operating": 4965000.0,
        "Operating Income": -47612000.0,
        "Operating Expense": 47776000.0,
        "Research And Development": 29426000.0,
        "Selling General And Administration": 18350000.0,
        "General And Administrative Expense": 18350000.0,
        "Other Gand A": 18350000.0,
        "Total Revenue": 164000.0,
        "Operating Revenue": 164000.0
    },
    "2023-12-31": {
        "Tax Effect Of Unusual Items": 0.0,
        "Tax Rate For Calcs": 0.0,
        "Normalized EBITDA": -49411000.0,
        "Net Income From Continuing Operation Net Minority Interest": -51973000.0,
        "Reconciled Depreciation": 241000.0,
        "EBITDA": -49411000.0,
        "EBIT": -49652000.0,
        "Net Interest Income": 2275000.0,
        "Interest Expense": 2321000.0,
        "Interest Income": 4596000.0,
        "Normalized Income": -51973000.0,
        "Net Income From Continuing And Discontinued Operation": -51973000.0,
        "Total Expenses": 54312000.0,
        "Total Operating Income As Reported": -54289000.0,
        "Diluted Average Shares": 594977503.0,
        "Basic Average Shares": 594977503.0,
        "Diluted EPS": -0.09,
        "Basic EPS": -0.09,
        "Diluted NI Availto Com Stockholders": -51973000.0,
        "Net Income Common Stockholders": -51973000.0,
        "Net Income": -51973000.0,
        "Net Income Including Noncontrolling Interests": -51973000.0,
        "Net Income Continuous Operations": -51973000.0,
        "Pretax Income": -51973000.0,
        "Other Income Expense": 41000.0,
        "Other Non Operating Income Expenses": 41000.0,
        "Net Non Operating Interest Income Expense": 2275000.0,
        "Interest Expense Non Operating": 2321000.0,
        "Interest Income Non Operating": 4596000.0,
        "Operating Income": -54289000.0,
        "Operating Expense": 54312000.0,
        "Research And Development": 32911000.0,
        "Selling General And Administration": 21401000.0,
        "General And Administrative Expense": 21401000.0,
        "Other Gand A": 21401000.0,
        "Total Revenue": 23000.0,
        "Operating Revenue": 23000.0
    },
    "2024-03-31": {
        "Tax Effect Of Unusual Items": 0.0,
        "Tax Rate For Calcs": 0.0,
        "Normalized EBITDA": -51682000.0,
        "Net Income From Continuing Operation Net Minority Interest": -55390000.0,
        "Reconciled Depreciation": 275000.0,
        "EBITDA": -51682000.0,
        "EBIT": -51957000.0,
        "Net Interest Income": 806000.0,
        "Interest Expense": 3433000.0,
        "Interest Income": 4239000.0,
        "Normalized Income": -55390000.0,
        "Net Income From Continuing And Discontinued Operation": -55390000.0,
        "Total Expenses": 56438000.0,
        "Total Operating Income As Reported": -56134000.0,
        "Diluted Average Shares": 603493451.0,
        "Basic Average Shares": 603493451.0,
        "Diluted EPS": -0.09,
        "Basic EPS": -0.09,
        "Diluted NI Availto Com Stockholders": -55390000.0,
        "Net Income Common Stockholders": -55390000.0,
        "Net Income": -55390000.0,
        "Net Income Including Noncontrolling Interests": -55390000.0,
        "Net Income Continuous Operations": -55390000.0,
        "Pretax Income": -55390000.0,
        "Other Income Expense": -62000.0,
        "Other Non Operating Income Expenses": -62000.0,
        "Net Non Operating Interest Income Expense": 806000.0,
        "Interest Expense Non Operating": 3433000.0,
        "Interest Income Non Operating": 4239000.0,
        "Operating Income": -56134000.0,
        "Operating Expense": 56438000.0,
        "Research And Development": 29373000.0,
        "Selling General And Administration": 27065000.0,
        "General And Administrative Expense": 27065000.0,
        "Other Gand A": 27065000.0,
        "Total Revenue": 304000.0,
        "Operating Revenue": 304000.0
    }
}