{
    "2023-04-30": {
        "Tax Effect Of Unusual Items": NaN,
        "Tax Rate For Calcs": NaN,
        "Normalized EBITDA": NaN,
        "Total Unusual Items": NaN,
        "Total Unusual Items Excluding Goodwill": NaN,
        "Net Income From Continuing Operation Net Minority Interest": NaN,
        "Reconciled Depreciation": NaN,
        "Reconciled Cost Of Revenue": NaN,
        "EBITDA": NaN,
        "EBIT": NaN,
        "Net Interest Income": NaN,
        "Interest Expense": NaN,
        "Interest Income": NaN,
        "Normalized Income": NaN,
        "Net Income From Continuing And Discontinued Operation": NaN,
        "Total Expenses": NaN,
        "Total Operating Income As Reported": NaN,
        "Diluted Average Shares": NaN,
        "Basic Average Shares": NaN,
        "Diluted EPS": NaN,
        "Basic EPS": NaN,
        "Diluted NI Availto Com Stockholders": NaN,
        "Average Dilution Earnings": NaN,
        "Net Income Common Stockholders": NaN,
        "Otherunder Preferred Stock Dividend": NaN,
        "Net Income": NaN,
        "Minority Interests": NaN,
        "Net Income Including Noncontrolling Interests": NaN,
        "Net Income Continuous Operations": NaN,
        "Tax Provision": NaN,
        "Pretax Income": NaN,
        "Other Income Expense": NaN,
        "Other Non Operating Income Expenses": NaN,
        "Special Income Charges": NaN,
        "Gain On Sale Of Ppe": NaN,
        "Other Special Charges": 7696000.0,
        "Impairment Of Capital Assets": NaN,
        "Earnings From Equity Interest": NaN,
        "Net Non Operating Interest Income Expense": NaN,
        "Interest Expense Non Operating": NaN,
        "Interest Income Non Operating": NaN,
        "Operating Income": NaN,
        "Operating Expense": NaN,
        "Selling General And Administration": NaN,
        "Gross Profit": NaN,
        "Cost Of Revenue": NaN,
        "Total Revenue": NaN,
        "Operating Revenue": NaN
    },
    "2023-01-31": {
        "Tax Effect Of Unusual Items": -218587.54841,
        "Tax Rate For Calcs": 0.036762,
        "Normalized EBITDA": 127624000.0,
        "Total Unusual Items": -5946000.0,
        "Total Unusual Items Excluding Goodwill": -5946000.0,
        "Net Income From Continuing Operation Net Minority Interest": 95843000.0,
        "Reconciled Depreciation": 15977000.0,
        "Reconciled Cost Of Revenue": 456058000.0,
        "EBITDA": 121678000.0,
        "EBIT": 105701000.0,
        "Net Interest Income": -2193000.0,
        "Interest Expense": 3449000.0,
        "Interest Income": 1256000.0,
        "Normalized Income": 101570412.45159,
        "Net Income From Continuing And Discontinued Operation": 95843000.0,
        "Total Expenses": 710554000.0,
        "Total Operating Income As Reported": 103551000.0,
        "Diluted Average Shares": 67887000.0,
        "Basic Average Shares": 54036000.0,
        "Diluted EPS": 1.42,
        "Basic EPS": 1.75,
        "Diluted NI Availto Com Stockholders": 96885000.0,
        "Average Dilution Earnings": 1936000.0,
        "Net Income Common Stockholders": 94949000.0,
        "Otherunder Preferred Stock Dividend": 894000.0,
        "Net Income": 95843000.0,
        "Minority Interests": -2650000.0,
        "Net Income Including Noncontrolling Interests": 98493000.0,
        "Net Income Continuous Operations": 98493000.0,
        "Tax Provision": 3759000.0,
        "Pretax Income": 102252000.0,
        "Other Income Expense": -2785000.0,
        "Other Non Operating Income Expenses": 3161000.0,
        "Special Income Charges": -5946000.0,
        "Other Special Charges": NaN,
        "Impairment Of Capital Assets": 4292000.0,
        "Net Non Operating Interest Income Expense": -2193000.0,
        "Interest Expense Non Operating": 3449000.0,
        "Interest Income Non Operating": 1256000.0,
        "Operating Income": 107230000.0,
        "Operating Expense": 254496000.0,
        "Selling General And Administration": 254496000.0,
        "Gross Profit": 361726000.0,
        "Cost Of Revenue": 456058000.0,
        "Total Revenue": 817784000.0,
        "Operating Revenue": 817784000.0
    },
    "2022-10-31": {
        "Tax Effect Of Unusual Items": NaN,
        "Tax Rate For Calcs": NaN,
        "Normalized EBITDA": NaN,
        "Total Unusual Items": NaN,
        "Total Unusual Items Excluding Goodwill": NaN,
        "Net Income From Continuing Operation Net Minority Interest": NaN,
        "Reconciled Depreciation": NaN,
        "Reconciled Cost Of Revenue": NaN,
        "EBITDA": NaN,
        "EBIT": NaN,
        "Net Interest Income": NaN,
        "Interest Expense": NaN,
        "Interest Income": NaN,
        "Normalized Income": NaN,
        "Net Income From Continuing And Discontinued Operation": NaN,
        "Total Expenses": NaN,
        "Total Operating Income As Reported": NaN,
        "Diluted Average Shares": NaN,
        "Basic Average Shares": NaN,
        "Diluted EPS": NaN,
        "Basic EPS": NaN,
        "Diluted NI Availto Com Stockholders": NaN,
        "Average Dilution Earnings": NaN,
        "Net Income Common Stockholders": NaN,
        "Otherunder Preferred Stock Dividend": NaN,
        "Net Income": NaN,
        "Minority Interests": NaN,
        "Net Income Including Noncontrolling Interests": NaN,
        "Net Income Continuous Operations": NaN,
        "Tax Provision": NaN,
        "Pretax Income": NaN,
        "Other Income Expense": NaN,
        "Other Non Operating Income Expenses": NaN,
        "Special Income Charges": NaN,
        "Other Special Charges": -146000.0,
        "Impairment Of Capital Assets": NaN,
        "Net Non Operating Interest Income Expense": NaN,
        "Interest Expense Non Operating": NaN,
        "Interest Income Non Operating": NaN,
        "Operating Income": NaN,
        "Operating Expense": NaN,
        "Selling General And Administration": NaN,
        "Gross Profit": NaN,
        "Cost Of Revenue": NaN,
        "Total Revenue": NaN,
        "Operating Revenue": NaN
    },
    "2022-07-31": {
        "Tax Effect Of Unusual Items": -654379.0,
        "Tax Rate For Calcs": 0.341,
        "Normalized EBITDA": 46731000.0,
        "Total Unusual Items": -1919000.0,
        "Total Unusual Items Excluding Goodwill": -1919000.0,
        "Net Income From Continuing Operation Net Minority Interest": 23962000.0,
        "Reconciled Depreciation": 15229000.0,
        "Reconciled Cost Of Revenue": 372189000.0,
        "EBITDA": 44812000.0,
        "EBIT": 44812000.0,
        "Net Interest Income": -2776000.0,
        "Interest Expense": 3195000.0,
        "Interest Income": 419000.0,
        "Normalized Income": 25226621.0,
        "Net Income From Continuing And Discontinued Operation": 23962000.0,
        "Total Expenses": 588232000.0,
        "Total Operating Income As Reported": 53446000.0,
        "Diluted Average Shares": 70299000.0,
        "Basic Average Shares": 56954000.0,
        "Diluted EPS": 0.35,
        "Basic EPS": 0.42,
        "Diluted NI Availto Com Stockholders": 23962000.0,
        "Average Dilution Earnings": 988000.0,
        "Net Income Common Stockholders": 23962000.0,
        "Otherunder Preferred Stock Dividend": 264000.0,
        "Net Income": 23962000.0,
        "Minority Interests": -3478000.0,
        "Net Income Including Noncontrolling Interests": 27440000.0,
        "Net Income Continuous Operations": 27440000.0,
        "Tax Provision": 14177000.0,
        "Pretax Income": 41617000.0,
        "Other Income Expense": -10065000.0,
        "Other Non Operating Income Expenses": -8146000.0,
        "Special Income Charges": -1919000.0,
        "Other Special Charges": NaN,
        "Write Off": 1919000.0,
        "Impairment Of Capital Assets": 1919000.0,
        "Net Non Operating Interest Income Expense": -2776000.0,
        "Interest Expense Non Operating": 3195000.0,
        "Interest Income Non Operating": 419000.0,
        "Operating Income": 54458000.0,
        "Operating Expense": 216043000.0,
        "Selling General And Administration": 216043000.0,
        "Gross Profit": 270501000.0,
        "Cost Of Revenue": 372189000.0,
        "Total Revenue": 642690000.0,
        "Operating Revenue": 642690000.0
    },
    "2023-07-31": {
        "Tax Effect Of Unusual Items": -694830.0,
        "Tax Rate For Calcs": 0.265,
        "Normalized EBITDA": 80875000.0,
        "Total Unusual Items": -2622000.0,
        "Total Unusual Items Excluding Goodwill": -2622000.0,
        "Net Income From Continuing Operation Net Minority Interest": 39033000.0,
        "Reconciled Depreciation": 15384000.0,
        "Reconciled Cost Of Revenue": 370069000.0,
        "EBITDA": 78253000.0,
        "EBIT": 62869000.0,
        "Net Interest Income": -2881000.0,
        "Interest Expense": 5742000.0,
        "Interest Income": 2861000.0,
        "Normalized Income": 40960170.0,
        "Net Income From Continuing And Discontinued Operation": 39033000.0,
        "Total Expenses": 599721000.0,
        "Total Operating Income As Reported": 64600000.0,
        "Diluted Average Shares": 69869000.0,
        "Basic Average Shares": 52951000.0,
        "Diluted EPS": 0.59,
        "Basic EPS": 0.73,
        "Diluted NI Availto Com Stockholders": 41274000.0,
        "Average Dilution Earnings": 2743000.0,
        "Net Income Common Stockholders": 38531000.0,
        "Otherunder Preferred Stock Dividend": 502000.0,
        "Net Income": 39033000.0,
        "Minority Interests": -2929000.0,
        "Net Income Including Noncontrolling Interests": 41962000.0,
        "Net Income Continuous Operations": 41962000.0,
        "Tax Provision": 15165000.0,
        "Pretax Income": 57127000.0,
        "Other Income Expense": -4783000.0,
        "Other Non Operating Income Expenses": -2161000.0,
        "Special Income Charges": -2622000.0,
        "Gain On Sale Of Ppe": 0.0,
        "Other Special Charges": NaN,
        "Impairment Of Capital Assets": 2622000.0,
        "Earnings From Equity Interest": 0.0,
        "Net Non Operating Interest Income Expense": -2881000.0,
        "Interest Expense Non Operating": 5742000.0,
        "Interest Income Non Operating": 2861000.0,
        "Operating Income": 64791000.0,
        "Operating Expense": 229652000.0,
        "Selling General And Administration": 229652000.0,
        "Gross Profit": 294443000.0,
        "Cost Of Revenue": 370069000.0,
        "Total Revenue": 664512000.0,
        "Operating Revenue": 664512000.0
    },
    "2023-10-31": {
        "Tax Effect Of Unusual Items": -477540.0,
        "Tax Rate For Calcs": 0.21,
        "Normalized EBITDA": 64450000.0,
        "Total Unusual Items": -2274000.0,
        "Total Unusual Items Excluding Goodwill": -2274000.0,
        "Net Income From Continuing Operation Net Minority Interest": 55701000.0,
        "Reconciled Depreciation": 15226000.0,
        "Reconciled Cost Of Revenue": 360000000.0,
        "EBITDA": 62176000.0,
        "EBIT": 46950000.0,
        "Net Interest Income": -2742000.0,
        "Interest Expense": 5923000.0,
        "Interest Income": 3181000.0,
        "Normalized Income": 57497460.0,
        "Net Income From Continuing And Discontinued Operation": 55701000.0,
        "Total Expenses": 594123000.0,
        "Total Operating Income As Reported": 54773000.0,
        "Diluted Average Shares": 70331000.0,
        "Basic Average Shares": 53052000.0,
        "Diluted EPS": 0.82,
        "Basic EPS": 1.04,
        "Diluted NI Availto Com Stockholders": 57808000.0,
        "Average Dilution Earnings": 2779000.0,
        "Net Income Common Stockholders": 55029000.0,
        "Otherunder Preferred Stock Dividend": 672000.0,
        "Net Income": 55701000.0,
        "Minority Interests": -3603000.0,
        "Net Income Including Noncontrolling Interests": 59304000.0,
        "Net Income Continuous Operations": 59304000.0,
        "Tax Provision": -18277000.0,
        "Pretax Income": 41027000.0,
        "Other Income Expense": -13278000.0,
        "Other Non Operating Income Expenses": -11004000.0,
        "Special Income Charges": -2274000.0,
        "Gain On Sale Of Ppe": NaN,
        "Other Special Charges": 537000.0,
        "Impairment Of Capital Assets": 1737000.0,
        "Earnings From Equity Interest": NaN,
        "Net Non Operating Interest Income Expense": -2742000.0,
        "Interest Expense Non Operating": 5923000.0,
        "Interest Income Non Operating": 3181000.0,
        "Operating Income": 57047000.0,
        "Operating Expense": 234123000.0,
        "Selling General And Administration": 234123000.0,
        "Gross Profit": 291170000.0,
        "Cost Of Revenue": 360000000.0,
        "Total Revenue": 651170000.0,
        "Operating Revenue": 651170000.0
    },
    "2024-01-31": {
        "Tax Effect Of Unusual Items": -1118039.315458,
        "Tax Rate For Calcs": 0.203985,
        "Normalized EBITDA": 177637000.0,
        "Total Unusual Items": -5481000.0,
        "Total Unusual Items Excluding Goodwill": -5481000.0,
        "Net Income From Continuing Operation Net Minority Interest": 115270000.0,
        "Reconciled Depreciation": 15290000.0,
        "Reconciled Cost Of Revenue": 486068000.0,
        "EBITDA": 172156000.0,
        "EBIT": 156866000.0,
        "Net Interest Income": -2390000.0,
        "Interest Expense": 5933000.0,
        "Interest Income": 3543000.0,
        "Normalized Income": 119632960.684542,
        "Net Income From Continuing And Discontinued Operation": 115270000.0,
        "Total Expenses": 745398000.0,
        "Total Operating Income As Reported": 144826000.0,
        "Diluted Average Shares": 68600000.0,
        "Basic Average Shares": 52990000.0,
        "Diluted EPS": 1.71,
        "Basic EPS": 2.15,
        "Diluted NI Availto Com Stockholders": 126832000.0,
        "Average Dilution Earnings": 12865000.0,
        "Net Income Common Stockholders": 113967000.0,
        "Otherunder Preferred Stock Dividend": 1303000.0,
        "Net Income": 115270000.0,
        "Minority Interests": -4875000.0,
        "Net Income Including Noncontrolling Interests": 120145000.0,
        "Net Income Continuous Operations": 120145000.0,
        "Tax Provision": 30788000.0,
        "Pretax Income": 150933000.0,
        "Other Income Expense": 7671000.0,
        "Other Non Operating Income Expenses": 13152000.0,
        "Special Income Charges": -5481000.0,
        "Gain On Sale Of Ppe": NaN,
        "Other Special Charges": 4887000.0,
        "Impairment Of Capital Assets": 594000.0,
        "Earnings From Equity Interest": NaN,
        "Net Non Operating Interest Income Expense": -2390000.0,
        "Interest Expense Non Operating": 5933000.0,
        "Interest Income Non Operating": 3543000.0,
        "Operating Income": 145652000.0,
        "Operating Expense": 259330000.0,
        "Selling General And Administration": 259330000.0,
        "Gross Profit": 404982000.0,
        "Cost Of Revenue": 486068000.0,
        "Total Revenue": 891050000.0,
        "Operating Revenue": 891050000.0
    },
    "2024-04-30": {
        "Tax Effect Of Unusual Items": -649530.0,
        "Tax Rate For Calcs": 0.21,
        "Normalized EBITDA": 37047000.0,
        "Total Unusual Items": -3093000.0,
        "Total Unusual Items Excluding Goodwill": -3093000.0,
        "Net Income From Continuing Operation Net Minority Interest": 13022000.0,
        "Reconciled Depreciation": 16379000.0,
        "Reconciled Cost Of Revenue": 343842000.0,
        "EBITDA": 33954000.0,
        "EBIT": 17575000.0,
        "Net Interest Income": -2726000.0,
        "Interest Expense": 6374000.0,
        "Interest Income": 3648000.0,
        "Normalized Income": 15465470.0,
        "Net Income From Continuing And Discontinued Operation": 13022000.0,
        "Total Expenses": 610690000.0,
        "Total Operating Income As Reported": -19888000.0,
        "Diluted Average Shares": 55538000.0,
        "Basic Average Shares": 52908000.0,
        "Diluted EPS": 0.23,
        "Basic EPS": 0.24,
        "Diluted NI Availto Com Stockholders": 12826000.0,
        "Average Dilution Earnings": 122000.0,
        "Net Income Common Stockholders": 12704000.0,
        "Otherunder Preferred Stock Dividend": 318000.0,
        "Net Income": 13022000.0,
        "Minority Interests": -2884000.0,
        "Net Income Including Noncontrolling Interests": 15906000.0,
        "Net Income Continuous Operations": 15906000.0,
        "Tax Provision": -4705000.0,
        "Pretax Income": 11201000.0,
        "Other Income Expense": 32674000.0,
        "Other Non Operating Income Expenses": 35767000.0,
        "Special Income Charges": -3093000.0,
        "Gain On Sale Of Ppe": NaN,
        "Other Special Charges": 1952000.0,
        "Impairment Of Capital Assets": 1141000.0,
        "Earnings From Equity Interest": NaN,
        "Net Non Operating Interest Income Expense": -2726000.0,
        "Interest Expense Non Operating": 6374000.0,
        "Interest Income Non Operating": 3648000.0,
        "Operating Income": -18747000.0,
        "Operating Expense": 266848000.0,
        "Selling General And Administration": 266848000.0,
        "Gross Profit": 248101000.0,
        "Cost Of Revenue": 343842000.0,
        "Total Revenue": 591943000.0,
        "Operating Revenue": 591943000.0
    },
    "2024-07-31": {
        "Tax Effect Of Unusual Items": 2415840.0,
        "Tax Rate For Calcs": 0.21,
        "Normalized EBITDA": 16558000.0,
        "Total Unusual Items": 11504000.0,
        "Total Unusual Items Excluding Goodwill": 11504000.0,
        "Net Income From Continuing Operation Net Minority Interest": -10603000.0,
        "Reconciled Depreciation": 17202000.0,
        "Reconciled Cost Of Revenue": 412617000.0,
        "EBITDA": 28062000.0,
        "EBIT": 10860000.0,
        "Net Interest Income": -4750000.0,
        "Interest Expense": 7707000.0,
        "Interest Income": 2957000.0,
        "Normalized Income": -19691160.0,
        "Net Income From Continuing And Discontinued Operation": -10603000.0,
        "Total Expenses": 695568000.0,
        "Total Operating Income As Reported": 47776000.0,
        "Diluted Average Shares": 67092000.0,
        "Basic Average Shares": 52436000.0,
        "Diluted EPS": -0.28,
        "Basic EPS": -0.21,
        "Diluted NI Availto Com Stockholders": -18978000.0,
        "Average Dilution Earnings": -8215000.0,
        "Net Income Common Stockholders": -10763000.0,
        "Otherunder Preferred Stock Dividend": 160000.0,
        "Net Income": -10603000.0,
        "Minority Interests": -1967000.0,
        "Net Income Including Noncontrolling Interests": -8636000.0,
        "Net Income Continuous Operations": -8636000.0,
        "Tax Provision": 11789000.0,
        "Pretax Income": 3153000.0,
        "Other Income Expense": -29089000.0,
        "Other Non Operating Income Expenses": -39873000.0,
        "Special Income Charges": 11504000.0,
        "Gain On Sale Of Ppe": 13781000.0,
        "Other Special Charges": NaN,
        "Impairment Of Capital Assets": 2277000.0,
        "Earnings From Equity Interest": -720000.0,
        "Net Non Operating Interest Income Expense": -4750000.0,
        "Interest Expense Non Operating": 7707000.0,
        "Interest Income Non Operating": 2957000.0,
        "Operating Income": 36992000.0,
        "Operating Expense": 282951000.0,
        "Selling General And Administration": 282951000.0,
        "Gross Profit": 319943000.0,
        "Cost Of Revenue": 412617000.0,
        "Total Revenue": 732560000.0,
        "Operating Revenue": 732560000.0
    }
}