{
    "2023-03-31": {
        "Tax Effect Of Unusual Items": -2767590.0,
        "Tax Rate For Calcs": 0.21,
        "Normalized EBITDA": 70342000.0,
        "Total Unusual Items": -13179000.0,
        "Total Unusual Items Excluding Goodwill": -13179000.0,
        "Net Income From Continuing Operation Net Minority Interest": 2696000.0,
        "Reconciled Depreciation": 20230000.0,
        "Reconciled Cost Of Revenue": 63286000.0,
        "EBITDA": 57163000.0,
        "EBIT": 36933000.0,
        "Net Interest Income": -30497000.0,
        "Interest Expense": 30497000.0,
        "Normalized Income": 13107410.0,
        "Net Income From Continuing And Discontinued Operation": 2696000.0,
        "Total Expenses": 186018000.0,
        "Total Operating Income As Reported": 49452000.0,
        "Diluted Average Shares": 408641000.0,
        "Basic Average Shares": 395307000.0,
        "Diluted EPS": 0.01,
        "Basic EPS": 0.01,
        "Diluted NI Availto Com Stockholders": 2696000.0,
        "Net Income Common Stockholders": 2696000.0,
        "Otherunder Preferred Stock Dividend": NaN,
        "Preferred Stock Dividends": NaN,
        "Net Income": 2696000.0,
        "Minority Interests": -507000.0,
        "Net Income Including Noncontrolling Interests": 3203000.0,
        "Net Income Continuous Operations": 3203000.0,
        "Tax Provision": 3233000.0,
        "Pretax Income": 6436000.0,
        "Other Income Expense": -12691000.0,
        "Other Non Operating Income Expenses": 488000.0,
        "Special Income Charges": -172000.0,
        "Other Special Charges": 172000.0,
        "Gain On Sale Of Security": -13007000.0,
        "Net Non Operating Interest Income Expense": -30497000.0,
        "Interest Expense Non Operating": 30497000.0,
        "Operating Income": 49624000.0,
        "Operating Expense": 122732000.0,
        "Other Operating Expenses": 279000.0,
        "Depreciation Amortization Depletion Income Statement": 20230000.0,
        "Depreciation And Amortization In Income Statement": 20230000.0,
        "Amortization": 7207000.0,
        "Amortization Of Intangibles Income Statement": 7207000.0,
        "Depreciation Income Statement": 13023000.0,
        "Selling General And Administration": 102223000.0,
        "Gross Profit": 172356000.0,
        "Cost Of Revenue": 63286000.0,
        "Total Revenue": 235642000.0,
        "Operating Revenue": 231121000.0
    },
    "2022-12-31": {
        "Tax Effect Of Unusual Items": NaN,
        "Tax Rate For Calcs": NaN,
        "Normalized EBITDA": NaN,
        "Total Unusual Items": NaN,
        "Total Unusual Items Excluding Goodwill": NaN,
        "Net Income From Continuing Operation Net Minority Interest": NaN,
        "Reconciled Depreciation": NaN,
        "Reconciled Cost Of Revenue": NaN,
        "EBITDA": NaN,
        "EBIT": NaN,
        "Net Interest Income": NaN,
        "Interest Expense": NaN,
        "Normalized Income": NaN,
        "Net Income From Continuing And Discontinued Operation": NaN,
        "Total Expenses": NaN,
        "Total Operating Income As Reported": NaN,
        "Diluted Average Shares": NaN,
        "Basic Average Shares": NaN,
        "Diluted EPS": NaN,
        "Basic EPS": NaN,
        "Diluted NI Availto Com Stockholders": NaN,
        "Net Income Common Stockholders": NaN,
        "Otherunder Preferred Stock Dividend": 0.0,
        "Preferred Stock Dividends": 0.0,
        "Net Income": NaN,
        "Minority Interests": NaN,
        "Net Income Including Noncontrolling Interests": NaN,
        "Net Income Continuous Operations": NaN,
        "Tax Provision": NaN,
        "Pretax Income": NaN,
        "Other Income Expense": NaN,
        "Other Non Operating Income Expenses": NaN,
        "Special Income Charges": NaN,
        "Other Special Charges": NaN,
        "Gain On Sale Of Security": NaN,
        "Net Non Operating Interest Income Expense": NaN,
        "Interest Expense Non Operating": NaN,
        "Operating Income": NaN,
        "Operating Expense": NaN,
        "Other Operating Expenses": NaN,
        "Depreciation Amortization Depletion Income Statement": NaN,
        "Depreciation And Amortization In Income Statement": NaN,
        "Amortization": NaN,
        "Amortization Of Intangibles Income Statement": NaN,
        "Depreciation Income Statement": NaN,
        "Selling General And Administration": NaN,
        "Gross Profit": NaN,
        "Cost Of Revenue": NaN,
        "Total Revenue": NaN,
        "Operating Revenue": NaN
    },
    "2022-09-30": {
        "Tax Effect Of Unusual Items": NaN,
        "Tax Rate For Calcs": NaN,
        "Normalized EBITDA": NaN,
        "Total Unusual Items": NaN,
        "Total Unusual Items Excluding Goodwill": NaN,
        "Net Income From Continuing Operation Net Minority Interest": NaN,
        "Reconciled Depreciation": NaN,
        "Reconciled Cost Of Revenue": NaN,
        "EBITDA": NaN,
        "EBIT": NaN,
        "Net Interest Income": NaN,
        "Interest Expense": NaN,
        "Normalized Income": NaN,
        "Net Income From Continuing And Discontinued Operation": NaN,
        "Total Expenses": NaN,
        "Total Operating Income As Reported": NaN,
        "Diluted Average Shares": NaN,
        "Basic Average Shares": NaN,
        "Diluted EPS": NaN,
        "Basic EPS": NaN,
        "Diluted NI Availto Com Stockholders": NaN,
        "Net Income Common Stockholders": NaN,
        "Otherunder Preferred Stock Dividend": 26678000.0,
        "Preferred Stock Dividends": 4666000.0,
        "Net Income": NaN,
        "Minority Interests": NaN,
        "Net Income Including Noncontrolling Interests": NaN,
        "Net Income Continuous Operations": NaN,
        "Tax Provision": NaN,
        "Pretax Income": NaN,
        "Other Income Expense": NaN,
        "Other Non Operating Income Expenses": NaN,
        "Special Income Charges": NaN,
        "Other Special Charges": NaN,
        "Gain On Sale Of Security": NaN,
        "Net Non Operating Interest Income Expense": NaN,
        "Interest Expense Non Operating": NaN,
        "Operating Income": NaN,
        "Operating Expense": NaN,
        "Other Operating Expenses": NaN,
        "Depreciation Amortization Depletion Income Statement": NaN,
        "Depreciation And Amortization In Income Statement": NaN,
        "Amortization": NaN,
        "Amortization Of Intangibles Income Statement": NaN,
        "Depreciation Income Statement": NaN,
        "Selling General And Administration": NaN,
        "Gross Profit": NaN,
        "Cost Of Revenue": NaN,
        "Total Revenue": NaN,
        "Operating Revenue": NaN
    },
    "2022-06-30": {
        "Tax Effect Of Unusual Items": 13299184.0,
        "Tax Rate For Calcs": 0.4,
        "Normalized EBITDA": -34765681.0,
        "Total Unusual Items": 33247960.0,
        "Total Unusual Items Excluding Goodwill": 33247960.0,
        "Net Income From Continuing Operation Net Minority Interest": 31730239.0,
        "Reconciled Depreciation": NaN,
        "Reconciled Cost Of Revenue": NaN,
        "EBITDA": -1517721.0,
        "EBIT": -1517721.0,
        "Net Interest Income": NaN,
        "Interest Expense": NaN,
        "Normalized Income": 11781463.0,
        "Net Income From Continuing And Discontinued Operation": 31730239.0,
        "Total Expenses": 1517721.0,
        "Total Operating Income As Reported": -1517721.0,
        "Diluted Average Shares": 319007226.0,
        "Basic Average Shares": 319007226.0,
        "Diluted EPS": 0.059005,
        "Basic EPS": 0.059005,
        "Diluted NI Availto Com Stockholders": 31730239.0,
        "Net Income Common Stockholders": 31730239.0,
        "Otherunder Preferred Stock Dividend": NaN,
        "Preferred Stock Dividends": NaN,
        "Net Income": 31730239.0,
        "Minority Interests": NaN,
        "Net Income Including Noncontrolling Interests": 31730239.0,
        "Net Income Continuous Operations": 31730239.0,
        "Tax Provision": NaN,
        "Pretax Income": 31730239.0,
        "Other Income Expense": 33247960.0,
        "Other Non Operating Income Expenses": NaN,
        "Special Income Charges": NaN,
        "Other Special Charges": NaN,
        "Gain On Sale Of Security": 33247960.0,
        "Net Non Operating Interest Income Expense": NaN,
        "Interest Expense Non Operating": NaN,
        "Operating Income": -1517721.0,
        "Operating Expense": 1517721.0,
        "Other Operating Expenses": NaN,
        "Depreciation Amortization Depletion Income Statement": NaN,
        "Depreciation And Amortization In Income Statement": NaN,
        "Amortization": NaN,
        "Amortization Of Intangibles Income Statement": NaN,
        "Depreciation Income Statement": NaN,
        "Selling General And Administration": 1517721.0,
        "General And Administrative Expense": 1517721.0,
        "Other Gand A": 1517721.0,
        "Gross Profit": NaN,
        "Cost Of Revenue": NaN,
        "Total Revenue": 0.0,
        "Operating Revenue": 0.0
    },
    "2022-03-31": {
        "Diluted EPS": 0.03,
        "Total Revenue": 231,
        "Gross Profit": 169,
        "Operating Income": 49,
        "EBIT": 75,
        "Net Income": 6
    },
    "2021-12-31": {
        "Diluted EPS": -0.03,
        "Total Revenue": 682,
        "Gross Profit": 496,
        "Operating Income": 148,
        "EBIT": 175,
        "Net Income": 11
    },
    "2021-09-30": {
        "Diluted EPS": 0.08,
        "Total Revenue": 237,
        "Gross Profit": 174,
        "Operating Income": 55,
        "EBIT": 55,
        "Net Income": 15
    },
    "2021-06-30": {
        "Diluted EPS": -0.07,
        "Total Revenue": NaN,
        "Gross Profit": NaN,
        "Operating Income": -1,
        "EBIT": -1,
        "Net Income": -8
    },
    "2021-03-31": {
        "Diluted EPS": 0.25,
        "Total Revenue": NaN,
        "Gross Profit": NaN,
        "Operating Income": 0,
        "EBIT": 0,
        "Net Income": 27
    },
    "2020-12-31": {
        "Diluted EPS": 0.0,
        "Total Revenue": NaN,
        "Gross Profit": NaN,
        "Operating Income": NaN,
        "EBIT": NaN,
        "Net Income": NaN
    },
    "2020-09-30": {
        "Diluted EPS": -0.43,
        "Total Revenue": NaN,
        "Gross Profit": NaN,
        "Operating Income": 0,
        "EBIT": 0,
        "Net Income": -33
    },
    "2020-06-30": {
        "Diluted EPS": 0.0,
        "Total Revenue": NaN,
        "Gross Profit": NaN,
        "Operating Income": 0,
        "EBIT": 0,
        "Net Income": 0
    },
    "2023-06-30": {
        "Tax Effect Of Unusual Items": -2115540.0,
        "Tax Rate For Calcs": 0.21,
        "Normalized EBITDA": 61169000.0,
        "Total Unusual Items": -10074000.0,
        "Total Unusual Items Excluding Goodwill": -10074000.0,
        "Net Income From Continuing Operation Net Minority Interest": -4063000.0,
        "Reconciled Depreciation": 20800000.0,
        "Reconciled Cost Of Revenue": 63354000.0,
        "EBITDA": 51095000.0,
        "EBIT": 30295000.0,
        "Net Interest Income": -31683000.0,
        "Interest Expense": 31683000.0,
        "Normalized Income": 3895460.0,
        "Net Income From Continuing And Discontinued Operation": -4063000.0,
        "Total Expenses": 185940000.0,
        "Total Operating Income As Reported": 33466000.0,
        "Diluted Average Shares": 397417290.0,
        "Basic Average Shares": 397417290.0,
        "Diluted EPS": -0.01,
        "Basic EPS": -0.01,
        "Diluted NI Availto Com Stockholders": -4063000.0,
        "Net Income Common Stockholders": -4063000.0,
        "Otherunder Preferred Stock Dividend": NaN,
        "Net Income": -4063000.0,
        "Minority Interests": 214000.0,
        "Net Income Including Noncontrolling Interests": -4277000.0,
        "Net Income Continuous Operations": -4277000.0,
        "Tax Provision": 2889000.0,
        "Pretax Income": -1388000.0,
        "Other Income Expense": -9440000.0,
        "Other Non Operating Income Expenses": 634000.0,
        "Special Income Charges": -6269000.0,
        "Other Special Charges": 6269000.0,
        "Gain On Sale Of Security": -3805000.0,
        "Net Non Operating Interest Income Expense": -31683000.0,
        "Interest Expense Non Operating": 31683000.0,
        "Operating Income": 39735000.0,
        "Operating Expense": 122586000.0,
        "Other Operating Expenses": 332000.0,
        "Depreciation Amortization Depletion Income Statement": 20800000.0,
        "Depreciation And Amortization In Income Statement": 20800000.0,
        "Amortization": 7260000.0,
        "Amortization Of Intangibles Income Statement": 7260000.0,
        "Depreciation Income Statement": 13540000.0,
        "Selling General And Administration": 101454000.0,
        "Gross Profit": 162321000.0,
        "Cost Of Revenue": 63354000.0,
        "Total Revenue": 225675000.0,
        "Operating Revenue": 221562000.0
    },
    "2023-09-30": {
        "Tax Effect Of Unusual Items": -6709080.0,
        "Tax Rate For Calcs": 0.21,
        "Normalized EBITDA": 72234000.0,
        "Total Unusual Items": -31948000.0,
        "Total Unusual Items Excluding Goodwill": -31948000.0,
        "Net Income From Continuing Operation Net Minority Interest": -18403000.0,
        "Reconciled Depreciation": 21084000.0,
        "Reconciled Cost Of Revenue": 60939000.0,
        "EBITDA": 40286000.0,
        "EBIT": 19202000.0,
        "Net Interest Income": -32255000.0,
        "Interest Expense": 32255000.0,
        "Normalized Income": 6835920.0,
        "Net Income From Continuing And Discontinued Operation": -18403000.0,
        "Total Expenses": 179252000.0,
        "Total Operating Income As Reported": 3938000.0,
        "Diluted Average Shares": 399703684.0,
        "Basic Average Shares": 399703684.0,
        "Diluted EPS": -0.05,
        "Basic EPS": -0.05,
        "Diluted NI Availto Com Stockholders": -18403000.0,
        "Net Income Common Stockholders": -18403000.0,
        "Otherunder Preferred Stock Dividend": 0.0,
        "Net Income": -18403000.0,
        "Minority Interests": 45000.0,
        "Net Income Including Noncontrolling Interests": -18448000.0,
        "Net Income Continuous Operations": -18448000.0,
        "Tax Provision": 5395000.0,
        "Pretax Income": -13053000.0,
        "Other Income Expense": -30844000.0,
        "Other Non Operating Income Expenses": 1104000.0,
        "Special Income Charges": -46108000.0,
        "Other Special Charges": 46108000.0,
        "Gain On Sale Of Security": 14160000.0,
        "Net Non Operating Interest Income Expense": -32255000.0,
        "Interest Expense Non Operating": 32255000.0,
        "Operating Income": 50046000.0,
        "Operating Expense": 118313000.0,
        "Other Operating Expenses": -24000.0,
        "Depreciation Amortization Depletion Income Statement": 21084000.0,
        "Depreciation And Amortization In Income Statement": 21084000.0,
        "Amortization": 7298000.0,
        "Amortization Of Intangibles Income Statement": 7298000.0,
        "Depreciation Income Statement": 13786000.0,
        "Selling General And Administration": 97253000.0,
        "Gross Profit": 168359000.0,
        "Cost Of Revenue": 60939000.0,
        "Total Revenue": 229298000.0,
        "Operating Revenue": 225155000.0
    },
    "2023-12-31": {
        "Tax Effect Of Unusual Items": -6760950.0,
        "Tax Rate For Calcs": 0.21,
        "Normalized EBITDA": 62073000.0,
        "Total Unusual Items": -32195000.0,
        "Total Unusual Items Excluding Goodwill": -32195000.0,
        "Net Income From Continuing Operation Net Minority Interest": 39109000.0,
        "Reconciled Depreciation": 16329000.0,
        "Reconciled Cost Of Revenue": 62670000.0,
        "EBITDA": 29878000.0,
        "EBIT": 13549000.0,
        "Net Interest Income": -32449000.0,
        "Interest Expense": 32449000.0,
        "Normalized Income": 64543050.0,
        "Net Income From Continuing And Discontinued Operation": 39109000.0,
        "Total Expenses": 181621000.0,
        "Total Operating Income As Reported": 40816000.0,
        "Diluted Average Shares": 414566379.0,
        "Basic Average Shares": 403624218.0,
        "Diluted EPS": 0.09,
        "Basic EPS": 0.1,
        "Diluted NI Availto Com Stockholders": 39109000.0,
        "Net Income Common Stockholders": 39109000.0,
        "Otherunder Preferred Stock Dividend": 0.0,
        "Net Income": 39109000.0,
        "Minority Interests": 10000.0,
        "Net Income Including Noncontrolling Interests": 39099000.0,
        "Net Income Continuous Operations": 39099000.0,
        "Tax Provision": -57999000.0,
        "Pretax Income": -18900000.0,
        "Other Income Expense": -30769000.0,
        "Other Non Operating Income Expenses": 1426000.0,
        "Special Income Charges": -3502000.0,
        "Other Special Charges": 3502000.0,
        "Gain On Sale Of Security": -28693000.0,
        "Net Non Operating Interest Income Expense": -32449000.0,
        "Interest Expense Non Operating": 32449000.0,
        "Operating Income": 44318000.0,
        "Operating Expense": 118951000.0,
        "Other Operating Expenses": 1036000.0,
        "Depreciation Amortization Depletion Income Statement": 16329000.0,
        "Depreciation And Amortization In Income Statement": 16329000.0,
        "Amortization": 2304000.0,
        "Amortization Of Intangibles Income Statement": 2304000.0,
        "Depreciation Income Statement": 14025000.0,
        "Selling General And Administration": 101586000.0,
        "Gross Profit": 163269000.0,
        "Cost Of Revenue": 62670000.0,
        "Total Revenue": 225939000.0,
        "Operating Revenue": 221532000.0
    },
    "2024-03-31": {
        "Tax Effect Of Unusual Items": 2717610.0,
        "Tax Rate For Calcs": 0.21,
        "Normalized EBITDA": 59465000.0,
        "Total Unusual Items": 12941000.0,
        "Total Unusual Items Excluding Goodwill": 12941000.0,
        "Net Income From Continuing Operation Net Minority Interest": 13455000.0,
        "Reconciled Depreciation": 14894000.0,
        "Reconciled Cost Of Revenue": 60256000.0,
        "EBITDA": 72406000.0,
        "EBIT": 57512000.0,
        "Net Interest Income": -32724000.0,
        "Interest Expense": 32724000.0,
        "Normalized Income": 3231610.0,
        "Net Income From Continuing And Discontinued Operation": 13455000.0,
        "Total Expenses": 179222000.0,
        "Total Operating Income As Reported": 41034000.0,
        "Diluted Average Shares": 414893000.0,
        "Basic Average Shares": 405635000.0,
        "Diluted EPS": 0.03,
        "Basic EPS": 0.03,
        "Diluted NI Availto Com Stockholders": 13455000.0,
        "Net Income Common Stockholders": 13455000.0,
        "Otherunder Preferred Stock Dividend": NaN,
        "Net Income": 13455000.0,
        "Minority Interests": -132000.0,
        "Net Income Including Noncontrolling Interests": 13587000.0,
        "Net Income Continuous Operations": 13587000.0,
        "Tax Provision": 11201000.0,
        "Pretax Income": 24788000.0,
        "Other Income Expense": 14456000.0,
        "Other Non Operating Income Expenses": 1515000.0,
        "Special Income Charges": -2022000.0,
        "Other Special Charges": 2022000.0,
        "Gain On Sale Of Security": 14963000.0,
        "Net Non Operating Interest Income Expense": -32724000.0,
        "Interest Expense Non Operating": 32724000.0,
        "Operating Income": 43056000.0,
        "Operating Expense": 118966000.0,
        "Other Operating Expenses": 3128000.0,
        "Depreciation Amortization Depletion Income Statement": 14894000.0,
        "Depreciation And Amortization In Income Statement": 14894000.0,
        "Amortization": 534000.0,
        "Amortization Of Intangibles Income Statement": 534000.0,
        "Depreciation Income Statement": 14360000.0,
        "Selling General And Administration": 100944000.0,
        "Gross Profit": 162022000.0,
        "Cost Of Revenue": 60256000.0,
        "Total Revenue": 222278000.0,
        "Operating Revenue": 218287000.0
    },
    "2024-06-30": {
        "Tax Effect Of Unusual Items": -74130.0,
        "Tax Rate For Calcs": 0.21,
        "Normalized EBITDA": 65711000.0,
        "Total Unusual Items": -353000.0,
        "Total Unusual Items Excluding Goodwill": -353000.0,
        "Net Income From Continuing Operation Net Minority Interest": 3847000.0,
        "Reconciled Depreciation": 15281000.0,
        "Reconciled Cost Of Revenue": 63097000.0,
        "EBITDA": 65358000.0,
        "EBIT": 50077000.0,
        "Net Interest Income": -33890000.0,
        "Interest Expense": 33890000.0,
        "Normalized Income": 4125870.0,
        "Net Income From Continuing And Discontinued Operation": 3847000.0,
        "Total Expenses": 179890000.0,
        "Total Operating Income As Reported": 46458000.0,
        "Diluted Average Shares": 414439239.0,
        "Basic Average Shares": 408989273.0,
        "Diluted EPS": 0.01,
        "Basic EPS": 0.01,
        "Diluted NI Availto Com Stockholders": 3847000.0,
        "Net Income Common Stockholders": 3847000.0,
        "Otherunder Preferred Stock Dividend": NaN,
        "Net Income": 3847000.0,
        "Minority Interests": 158000.0,
        "Net Income Including Noncontrolling Interests": 3689000.0,
        "Net Income Continuous Operations": 3689000.0,
        "Tax Provision": 12498000.0,
        "Pretax Income": 16187000.0,
        "Other Income Expense": 827000.0,
        "Other Non Operating Income Expenses": 1180000.0,
        "Special Income Charges": -2792000.0,
        "Other Special Charges": 2792000.0,
        "Gain On Sale Of Security": 2439000.0,
        "Net Non Operating Interest Income Expense": -33890000.0,
        "Interest Expense Non Operating": 33890000.0,
        "Operating Income": 49250000.0,
        "Operating Expense": 116793000.0,
        "Other Operating Expenses": 280000.0,
        "Depreciation Amortization Depletion Income Statement": 15281000.0,
        "Depreciation And Amortization In Income Statement": 15281000.0,
        "Amortization": 592000.0,
        "Amortization Of Intangibles Income Statement": 592000.0,
        "Depreciation Income Statement": 14689000.0,
        "Selling General And Administration": 101232000.0,
        "Gross Profit": 166043000.0,
        "Cost Of Revenue": 63097000.0,
        "Total Revenue": 229140000.0,
        "Operating Revenue": 221516000.0
    }
}