{
    "2023-03-31": {
        "Tax Effect Of Unusual Items": -11302482.358329,
        "Tax Rate For Calcs": 0.24207,
        "Normalized EBITDA": 5123623000.0,
        "Total Unusual Items": -46691000.0,
        "Total Unusual Items Excluding Goodwill": -46691000.0,
        "Net Income From Continuing Operation Net Minority Interest": 3205919000.0,
        "Reconciled Depreciation": 714775000.0,
        "Reconciled Cost Of Revenue": 15243628000.0,
        "EBITDA": 5076932000.0,
        "EBIT": 4362157000.0,
        "Net Interest Income": -260920000.0,
        "Interest Expense": 119815000.0,
        "Interest Income": 62815000.0,
        "Normalized Income": 3241307517.641671,
        "Net Income From Continuing And Discontinued Operation": 3205919000.0,
        "Total Expenses": 14929306000.0,
        "Total Operating Income As Reported": 4292437000.0,
        "Diluted Average Shares": 2530993021.0,
        "Basic Average Shares": 2516611827.0,
        "Diluted EPS": 1.266667,
        "Basic EPS": 1.275,
        "Diluted NI Availto Com Stockholders": 3205919000.0,
        "Average Dilution Earnings": 0.0,
        "Net Income Common Stockholders": 3205919000.0,
        "Net Income": 3205919000.0,
        "Minority Interests": -9480000.0,
        "Net Income Including Noncontrolling Interests": 3215399000.0,
        "Net Income Continuous Operations": 3215399000.0,
        "Tax Provision": 1026943000.0,
        "Pretax Income": 4242342000.0,
        "Other Income Expense": 560265000.0,
        "Other Non Operating Income Expenses": 253002000.0,
        "Special Income Charges": -179141000.0,
        "Gain On Sale Of Business": 0.0,
        "Other Special Charges": 174627000.0,
        "Write Off": 4514000.0,
        "Earnings From Equity Interest": 353954000.0,
        "Gain On Sale Of Security": 132450000.0,
        "Net Non Operating Interest Income Expense": -260920000.0,
        "Total Other Finance Cost": 203920000.0,
        "Interest Expense Non Operating": 119815000.0,
        "Interest Income Non Operating": 62815000.0,
        "Operating Income": 3942997000.0,
        "Operating Expense": -314322000.0,
        "Other Operating Expenses": -852361000.0,
        "Other Taxes": NaN,
        "Selling General And Administration": 538039000.0,
        "Selling And Marketing Expense": 174232000.0,
        "General And Administrative Expense": 363807000.0,
        "Other Gand A": 363807000.0,
        "Gross Profit": 3628675000.0,
        "Cost Of Revenue": 15243628000.0,
        "Total Revenue": 18872303000.0,
        "Operating Revenue": 18872303000.0
    },
    "2022-12-31": {
        "Tax Effect Of Unusual Items": NaN,
        "Tax Rate For Calcs": NaN,
        "Normalized EBITDA": NaN,
        "Total Unusual Items": NaN,
        "Total Unusual Items Excluding Goodwill": NaN,
        "Net Income From Continuing Operation Net Minority Interest": NaN,
        "Reconciled Depreciation": NaN,
        "Reconciled Cost Of Revenue": NaN,
        "EBITDA": NaN,
        "EBIT": NaN,
        "Net Interest Income": NaN,
        "Interest Expense": NaN,
        "Interest Income": NaN,
        "Normalized Income": NaN,
        "Net Income From Continuing And Discontinued Operation": NaN,
        "Total Expenses": NaN,
        "Total Operating Income As Reported": NaN,
        "Diluted Average Shares": NaN,
        "Basic Average Shares": NaN,
        "Diluted EPS": NaN,
        "Basic EPS": NaN,
        "Diluted NI Availto Com Stockholders": NaN,
        "Average Dilution Earnings": NaN,
        "Net Income Common Stockholders": NaN,
        "Net Income": NaN,
        "Minority Interests": NaN,
        "Net Income Including Noncontrolling Interests": NaN,
        "Net Income Continuous Operations": NaN,
        "Tax Provision": NaN,
        "Pretax Income": NaN,
        "Other Income Expense": NaN,
        "Other Non Operating Income Expenses": NaN,
        "Special Income Charges": NaN,
        "Gain On Sale Of Business": NaN,
        "Other Special Charges": NaN,
        "Write Off": NaN,
        "Earnings From Equity Interest": NaN,
        "Gain On Sale Of Security": NaN,
        "Net Non Operating Interest Income Expense": NaN,
        "Total Other Finance Cost": NaN,
        "Interest Expense Non Operating": NaN,
        "Interest Income Non Operating": NaN,
        "Operating Income": NaN,
        "Operating Expense": NaN,
        "Other Operating Expenses": NaN,
        "Other Taxes": 0.0,
        "Selling General And Administration": NaN,
        "Selling And Marketing Expense": NaN,
        "General And Administrative Expense": NaN,
        "Other Gand A": NaN,
        "Gross Profit": NaN,
        "Cost Of Revenue": NaN,
        "Total Revenue": NaN,
        "Operating Revenue": NaN
    },
    "2022-09-30": {
        "Tax Effect Of Unusual Items": NaN,
        "Tax Rate For Calcs": NaN,
        "Normalized EBITDA": NaN,
        "Total Unusual Items": NaN,
        "Total Unusual Items Excluding Goodwill": NaN,
        "Net Income From Continuing Operation Net Minority Interest": NaN,
        "Reconciled Depreciation": NaN,
        "Reconciled Cost Of Revenue": NaN,
        "EBITDA": NaN,
        "EBIT": NaN,
        "Net Interest Income": NaN,
        "Interest Expense": NaN,
        "Interest Income": NaN,
        "Normalized Income": NaN,
        "Net Income From Continuing And Discontinued Operation": NaN,
        "Total Expenses": NaN,
        "Total Operating Income As Reported": 4462516000.0,
        "Diluted Average Shares": NaN,
        "Basic Average Shares": NaN,
        "Diluted EPS": NaN,
        "Basic EPS": NaN,
        "Diluted NI Availto Com Stockholders": NaN,
        "Average Dilution Earnings": NaN,
        "Net Income Common Stockholders": NaN,
        "Net Income": NaN,
        "Minority Interests": NaN,
        "Net Income Including Noncontrolling Interests": NaN,
        "Net Income Continuous Operations": NaN,
        "Tax Provision": NaN,
        "Pretax Income": NaN,
        "Other Income Expense": NaN,
        "Other Non Operating Income Expenses": NaN,
        "Special Income Charges": NaN,
        "Gain On Sale Of Business": NaN,
        "Other Special Charges": NaN,
        "Write Off": NaN,
        "Earnings From Equity Interest": NaN,
        "Gain On Sale Of Security": NaN,
        "Net Non Operating Interest Income Expense": NaN,
        "Total Other Finance Cost": NaN,
        "Interest Expense Non Operating": NaN,
        "Interest Income Non Operating": NaN,
        "Operating Income": NaN,
        "Operating Expense": NaN,
        "Other Operating Expenses": NaN,
        "Other Taxes": 0.0,
        "Selling General And Administration": NaN,
        "Selling And Marketing Expense": NaN,
        "General And Administrative Expense": NaN,
        "Other Gand A": NaN,
        "Gross Profit": NaN,
        "Cost Of Revenue": NaN,
        "Total Revenue": NaN,
        "Operating Revenue": NaN
    },
    "2022-06-30": {
        "Tax Effect Of Unusual Items": 3361358.581334,
        "Tax Rate For Calcs": 0.208314,
        "Normalized EBITDA": 6388776000.0,
        "Total Unusual Items": 16136000.0,
        "Total Unusual Items Excluding Goodwill": 16136000.0,
        "Net Income From Continuing Operation Net Minority Interest": 4282123000.0,
        "Reconciled Depreciation": 701208000.0,
        "Reconciled Cost Of Revenue": 17064511000.0,
        "EBITDA": 6404912000.0,
        "EBIT": 5703704000.0,
        "Net Interest Income": -379196000.0,
        "Interest Expense": 274152000.0,
        "Interest Income": 71779000.0,
        "Normalized Income": 4269348358.581334,
        "Net Income From Continuing And Discontinued Operation": 4282123000.0,
        "Total Expenses": 17562681000.0,
        "Total Operating Income As Reported": NaN,
        "Diluted Average Shares": 1798444341.0,
        "Basic Average Shares": 1789557875.0,
        "Diluted EPS": 2.38,
        "Basic EPS": 2.39,
        "Diluted NI Availto Com Stockholders": 4282123000.0,
        "Net Income Common Stockholders": 4282123000.0,
        "Net Income": 4282123000.0,
        "Minority Interests": -16376000.0,
        "Net Income Including Noncontrolling Interests": 4298499000.0,
        "Net Income Continuous Operations": 4298499000.0,
        "Tax Provision": 1131053000.0,
        "Pretax Income": 5429552000.0,
        "Other Income Expense": 402987000.0,
        "Other Non Operating Income Expenses": NaN,
        "Special Income Charges": -1976000.0,
        "Write Off": 1976000.0,
        "Earnings From Equity Interest": 386851000.0,
        "Gain On Sale Of Security": 18112000.0,
        "Net Non Operating Interest Income Expense": -379196000.0,
        "Total Other Finance Cost": 176823000.0,
        "Interest Expense Non Operating": 274152000.0,
        "Interest Income Non Operating": 71779000.0,
        "Operating Income": 5405761000.0,
        "Operating Expense": 498170000.0,
        "Other Operating Expenses": -17843000.0,
        "Other Taxes": 0.0,
        "Selling General And Administration": 516013000.0,
        "Selling And Marketing Expense": 178235000.0,
        "General And Administrative Expense": 337778000.0,
        "Other Gand A": 337778000.0,
        "Gross Profit": 5903931000.0,
        "Cost Of Revenue": 17064511000.0,
        "Total Revenue": 22968442000.0,
        "Operating Revenue": 22968442000.0
    },
    "2022-03-31": {
        "Diluted EPS": 0.31,
        "Total Revenue": NaN,
        "Gross Profit": 992,
        "Operating Income": 960,
        "EBIT": NaN,
        "Net Income": 560
    },
    "2021-12-31": {
        "Diluted EPS": 0.34,
        "Total Revenue": NaN,
        "Gross Profit": 912,
        "Operating Income": 780,
        "EBIT": 899,
        "Net Income": 615
    },
    "2021-09-30": {
        "Diluted EPS": 0.59,
        "Total Revenue": NaN,
        "Gross Profit": NaN,
        "Operating Income": NaN,
        "EBIT": NaN,
        "Net Income": NaN
    },
    "2021-06-30": {
        "Diluted EPS": 0.41,
        "Total Revenue": NaN,
        "Gross Profit": NaN,
        "Operating Income": NaN,
        "EBIT": NaN,
        "Net Income": 739
    },
    "2021-03-31": {
        "Diluted EPS": 0.25,
        "Total Revenue": NaN,
        "Gross Profit": 695,
        "Operating Income": 651,
        "EBIT": 770,
        "Net Income": 449
    },
    "2020-12-31": {
        "Diluted EPS": 0.11,
        "Total Revenue": NaN,
        "Gross Profit": 508,
        "Operating Income": 499,
        "EBIT": 646,
        "Net Income": 205
    },
    "2020-09-30": {
        "Diluted EPS": 0.08,
        "Total Revenue": NaN,
        "Gross Profit": 316,
        "Operating Income": 257,
        "EBIT": 377,
        "Net Income": 146
    },
    "2020-06-30": {
        "Diluted EPS": 0.03,
        "Total Revenue": NaN,
        "Gross Profit": 134,
        "Operating Income": 145,
        "EBIT": 237,
        "Net Income": 59
    },
    "2020-03-31": {
        "Diluted EPS": 0.03,
        "Total Revenue": NaN,
        "Gross Profit": 193,
        "Operating Income": 107,
        "EBIT": 233,
        "Net Income": 49
    },
    "2019-12-31": {
        "Diluted EPS": 0.01,
        "Total Revenue": NaN,
        "Gross Profit": 155,
        "Operating Income": 131,
        "EBIT": 269,
        "Net Income": 19
    },
    "2019-09-30": {
        "Diluted EPS": 0.04,
        "Total Revenue": NaN,
        "Gross Profit": 249,
        "Operating Income": 177,
        "EBIT": 301,
        "Net Income": 72
    },
    "2019-06-30": {
        "Diluted EPS": 0.05,
        "Total Revenue": NaN,
        "Gross Profit": 325,
        "Operating Income": 236,
        "EBIT": 365,
        "Net Income": 94
    },
    "2019-03-31": {
        "Diluted EPS": 0.07,
        "Total Revenue": NaN,
        "Gross Profit": 337,
        "Operating Income": 263,
        "EBIT": 397,
        "Net Income": 119
    },
    "2018-12-31": {
        "Diluted EPS": 0.06,
        "Total Revenue": NaN,
        "Gross Profit": 339,
        "Operating Income": 171,
        "EBIT": 336,
        "Net Income": 102
    },
    "2018-09-30": {
        "Diluted EPS": 0.11,
        "Total Revenue": NaN,
        "Gross Profit": 473,
        "Operating Income": 323,
        "EBIT": 422,
        "Net Income": 199
    },
    "2018-06-30": {
        "Diluted EPS": 0.11,
        "Total Revenue": NaN,
        "Gross Profit": 458,
        "Operating Income": 322,
        "EBIT": 435,
        "Net Income": 193
    },
    "2018-03-31": {
        "Diluted EPS": 0.08,
        "Total Revenue": NaN,
        "Gross Profit": 413,
        "Operating Income": 292,
        "EBIT": 431,
        "Net Income": 136
    },
    "2017-12-31": {
        "Diluted EPS": -0.24,
        "Total Revenue": NaN,
        "Gross Profit": 321,
        "Operating Income": -372,
        "EBIT": -213,
        "Net Income": -438
    },
    "2017-09-30": {
        "Diluted EPS": 0.02,
        "Total Revenue": NaN,
        "Gross Profit": 308,
        "Operating Income": 193,
        "EBIT": 360,
        "Net Income": 43
    },
    "2017-06-30": {
        "Diluted EPS": 0.01,
        "Total Revenue": NaN,
        "Gross Profit": 292,
        "Operating Income": 150,
        "EBIT": 311,
        "Net Income": 23
    },
    "2017-03-31": {
        "Diluted EPS": 0.15,
        "Total Revenue": NaN,
        "Gross Profit": 208,
        "Operating Income": 384,
        "EBIT": 552,
        "Net Income": 260
    },
    "2016-12-31": {
        "Diluted EPS": -0.49,
        "Total Revenue": NaN,
        "Gross Profit": 152,
        "Operating Income": -825,
        "EBIT": -674,
        "Net Income": -880
    },
    "2016-09-30": {
        "Diluted EPS": 0.01,
        "Total Revenue": NaN,
        "Gross Profit": 323,
        "Operating Income": 184,
        "EBIT": 388,
        "Net Income": 28
    },
    "2016-06-30": {
        "Diluted EPS": 0.01,
        "Total Revenue": NaN,
        "Gross Profit": 309,
        "Operating Income": 123,
        "EBIT": 318,
        "Net Income": 21
    },
    "2016-03-31": {
        "Diluted EPS": 0.0,
        "Total Revenue": NaN,
        "Gross Profit": 209,
        "Operating Income": 54,
        "EBIT": 229,
        "Net Income": 2
    },
    "2015-12-31": {
        "Diluted EPS": -0.57,
        "Total Revenue": NaN,
        "Gross Profit": 187,
        "Operating Income": -957,
        "EBIT": -704,
        "Net Income": NaN
    },
    "2015-09-30": {
        "Diluted EPS": -0.31,
        "Total Revenue": NaN,
        "Gross Profit": 346,
        "Operating Income": -366,
        "EBIT": -223,
        "Net Income": -555
    },
    "2015-06-30": {
        "Diluted EPS": 0.05,
        "Total Revenue": NaN,
        "Gross Profit": 385,
        "Operating Income": 179,
        "EBIT": 368,
        "Net Income": 83
    },
    "2015-03-31": {
        "Diluted EPS": 0.06,
        "Total Revenue": NaN,
        "Gross Profit": 391,
        "Operating Income": 169,
        "EBIT": 381,
        "Net Income": 103
    },
    "2014-12-31": {
        "Diluted EPS": 0.1,
        "Total Revenue": NaN,
        "Gross Profit": 507,
        "Operating Income": 378,
        "EBIT": 607,
        "Net Income": 159
    },
    "2014-09-30": {
        "Diluted EPS": 0.06,
        "Total Revenue": NaN,
        "Gross Profit": 564,
        "Operating Income": 280,
        "EBIT": 517,
        "Net Income": 111
    },
    "2014-06-30": {
        "Diluted EPS": 0.09,
        "Total Revenue": NaN,
        "Gross Profit": 568,
        "Operating Income": 271,
        "EBIT": 527,
        "Net Income": 160
    },
    "2014-03-31": {
        "Diluted EPS": 0.09,
        "Total Revenue": NaN,
        "Gross Profit": 558,
        "Operating Income": 266,
        "EBIT": 496,
        "Net Income": 168
    },
    "2013-12-31": {
        "Diluted EPS": 0.12,
        "Total Revenue": NaN,
        "Gross Profit": 614,
        "Operating Income": 367,
        "EBIT": 670,
        "Net Income": 214
    },
    "2013-09-30": {
        "Diluted EPS": 0.14,
        "Total Revenue": NaN,
        "Gross Profit": 672,
        "Operating Income": 380,
        "EBIT": 566,
        "Net Income": 261
    },
    "2013-06-30": {
        "Diluted EPS": 0.11,
        "Total Revenue": NaN,
        "Gross Profit": 652,
        "Operating Income": 350,
        "EBIT": 574,
        "Net Income": 190
    },
    "2013-03-31": {
        "Diluted EPS": 0.04,
        "Total Revenue": NaN,
        "Gross Profit": 455,
        "Operating Income": 163,
        "EBIT": 395,
        "Net Income": 74
    },
    "2012-12-31": {
        "Diluted EPS": 0.04,
        "Total Revenue": NaN,
        "Gross Profit": 495,
        "Operating Income": 208,
        "EBIT": 476,
        "Net Income": 58
    },
    "2012-09-30": {
        "Diluted EPS": 0.11,
        "Total Revenue": NaN,
        "Gross Profit": 592,
        "Operating Income": 282,
        "EBIT": 495,
        "Net Income": 192
    },
    "2012-06-30": {
        "Diluted EPS": 0.15,
        "Total Revenue": NaN,
        "Gross Profit": 730,
        "Operating Income": 409,
        "EBIT": 621,
        "Net Income": 275
    },
    "2012-03-31": {
        "Diluted EPS": 0.11,
        "Total Revenue": NaN,
        "Gross Profit": 627,
        "Operating Income": 306,
        "EBIT": 554,
        "Net Income": 209
    },
    "2011-12-31": {
        "Diluted EPS": 0.13,
        "Total Revenue": NaN,
        "Gross Profit": 662,
        "Operating Income": 320,
        "EBIT": 573,
        "Net Income": 239
    },
    "2011-09-30": {
        "Diluted EPS": 0.24,
        "Total Revenue": NaN,
        "Gross Profit": 826,
        "Operating Income": 476,
        "EBIT": 737,
        "Net Income": 436
    },
    "2011-06-30": {
        "Diluted EPS": 0.17,
        "Total Revenue": NaN,
        "Gross Profit": 881,
        "Operating Income": 522,
        "EBIT": 804,
        "Net Income": 294
    },
    "2011-03-31": {
        "Diluted EPS": 0.15,
        "Total Revenue": NaN,
        "Gross Profit": 700,
        "Operating Income": 373,
        "EBIT": 642,
        "Net Income": 235
    },
    "2010-12-31": {
        "Diluted EPS": 0.14,
        "Total Revenue": NaN,
        "Gross Profit": 575,
        "Operating Income": 416,
        "EBIT": 684,
        "Net Income": 223
    },
    "2010-09-30": {
        "Diluted EPS": 0.21,
        "Total Revenue": NaN,
        "Gross Profit": 774,
        "Operating Income": 452,
        "EBIT": 742,
        "Net Income": 308
    },
    "2010-06-30": {
        "Diluted EPS": 0.28,
        "Total Revenue": NaN,
        "Gross Profit": NaN,
        "Operating Income": 674,
        "EBIT": 940,
        "Net Income": 411
    },
    "2010-03-31": {
        "Diluted EPS": 0.19,
        "Total Revenue": NaN,
        "Gross Profit": 785,
        "Operating Income": 516,
        "EBIT": 773,
        "Net Income": 281
    },
    "2009-12-31": {
        "Diluted EPS": 0.24,
        "Total Revenue": NaN,
        "Gross Profit": 713,
        "Operating Income": 382,
        "EBIT": 561,
        "Net Income": 364
    },
    "2009-09-30": {
        "Diluted EPS": 0.2,
        "Total Revenue": NaN,
        "Gross Profit": 809,
        "Operating Income": 443,
        "EBIT": 708,
        "Net Income": 297
    },
    "2009-06-30": {
        "Diluted EPS": -0.09,
        "Total Revenue": NaN,
        "Gross Profit": 388,
        "Operating Income": -421,
        "EBIT": -184,
        "Net Income": -129
    },
    "2009-03-31": {
        "Diluted EPS": 0.03,
        "Total Revenue": NaN,
        "Gross Profit": 343,
        "Operating Income": 82,
        "EBIT": 288,
        "Net Income": 38
    },
    "2023-06-30": {
        "Tax Effect Of Unusual Items": 17515908.402713,
        "Tax Rate For Calcs": 0.129742,
        "Normalized EBITDA": 3297701000.0,
        "Total Unusual Items": 135006000.0,
        "Total Unusual Items Excluding Goodwill": 135006000.0,
        "Net Income From Continuing Operation Net Minority Interest": 2135909000.0,
        "Reconciled Depreciation": 752451000.0,
        "Reconciled Cost Of Revenue": 14987029000.0,
        "EBITDA": 3432707000.0,
        "EBIT": 2680256000.0,
        "Net Interest Income": -254303000.0,
        "Interest Expense": 218087000.0,
        "Interest Income": 101617000.0,
        "Normalized Income": 2018418908.402713,
        "Net Income From Continuing And Discontinued Operation": 2135909000.0,
        "Total Expenses": 15617589000.0,
        "Total Operating Income As Reported": 2884904000.0,
        "Diluted Average Shares": 2112054120.0,
        "Basic Average Shares": 2098936941.0,
        "Diluted EPS": 1.008333,
        "Basic EPS": 1.016667,
        "Diluted NI Availto Com Stockholders": 2135909000.0,
        "Average Dilution Earnings": NaN,
        "Net Income Common Stockholders": 2135909000.0,
        "Net Income": 2135909000.0,
        "Minority Interests": -6814000.0,
        "Net Income Including Noncontrolling Interests": 2142723000.0,
        "Net Income Continuous Operations": 2142723000.0,
        "Tax Provision": 319446000.0,
        "Pretax Income": 2462169000.0,
        "Other Income Expense": 68691000.0,
        "Other Non Operating Income Expenses": -299905000.0,
        "Special Income Charges": 3533000.0,
        "Gain On Sale Of Business": NaN,
        "Other Special Charges": NaN,
        "Write Off": -3533000.0,
        "Earnings From Equity Interest": 233590000.0,
        "Gain On Sale Of Security": 131473000.0,
        "Net Non Operating Interest Income Expense": -254303000.0,
        "Total Other Finance Cost": 137833000.0,
        "Interest Expense Non Operating": 218087000.0,
        "Interest Income Non Operating": 101617000.0,
        "Operating Income": 2647781000.0,
        "Operating Expense": 630560000.0,
        "Other Operating Expenses": 68213000.0,
        "Other Taxes": NaN,
        "Selling General And Administration": 562347000.0,
        "Selling And Marketing Expense": 174138000.0,
        "General And Administrative Expense": 388209000.0,
        "Other Gand A": 388209000.0,
        "Gross Profit": 3278341000.0,
        "Cost Of Revenue": 14987029000.0,
        "Total Revenue": 18265370000.0,
        "Operating Revenue": 18265370000.0
    },
    "2023-09-30": {
        "Tax Effect Of Unusual Items": -32745089.001913,
        "Tax Rate For Calcs": 0.164878,
        "Normalized EBITDA": 3103058000.0,
        "Total Unusual Items": -198602000.0,
        "Total Unusual Items Excluding Goodwill": -198602000.0,
        "Net Income From Continuing Operation Net Minority Interest": 1581791000.0,
        "Reconciled Depreciation": 789150000.0,
        "Reconciled Cost Of Revenue": 14270585000.0,
        "EBITDA": 2904456000.0,
        "EBIT": 2115306000.0,
        "Net Interest Income": -283236000.0,
        "Interest Expense": 208920000.0,
        "Interest Income": 79726000.0,
        "Normalized Income": 1747647910.998087,
        "Net Income From Continuing And Discontinued Operation": 1581791000.0,
        "Total Expenses": 14857104000.0,
        "Total Operating Income As Reported": NaN,
        "Diluted Average Shares": 2112209053.0,
        "Basic Average Shares": 2099089706.0,
        "Diluted EPS": 0.75,
        "Basic EPS": 0.75,
        "Diluted NI Availto Com Stockholders": 1581791000.0,
        "Average Dilution Earnings": NaN,
        "Net Income Common Stockholders": 1581791000.0,
        "Net Income": 1581791000.0,
        "Minority Interests": -10274000.0,
        "Net Income Including Noncontrolling Interests": 1592065000.0,
        "Net Income Continuous Operations": 1592065000.0,
        "Tax Provision": 314321000.0,
        "Pretax Income": 1906386000.0,
        "Other Income Expense": -16532000.0,
        "Other Non Operating Income Expenses": NaN,
        "Special Income Charges": -4084000.0,
        "Gain On Sale Of Business": NaN,
        "Other Special Charges": NaN,
        "Write Off": 4084000.0,
        "Earnings From Equity Interest": 182070000.0,
        "Gain On Sale Of Security": -194518000.0,
        "Net Non Operating Interest Income Expense": -283236000.0,
        "Total Other Finance Cost": 154042000.0,
        "Interest Expense Non Operating": 208920000.0,
        "Interest Income Non Operating": 79726000.0,
        "Operating Income": 2206154000.0,
        "Operating Expense": 586519000.0,
        "Other Operating Expenses": 47651000.0,
        "Other Taxes": NaN,
        "Selling General And Administration": 538868000.0,
        "Selling And Marketing Expense": 184064000.0,
        "General And Administrative Expense": 354804000.0,
        "Other Gand A": 354804000.0,
        "Gross Profit": 2792673000.0,
        "Cost Of Revenue": 14270585000.0,
        "Total Revenue": 17063258000.0,
        "Operating Revenue": 17063258000.0
    },
    "2023-12-31": {
        "Tax Effect Of Unusual Items": 15710176.73316,
        "Tax Rate For Calcs": 0.202406,
        "Normalized EBITDA": 1658069000.0,
        "Total Unusual Items": 77617000.0,
        "Total Unusual Items Excluding Goodwill": 77617000.0,
        "Net Income From Continuing Operation Net Minority Interest": 577946000.0,
        "Reconciled Depreciation": 790836000.0,
        "Reconciled Cost Of Revenue": 13082750000.0,
        "EBITDA": 1735686000.0,
        "EBIT": 944850000.0,
        "Net Interest Income": -238818000.0,
        "Interest Expense": 209142000.0,
        "Interest Income": 115354000.0,
        "Normalized Income": 516039176.73316,
        "Net Income From Continuing And Discontinued Operation": 577946000.0,
        "Total Expenses": 13876599000.0,
        "Total Operating Income As Reported": NaN,
        "Diluted Average Shares": 2099426891.0,
        "Basic Average Shares": 2099426891.0,
        "Diluted EPS": 0.279503,
        "Basic EPS": 0.279503,
        "Diluted NI Availto Com Stockholders": 577494000.0,
        "Average Dilution Earnings": NaN,
        "Net Income Common Stockholders": 577946000.0,
        "Net Income": 577946000.0,
        "Minority Interests": -8850000.0,
        "Net Income Including Noncontrolling Interests": 586796000.0,
        "Net Income Continuous Operations": 586796000.0,
        "Tax Provision": 148912000.0,
        "Pretax Income": 735708000.0,
        "Other Income Expense": 135609000.0,
        "Other Non Operating Income Expenses": 0.0,
        "Special Income Charges": -5663000.0,
        "Gain On Sale Of Business": NaN,
        "Other Special Charges": NaN,
        "Write Off": 5663000.0,
        "Earnings From Equity Interest": 57992000.0,
        "Gain On Sale Of Security": 83280000.0,
        "Net Non Operating Interest Income Expense": -238818000.0,
        "Total Other Finance Cost": 145030000.0,
        "Interest Expense Non Operating": 209142000.0,
        "Interest Income Non Operating": 115354000.0,
        "Operating Income": 838917000.0,
        "Operating Expense": 793849000.0,
        "Other Operating Expenses": 225467000.0,
        "Other Taxes": NaN,
        "Selling General And Administration": 568382000.0,
        "Selling And Marketing Expense": 183761000.0,
        "General And Administrative Expense": 384621000.0,
        "Other Gand A": 384621000.0,
        "Gross Profit": 1632766000.0,
        "Cost Of Revenue": 13082750000.0,
        "Total Revenue": 14715516000.0,
        "Operating Revenue": 22644673000.0
    },
    "2024-03-31": {
        "Tax Effect Of Unusual Items": 58232311.931792,
        "Tax Rate For Calcs": 0.098259,
        "Normalized EBITDA": 2568192000.0,
        "Total Unusual Items": 592641000.0,
        "Total Unusual Items Excluding Goodwill": 592641000.0,
        "Net Income From Continuing Operation Net Minority Interest": 2043782000.0,
        "Reconciled Depreciation": 725785000.0,
        "Reconciled Cost Of Revenue": 13790544000.0,
        "EBITDA": 3160833000.0,
        "EBIT": 2435048000.0,
        "Net Interest Income": -280115000.0,
        "Interest Expense": 158483000.0,
        "Interest Income": 63083000.0,
        "Normalized Income": 1509373311.931792,
        "Net Income From Continuing And Discontinued Operation": 2043782000.0,
        "Total Expenses": 14325340000.0,
        "Total Operating Income As Reported": NaN,
        "Diluted Average Shares": 2532828066.0,
        "Basic Average Shares": 2521526407.0,
        "Diluted EPS": 0.808333,
        "Basic EPS": 0.808333,
        "Diluted NI Availto Com Stockholders": 2047370000.0,
        "Average Dilution Earnings": 3588000.0,
        "Net Income Common Stockholders": 2043782000.0,
        "Net Income": 2043782000.0,
        "Minority Interests": -9090000.0,
        "Net Income Including Noncontrolling Interests": 2052872000.0,
        "Net Income Continuous Operations": 2052872000.0,
        "Tax Provision": 223693000.0,
        "Pretax Income": 2276565000.0,
        "Other Income Expense": 671757000.0,
        "Other Non Operating Income Expenses": NaN,
        "Special Income Charges": 497971000.0,
        "Gain On Sale Of Business": 808367000.0,
        "Other Special Charges": 290302000.0,
        "Write Off": 20094000.0,
        "Earnings From Equity Interest": 79116000.0,
        "Gain On Sale Of Security": 94670000.0,
        "Net Non Operating Interest Income Expense": -280115000.0,
        "Total Other Finance Cost": 184715000.0,
        "Interest Expense Non Operating": 158483000.0,
        "Interest Income Non Operating": 63083000.0,
        "Operating Income": 1884923000.0,
        "Operating Expense": 534796000.0,
        "Other Operating Expenses": 33860000.0,
        "Other Taxes": NaN,
        "Selling General And Administration": 500936000.0,
        "Selling And Marketing Expense": 183007000.0,
        "General And Administrative Expense": 317929000.0,
        "Other Gand A": 317929000.0,
        "Gross Profit": 2419719000.0,
        "Cost Of Revenue": 13790544000.0,
        "Total Revenue": 16210263000.0,
        "Operating Revenue": 16210263000.0
    }
}