{
    "2023-03-31": {
        "Tax Effect Of Unusual Items": NaN,
        "Tax Rate For Calcs": NaN,
        "Normalized EBITDA": NaN,
        "Total Unusual Items": NaN,
        "Total Unusual Items Excluding Goodwill": NaN,
        "Net Income From Continuing Operation Net Minority Interest": NaN,
        "Reconciled Depreciation": NaN,
        "EBITDA": NaN,
        "EBIT": NaN,
        "Net Interest Income": NaN,
        "Interest Expense": NaN,
        "Interest Income": NaN,
        "Normalized Income": NaN,
        "Net Income From Continuing And Discontinued Operation": NaN,
        "Total Expenses": NaN,
        "Total Operating Income As Reported": NaN,
        "Diluted Average Shares": 52020849.0,
        "Basic Average Shares": 52020849.0,
        "Diluted EPS": -0.21,
        "Basic EPS": -0.21,
        "Diluted NI Availto Com Stockholders": NaN,
        "Net Income Common Stockholders": NaN,
        "Net Income": NaN,
        "Net Income Including Noncontrolling Interests": NaN,
        "Net Income Continuous Operations": NaN,
        "Tax Provision": NaN,
        "Pretax Income": NaN,
        "Other Income Expense": NaN,
        "Gain On Sale Of Security": NaN,
        "Net Non Operating Interest Income Expense": NaN,
        "Total Other Finance Cost": NaN,
        "Interest Expense Non Operating": NaN,
        "Interest Income Non Operating": NaN,
        "Operating Income": NaN,
        "Operating Expense": NaN,
        "Provision For Doubtful Accounts": NaN,
        "Depreciation Amortization Depletion Income Statement": NaN,
        "Depreciation And Amortization In Income Statement": NaN,
        "Depreciation Income Statement": NaN,
        "Research And Development": NaN,
        "Selling General And Administration": NaN,
        "General And Administrative Expense": NaN,
        "Other Gand A": NaN,
        "Salaries And Wages": NaN,
        "Total Revenue": NaN,
        "Operating Revenue": NaN
    },
    "2022-12-31": {
        "Tax Effect Of Unusual Items": 0.0,
        "Tax Rate For Calcs": 0.0,
        "Normalized EBITDA": -16335000.0,
        "Total Unusual Items": -8336000.0,
        "Total Unusual Items Excluding Goodwill": -8336000.0,
        "Net Income From Continuing Operation Net Minority Interest": -16586000.0,
        "Reconciled Depreciation": 13000.0,
        "EBITDA": -24671000.0,
        "EBIT": -24684000.0,
        "Net Interest Income": 922000.0,
        "Interest Expense": NaN,
        "Interest Income": NaN,
        "Normalized Income": -8250000.0,
        "Net Income From Continuing And Discontinued Operation": -16586000.0,
        "Total Expenses": 9172000.0,
        "Total Operating Income As Reported": -9172000.0,
        "Diluted Average Shares": NaN,
        "Basic Average Shares": NaN,
        "Diluted EPS": NaN,
        "Basic EPS": NaN,
        "Diluted NI Availto Com Stockholders": -16586000.0,
        "Net Income Common Stockholders": -16586000.0,
        "Net Income": -16586000.0,
        "Net Income Including Noncontrolling Interests": -16586000.0,
        "Net Income Continuous Operations": -16586000.0,
        "Tax Provision": 0.0,
        "Pretax Income": -16586000.0,
        "Other Income Expense": -8336000.0,
        "Gain On Sale Of Security": -8336000.0,
        "Net Non Operating Interest Income Expense": 922000.0,
        "Total Other Finance Cost": NaN,
        "Interest Expense Non Operating": NaN,
        "Interest Income Non Operating": NaN,
        "Operating Income": -9172000.0,
        "Operating Expense": 9172000.0,
        "Provision For Doubtful Accounts": NaN,
        "Depreciation Amortization Depletion Income Statement": 2000.0,
        "Depreciation And Amortization In Income Statement": 2000.0,
        "Depreciation Income Statement": 2000.0,
        "Research And Development": 6910000.0,
        "Selling General And Administration": 2260000.0,
        "General And Administrative Expense": 2260000.0,
        "Other Gand A": 1640000.0,
        "Salaries And Wages": 620000.0,
        "Total Revenue": 0.0,
        "Operating Revenue": 0.0
    },
    "2022-09-30": {
        "Tax Effect Of Unusual Items": NaN,
        "Tax Rate For Calcs": NaN,
        "Normalized EBITDA": NaN,
        "Total Unusual Items": NaN,
        "Total Unusual Items Excluding Goodwill": NaN,
        "Net Income From Continuing Operation Net Minority Interest": NaN,
        "Reconciled Depreciation": NaN,
        "EBITDA": NaN,
        "EBIT": NaN,
        "Net Interest Income": NaN,
        "Interest Expense": NaN,
        "Interest Income": NaN,
        "Normalized Income": NaN,
        "Net Income From Continuing And Discontinued Operation": NaN,
        "Total Expenses": NaN,
        "Total Operating Income As Reported": NaN,
        "Diluted Average Shares": 52020849.0,
        "Basic Average Shares": 52020849.0,
        "Diluted EPS": -0.01,
        "Basic EPS": -0.01,
        "Diluted NI Availto Com Stockholders": NaN,
        "Net Income Common Stockholders": NaN,
        "Net Income": NaN,
        "Net Income Including Noncontrolling Interests": NaN,
        "Net Income Continuous Operations": NaN,
        "Tax Provision": NaN,
        "Pretax Income": NaN,
        "Other Income Expense": NaN,
        "Gain On Sale Of Security": NaN,
        "Net Non Operating Interest Income Expense": NaN,
        "Total Other Finance Cost": NaN,
        "Interest Expense Non Operating": NaN,
        "Interest Income Non Operating": NaN,
        "Operating Income": NaN,
        "Operating Expense": NaN,
        "Provision For Doubtful Accounts": NaN,
        "Depreciation Amortization Depletion Income Statement": NaN,
        "Depreciation And Amortization In Income Statement": NaN,
        "Depreciation Income Statement": NaN,
        "Research And Development": NaN,
        "Selling General And Administration": NaN,
        "General And Administrative Expense": NaN,
        "Other Gand A": NaN,
        "Salaries And Wages": NaN,
        "Total Revenue": NaN,
        "Operating Revenue": NaN
    },
    "2022-06-30": {
        "Tax Effect Of Unusual Items": 0.0,
        "Tax Rate For Calcs": 0.0,
        "Normalized EBITDA": -6739000.0,
        "Total Unusual Items": 7084000.0,
        "Total Unusual Items Excluding Goodwill": 7084000.0,
        "Net Income From Continuing Operation Net Minority Interest": 334000.0,
        "Reconciled Depreciation": 11000.0,
        "EBITDA": 345000.0,
        "EBIT": 334000.0,
        "Net Interest Income": 0.0,
        "Interest Expense": 0.0,
        "Interest Income": NaN,
        "Normalized Income": -6750000.0,
        "Net Income From Continuing And Discontinued Operation": 334000.0,
        "Total Expenses": 6750000.0,
        "Total Operating Income As Reported": -6750000.0,
        "Diluted Average Shares": 52020849.0,
        "Basic Average Shares": 52020849.0,
        "Diluted EPS": 0.01,
        "Basic EPS": 0.01,
        "Diluted NI Availto Com Stockholders": 334000.0,
        "Net Income Common Stockholders": 334000.0,
        "Net Income": 334000.0,
        "Net Income Including Noncontrolling Interests": 334000.0,
        "Net Income Continuous Operations": 334000.0,
        "Tax Provision": 0.0,
        "Pretax Income": 334000.0,
        "Other Income Expense": 7084000.0,
        "Gain On Sale Of Security": 7084000.0,
        "Net Non Operating Interest Income Expense": 0.0,
        "Interest Expense Non Operating": 0.0,
        "Interest Income Non Operating": NaN,
        "Operating Income": -6750000.0,
        "Operating Expense": 6750000.0,
        "Provision For Doubtful Accounts": NaN,
        "Depreciation Amortization Depletion Income Statement": NaN,
        "Depreciation And Amortization In Income Statement": NaN,
        "Depreciation Income Statement": NaN,
        "Research And Development": 4240000.0,
        "Selling General And Administration": 2510000.0,
        "General And Administrative Expense": 2510000.0,
        "Other Gand A": 1936000.0,
        "Salaries And Wages": 574000.0,
        "Total Revenue": 0.0,
        "Operating Revenue": 0.0
    },
    "2022-03-31": {
        "Diluted EPS": -0.11,
        "Total Revenue": NaN,
        "Gross Profit": NaN,
        "Operating Income": -8,
        "EBIT": -8,
        "Net Income": -6
    },
    "2021-12-31": {
        "Diluted EPS": -0.09,
        "Total Revenue": NaN,
        "Gross Profit": NaN,
        "Operating Income": -7,
        "EBIT": -7,
        "Net Income": -4
    },
    "2021-09-30": {
        "Diluted EPS": -0.04,
        "Total Revenue": NaN,
        "Gross Profit": NaN,
        "Operating Income": -5,
        "EBIT": -5,
        "Net Income": -2
    },
    "2021-06-30": {
        "Diluted EPS": -0.05,
        "Total Revenue": NaN,
        "Gross Profit": NaN,
        "Operating Income": -3,
        "EBIT": -3,
        "Net Income": -2
    },
    "2021-03-31": {
        "Diluted EPS": -0.04,
        "Total Revenue": NaN,
        "Gross Profit": NaN,
        "Operating Income": -1,
        "EBIT": -1,
        "Net Income": -1
    },
    "2020-12-31": {
        "Diluted EPS": -0.01,
        "Total Revenue": NaN,
        "Gross Profit": NaN,
        "Operating Income": 0,
        "EBIT": 0,
        "Net Income": 0
    },
    "2020-09-30": {
        "Diluted EPS": -0.0,
        "Total Revenue": NaN,
        "Gross Profit": NaN,
        "Operating Income": 0,
        "EBIT": 0,
        "Net Income": 0
    },
    "2020-06-30": {
        "Diluted EPS": -0.0,
        "Total Revenue": NaN,
        "Gross Profit": NaN,
        "Operating Income": 0,
        "EBIT": 0,
        "Net Income": 0
    },
    "2020-03-31": {
        "Diluted EPS": 0.0,
        "Total Revenue": NaN,
        "Gross Profit": NaN,
        "Operating Income": 0,
        "EBIT": 0,
        "Net Income": 0
    },
    "2019-12-31": {
        "Diluted EPS": 0.0,
        "Total Revenue": NaN,
        "Gross Profit": NaN,
        "Operating Income": NaN,
        "EBIT": NaN,
        "Net Income": NaN
    },
    "2023-06-30": {
        "Tax Effect Of Unusual Items": 0.0,
        "Tax Rate For Calcs": 0.0,
        "Normalized EBITDA": -8758000.0,
        "Total Unusual Items": 1125000.0,
        "Total Unusual Items Excluding Goodwill": 1125000.0,
        "Net Income From Continuing Operation Net Minority Interest": -7729000.0,
        "Reconciled Depreciation": 80000.0,
        "EBITDA": -7633000.0,
        "EBIT": -7713000.0,
        "Net Interest Income": 854000.0,
        "Interest Expense": 16000.0,
        "Interest Income": 1033000.0,
        "Normalized Income": -8854000.0,
        "Net Income From Continuing And Discontinued Operation": -7729000.0,
        "Total Expenses": 9708000.0,
        "Total Operating Income As Reported": -9925000.0,
        "Diluted Average Shares": 52020849.0,
        "Basic Average Shares": 52020849.0,
        "Diluted EPS": -0.15,
        "Basic EPS": -0.15,
        "Diluted NI Availto Com Stockholders": -7729000.0,
        "Net Income Common Stockholders": -7729000.0,
        "Net Income": -7729000.0,
        "Net Income Including Noncontrolling Interests": -7729000.0,
        "Net Income Continuous Operations": -7729000.0,
        "Tax Provision": 0.0,
        "Pretax Income": -7729000.0,
        "Other Income Expense": 1125000.0,
        "Gain On Sale Of Security": 1125000.0,
        "Net Non Operating Interest Income Expense": 854000.0,
        "Total Other Finance Cost": 163000.0,
        "Interest Expense Non Operating": 16000.0,
        "Interest Income Non Operating": 1033000.0,
        "Operating Income": -9708000.0,
        "Operating Expense": 9708000.0,
        "Provision For Doubtful Accounts": -217000.0,
        "Depreciation Amortization Depletion Income Statement": 70000.0,
        "Depreciation And Amortization In Income Statement": 70000.0,
        "Depreciation Income Statement": 70000.0,
        "Research And Development": 7176000.0,
        "Selling General And Administration": 2679000.0,
        "General And Administrative Expense": 2679000.0,
        "Other Gand A": 1839000.0,
        "Salaries And Wages": 840000.0,
        "Total Revenue": 0.0,
        "Operating Revenue": 0.0
    },
    "2023-09-30": {
        "Tax Effect Of Unusual Items": 0.0,
        "Tax Rate For Calcs": 0.0,
        "Normalized EBITDA": -8643000.0,
        "Total Unusual Items": 3090000.0,
        "Total Unusual Items Excluding Goodwill": 3090000.0,
        "Net Income From Continuing Operation Net Minority Interest": -5649000.0,
        "Reconciled Depreciation": 80000.0,
        "EBITDA": -5553000.0,
        "EBIT": -5633000.0,
        "Net Interest Income": 997000.0,
        "Interest Expense": 16000.0,
        "Interest Income": 1181000.0,
        "Normalized Income": -8739000.0,
        "Net Income From Continuing And Discontinued Operation": -5649000.0,
        "Total Expenses": 9736000.0,
        "Total Operating Income As Reported": -9719000.0,
        "Diluted Average Shares": 52020849.0,
        "Basic Average Shares": 52020849.0,
        "Diluted EPS": -0.11,
        "Basic EPS": -0.11,
        "Diluted NI Availto Com Stockholders": -5649000.0,
        "Net Income Common Stockholders": -5649000.0,
        "Net Income": -5649000.0,
        "Net Income Including Noncontrolling Interests": -5649000.0,
        "Net Income Continuous Operations": -5649000.0,
        "Tax Provision": 0.0,
        "Pretax Income": -5649000.0,
        "Other Income Expense": 3090000.0,
        "Gain On Sale Of Security": 3090000.0,
        "Net Non Operating Interest Income Expense": 997000.0,
        "Total Other Finance Cost": 168000.0,
        "Interest Expense Non Operating": 16000.0,
        "Interest Income Non Operating": 1181000.0,
        "Operating Income": -9736000.0,
        "Operating Expense": 9736000.0,
        "Provision For Doubtful Accounts": 17000.0,
        "Depreciation Amortization Depletion Income Statement": 72000.0,
        "Depreciation And Amortization In Income Statement": 72000.0,
        "Depreciation Income Statement": 72000.0,
        "Research And Development": 7088000.0,
        "Selling General And Administration": 2559000.0,
        "General And Administrative Expense": 2559000.0,
        "Other Gand A": 1725000.0,
        "Salaries And Wages": 834000.0,
        "Total Revenue": 0.0,
        "Operating Revenue": 0.0
    },
    "2023-12-31": {
        "Tax Effect Of Unusual Items": 0.0,
        "Tax Rate For Calcs": 0.0,
        "Normalized EBITDA": -8467000.0,
        "Total Unusual Items": -2714000.0,
        "Total Unusual Items Excluding Goodwill": -2714000.0,
        "Net Income From Continuing Operation Net Minority Interest": -11272000.0,
        "Reconciled Depreciation": 78000.0,
        "EBITDA": -11181000.0,
        "EBIT": -11259000.0,
        "Net Interest Income": 2601000.0,
        "Interest Expense": 13000.0,
        "Interest Income": 2790000.0,
        "Normalized Income": -8558000.0,
        "Net Income From Continuing And Discontinued Operation": -11272000.0,
        "Total Expenses": 11159000.0,
        "Total Operating Income As Reported": -11159000.0,
        "Diluted Average Shares": NaN,
        "Basic Average Shares": NaN,
        "Diluted EPS": NaN,
        "Basic EPS": NaN,
        "Diluted NI Availto Com Stockholders": -11272000.0,
        "Net Income Common Stockholders": -11272000.0,
        "Net Income": -11272000.0,
        "Net Income Including Noncontrolling Interests": -11272000.0,
        "Net Income Continuous Operations": -11272000.0,
        "Tax Provision": 0.0,
        "Pretax Income": -11272000.0,
        "Other Income Expense": -2714000.0,
        "Gain On Sale Of Security": -2714000.0,
        "Net Non Operating Interest Income Expense": 2601000.0,
        "Total Other Finance Cost": 176000.0,
        "Interest Expense Non Operating": 13000.0,
        "Interest Income Non Operating": 2790000.0,
        "Operating Income": -11159000.0,
        "Operating Expense": 11159000.0,
        "Provision For Doubtful Accounts": 0.0,
        "Depreciation Amortization Depletion Income Statement": 71000.0,
        "Depreciation And Amortization In Income Statement": 71000.0,
        "Depreciation Income Statement": 71000.0,
        "Research And Development": 8251000.0,
        "Selling General And Administration": 2837000.0,
        "General And Administrative Expense": 2837000.0,
        "Other Gand A": 1858000.0,
        "Salaries And Wages": 979000.0,
        "Total Revenue": 0.0,
        "Operating Revenue": 0.0
    },
    "2024-03-31": {
        "Tax Effect Of Unusual Items": 0.0,
        "Tax Rate For Calcs": 0.0,
        "Normalized EBITDA": -9785000.0,
        "Total Unusual Items": 2378000.0,
        "Total Unusual Items Excluding Goodwill": 2378000.0,
        "Net Income From Continuing Operation Net Minority Interest": -7666000.0,
        "Reconciled Depreciation": 80000.0,
        "EBITDA": -7407000.0,
        "EBIT": -7487000.0,
        "Net Interest Income": 1434000.0,
        "Interest Expense": 179000.0,
        "Interest Income": 1613000.0,
        "Normalized Income": -10044000.0,
        "Net Income From Continuing And Discontinued Operation": -7666000.0,
        "Total Expenses": 11478000.0,
        "Total Operating Income As Reported": -11528000.0,
        "Diluted Average Shares": 52028145.0,
        "Basic Average Shares": 52028145.0,
        "Diluted EPS": -0.15,
        "Basic EPS": -0.15,
        "Diluted NI Availto Com Stockholders": -7666000.0,
        "Net Income Common Stockholders": -7666000.0,
        "Net Income": -7666000.0,
        "Net Income Including Noncontrolling Interests": -7666000.0,
        "Net Income Continuous Operations": -7666000.0,
        "Tax Provision": 0.0,
        "Pretax Income": -7666000.0,
        "Other Income Expense": 2378000.0,
        "Gain On Sale Of Security": 2378000.0,
        "Net Non Operating Interest Income Expense": 1434000.0,
        "Total Other Finance Cost": NaN,
        "Interest Expense Non Operating": 179000.0,
        "Interest Income Non Operating": 1613000.0,
        "Operating Income": -11478000.0,
        "Operating Expense": 11478000.0,
        "Provision For Doubtful Accounts": -50000.0,
        "Depreciation Amortization Depletion Income Statement": 74000.0,
        "Depreciation And Amortization In Income Statement": 74000.0,
        "Depreciation Income Statement": 74000.0,
        "Research And Development": 8658000.0,
        "Selling General And Administration": 2796000.0,
        "General And Administrative Expense": 2796000.0,
        "Other Gand A": 1915000.0,
        "Salaries And Wages": 881000.0,
        "Total Revenue": 0.0,
        "Operating Revenue": 0.0
    },
    "2024-06-30": {
        "Tax Effect Of Unusual Items": 0.0,
        "Tax Rate For Calcs": 0.0,
        "Normalized EBITDA": -11835000.0,
        "Total Unusual Items": 1547000.0,
        "Total Unusual Items Excluding Goodwill": 1547000.0,
        "Net Income From Continuing Operation Net Minority Interest": -10379000.0,
        "Reconciled Depreciation": 78000.0,
        "EBITDA": -10288000.0,
        "EBIT": -10366000.0,
        "Net Interest Income": 1296000.0,
        "Interest Expense": 13000.0,
        "Interest Income": 1474000.0,
        "Normalized Income": -11926000.0,
        "Net Income From Continuing And Discontinued Operation": -10379000.0,
        "Total Expenses": 13222000.0,
        "Total Operating Income As Reported": -13219000.0,
        "Diluted Average Shares": 52028145.0,
        "Basic Average Shares": 52028145.0,
        "Diluted EPS": -0.2,
        "Basic EPS": -0.2,
        "Diluted NI Availto Com Stockholders": -10379000.0,
        "Net Income Common Stockholders": -10379000.0,
        "Net Income": -10379000.0,
        "Net Income Including Noncontrolling Interests": -10379000.0,
        "Net Income Continuous Operations": -10379000.0,
        "Tax Provision": 0.0,
        "Pretax Income": -10379000.0,
        "Other Income Expense": 1547000.0,
        "Gain On Sale Of Security": 1547000.0,
        "Net Non Operating Interest Income Expense": 1296000.0,
        "Total Other Finance Cost": 165000.0,
        "Interest Expense Non Operating": 13000.0,
        "Interest Income Non Operating": 1474000.0,
        "Operating Income": -13222000.0,
        "Operating Expense": 13222000.0,
        "Provision For Doubtful Accounts": 3000.0,
        "Depreciation Amortization Depletion Income Statement": 73000.0,
        "Depreciation And Amortization In Income Statement": 73000.0,
        "Depreciation Income Statement": 73000.0,
        "Research And Development": 9755000.0,
        "Selling General And Administration": 3391000.0,
        "General And Administrative Expense": 3391000.0,
        "Other Gand A": 2322000.0,
        "Salaries And Wages": 1069000.0,
        "Total Revenue": 0.0,
        "Operating Revenue": 0.0
    }
}