{
    "2023-06-30": {
        "Tax Effect Of Unusual Items": NaN,
        "Tax Rate For Calcs": NaN,
        "Normalized EBITDA": NaN,
        "Total Unusual Items": NaN,
        "Total Unusual Items Excluding Goodwill": NaN,
        "Net Income From Continuing Operation Net Minority Interest": NaN,
        "Reconciled Cost Of Revenue": NaN,
        "EBITDA": NaN,
        "EBIT": NaN,
        "Net Interest Income": NaN,
        "Interest Income": NaN,
        "Normalized Income": NaN,
        "Net Income From Continuing And Discontinued Operation": NaN,
        "Total Expenses": NaN,
        "Total Operating Income As Reported": NaN,
        "Diluted Average Shares": NaN,
        "Basic Average Shares": NaN,
        "Diluted EPS": NaN,
        "Basic EPS": NaN,
        "Diluted NI Availto Com Stockholders": NaN,
        "Net Income Common Stockholders": NaN,
        "Net Income": NaN,
        "Net Income Including Noncontrolling Interests": NaN,
        "Net Income Continuous Operations": NaN,
        "Tax Provision": NaN,
        "Pretax Income": NaN,
        "Other Income Expense": NaN,
        "Other Non Operating Income Expenses": NaN,
        "Gain On Sale Of Security": NaN,
        "Net Non Operating Interest Income Expense": NaN,
        "Interest Income Non Operating": NaN,
        "Operating Income": NaN,
        "Operating Expense": NaN,
        "Other Operating Expenses": -101.0,
        "Research And Development": NaN,
        "Selling General And Administration": NaN,
        "Selling And Marketing Expense": NaN,
        "General And Administrative Expense": NaN,
        "Other Gand A": NaN,
        "Gross Profit": NaN,
        "Cost Of Revenue": NaN,
        "Total Revenue": NaN,
        "Operating Revenue": NaN
    },
    "2023-03-31": {
        "Tax Effect Of Unusual Items": NaN,
        "Tax Rate For Calcs": NaN,
        "Normalized EBITDA": NaN,
        "Total Unusual Items": NaN,
        "Total Unusual Items Excluding Goodwill": NaN,
        "Net Income From Continuing Operation Net Minority Interest": NaN,
        "Reconciled Cost Of Revenue": NaN,
        "EBITDA": NaN,
        "EBIT": NaN,
        "Net Interest Income": NaN,
        "Interest Income": NaN,
        "Normalized Income": NaN,
        "Net Income From Continuing And Discontinued Operation": NaN,
        "Total Expenses": NaN,
        "Total Operating Income As Reported": NaN,
        "Diluted Average Shares": NaN,
        "Basic Average Shares": NaN,
        "Diluted EPS": NaN,
        "Basic EPS": NaN,
        "Diluted NI Availto Com Stockholders": NaN,
        "Net Income Common Stockholders": NaN,
        "Net Income": NaN,
        "Net Income Including Noncontrolling Interests": NaN,
        "Net Income Continuous Operations": NaN,
        "Tax Provision": NaN,
        "Pretax Income": NaN,
        "Other Income Expense": NaN,
        "Other Non Operating Income Expenses": NaN,
        "Gain On Sale Of Security": NaN,
        "Net Non Operating Interest Income Expense": NaN,
        "Interest Income Non Operating": NaN,
        "Operating Income": NaN,
        "Operating Expense": NaN,
        "Other Operating Expenses": 1000.0,
        "Research And Development": NaN,
        "Selling General And Administration": NaN,
        "Selling And Marketing Expense": NaN,
        "General And Administrative Expense": NaN,
        "Other Gand A": NaN,
        "Gross Profit": NaN,
        "Cost Of Revenue": NaN,
        "Total Revenue": NaN,
        "Operating Revenue": NaN
    },
    "2022-12-31": {
        "Tax Effect Of Unusual Items": NaN,
        "Tax Rate For Calcs": NaN,
        "Normalized EBITDA": NaN,
        "Total Unusual Items": NaN,
        "Total Unusual Items Excluding Goodwill": NaN,
        "Net Income From Continuing Operation Net Minority Interest": NaN,
        "Reconciled Cost Of Revenue": NaN,
        "EBITDA": NaN,
        "EBIT": NaN,
        "Net Interest Income": NaN,
        "Interest Income": NaN,
        "Normalized Income": NaN,
        "Net Income From Continuing And Discontinued Operation": NaN,
        "Total Expenses": NaN,
        "Total Operating Income As Reported": NaN,
        "Diluted Average Shares": 11052235.0,
        "Basic Average Shares": 11052235.0,
        "Diluted EPS": 0.003643,
        "Basic EPS": 0.003643,
        "Diluted NI Availto Com Stockholders": NaN,
        "Net Income Common Stockholders": NaN,
        "Net Income": NaN,
        "Net Income Including Noncontrolling Interests": NaN,
        "Net Income Continuous Operations": NaN,
        "Tax Provision": NaN,
        "Pretax Income": NaN,
        "Other Income Expense": NaN,
        "Other Non Operating Income Expenses": NaN,
        "Gain On Sale Of Security": NaN,
        "Net Non Operating Interest Income Expense": NaN,
        "Interest Income Non Operating": NaN,
        "Operating Income": NaN,
        "Operating Expense": NaN,
        "Other Operating Expenses": NaN,
        "Research And Development": NaN,
        "Selling General And Administration": NaN,
        "Selling And Marketing Expense": NaN,
        "General And Administrative Expense": NaN,
        "Other Gand A": NaN,
        "Gross Profit": NaN,
        "Cost Of Revenue": NaN,
        "Total Revenue": NaN,
        "Operating Revenue": NaN
    },
    "2022-09-30": {
        "Tax Effect Of Unusual Items": NaN,
        "Tax Rate For Calcs": NaN,
        "Normalized EBITDA": NaN,
        "Total Unusual Items": NaN,
        "Total Unusual Items Excluding Goodwill": NaN,
        "Net Income From Continuing Operation Net Minority Interest": NaN,
        "Reconciled Cost Of Revenue": NaN,
        "EBITDA": NaN,
        "EBIT": NaN,
        "Net Interest Income": NaN,
        "Interest Income": NaN,
        "Normalized Income": NaN,
        "Net Income From Continuing And Discontinued Operation": NaN,
        "Total Expenses": NaN,
        "Total Operating Income As Reported": NaN,
        "Diluted Average Shares": NaN,
        "Basic Average Shares": NaN,
        "Diluted EPS": NaN,
        "Basic EPS": NaN,
        "Diluted NI Availto Com Stockholders": NaN,
        "Net Income Common Stockholders": NaN,
        "Net Income": NaN,
        "Minority Interests": 0.0,
        "Net Income Including Noncontrolling Interests": NaN,
        "Net Income Continuous Operations": NaN,
        "Tax Provision": NaN,
        "Pretax Income": NaN,
        "Other Income Expense": NaN,
        "Other Non Operating Income Expenses": NaN,
        "Gain On Sale Of Security": NaN,
        "Net Non Operating Interest Income Expense": NaN,
        "Interest Income Non Operating": NaN,
        "Operating Income": NaN,
        "Operating Expense": NaN,
        "Other Operating Expenses": 820.0,
        "Research And Development": NaN,
        "Selling General And Administration": NaN,
        "Selling And Marketing Expense": NaN,
        "General And Administrative Expense": NaN,
        "Other Gand A": NaN,
        "Gross Profit": NaN,
        "Cost Of Revenue": NaN,
        "Total Revenue": NaN,
        "Operating Revenue": NaN
    },
    "2022-06-30": {
        "Tax Effect Of Unusual Items": 0.0,
        "Tax Rate For Calcs": 0.0,
        "Normalized EBITDA": -474983.0,
        "Total Unusual Items": -369402.0,
        "Total Unusual Items Excluding Goodwill": -369402.0,
        "Net Income From Continuing Operation Net Minority Interest": -1130863.0,
        "Reconciled Cost Of Revenue": 588907.0,
        "EBITDA": -844385.0,
        "EBIT": -844385.0,
        "Net Interest Income": 66575.0,
        "Interest Income": 66575.0,
        "Normalized Income": -761461.0,
        "Net Income From Continuing And Discontinued Operation": -1130863.0,
        "Total Expenses": 2207672.0,
        "Total Operating Income As Reported": -844385.0,
        "Diluted Average Shares": 11052235.0,
        "Basic Average Shares": 11052235.0,
        "Diluted EPS": -0.1,
        "Basic EPS": -0.1,
        "Diluted NI Availto Com Stockholders": -1130863.0,
        "Net Income Common Stockholders": -1130863.0,
        "Net Income": -1130863.0,
        "Minority Interests": 0.0,
        "Net Income Including Noncontrolling Interests": -1130863.0,
        "Net Income Continuous Operations": -1130863.0,
        "Tax Provision": 0.0,
        "Pretax Income": -1130863.0,
        "Other Income Expense": -353053.0,
        "Other Non Operating Income Expenses": 16349.0,
        "Gain On Sale Of Security": -369402.0,
        "Net Non Operating Interest Income Expense": 66575.0,
        "Interest Income Non Operating": 66575.0,
        "Operating Income": -844385.0,
        "Operating Expense": 1618765.0,
        "Other Operating Expenses": 712.0,
        "Research And Development": 320965.0,
        "Selling General And Administration": 1297088.0,
        "Selling And Marketing Expense": 376899.0,
        "General And Administrative Expense": 920189.0,
        "Other Gand A": 920189.0,
        "Gross Profit": 774380.0,
        "Cost Of Revenue": 588907.0,
        "Total Revenue": 1363287.0,
        "Operating Revenue": 1363287.0
    },
    "2022-03-31": {
        "Diluted EPS": -0.1,
        "Total Revenue": 2,
        "Gross Profit": 1,
        "Operating Income": -1,
        "EBIT": -1,
        "Net Income": -1
    },
    "2021-12-31": {
        "Diluted EPS": -0.08,
        "Total Revenue": 1,
        "Gross Profit": 1,
        "Operating Income": -1,
        "EBIT": -1,
        "Net Income": -1
    },
    "2021-09-30": {
        "Diluted EPS": -0.07,
        "Total Revenue": 2,
        "Gross Profit": 1,
        "Operating Income": -1,
        "EBIT": -1,
        "Net Income": -1
    },
    "2021-06-30": {
        "Diluted EPS": -0.08,
        "Total Revenue": 1,
        "Gross Profit": 1,
        "Operating Income": -1,
        "EBIT": -1,
        "Net Income": -1
    },
    "2021-03-31": {
        "Diluted EPS": -0.08,
        "Total Revenue": 1,
        "Gross Profit": 1,
        "Operating Income": -1,
        "EBIT": -1,
        "Net Income": -1
    },
    "2020-12-31": {
        "Diluted EPS": -0.03,
        "Total Revenue": 1,
        "Gross Profit": 1,
        "Operating Income": -1,
        "EBIT": -1,
        "Net Income": 0
    },
    "2020-09-30": {
        "Diluted EPS": -0.02,
        "Total Revenue": 2,
        "Gross Profit": 1,
        "Operating Income": 0,
        "EBIT": 0,
        "Net Income": 0
    },
    "2020-06-30": {
        "Diluted EPS": -0.04,
        "Total Revenue": 2,
        "Gross Profit": 1,
        "Operating Income": -1,
        "EBIT": -1,
        "Net Income": 0
    },
    "2020-03-31": {
        "Diluted EPS": -0.03,
        "Total Revenue": 2,
        "Gross Profit": 1,
        "Operating Income": -1,
        "EBIT": -1,
        "Net Income": 0
    },
    "2019-12-31": {
        "Diluted EPS": -0.02,
        "Total Revenue": 2,
        "Gross Profit": 1,
        "Operating Income": 0,
        "EBIT": 0,
        "Net Income": 0
    },
    "2019-09-30": {
        "Diluted EPS": -0.02,
        "Total Revenue": 2,
        "Gross Profit": 1,
        "Operating Income": -1,
        "EBIT": -1,
        "Net Income": 0
    },
    "2019-06-30": {
        "Diluted EPS": -0.06,
        "Total Revenue": 2,
        "Gross Profit": 1,
        "Operating Income": -1,
        "EBIT": -1,
        "Net Income": -1
    },
    "2019-03-31": {
        "Diluted EPS": -0.05,
        "Total Revenue": 1,
        "Gross Profit": 1,
        "Operating Income": -1,
        "EBIT": -1,
        "Net Income": -1
    },
    "2018-12-31": {
        "Diluted EPS": -0.04,
        "Total Revenue": 2,
        "Gross Profit": 1,
        "Operating Income": -1,
        "EBIT": -1,
        "Net Income": -1
    },
    "2018-09-30": {
        "Diluted EPS": -0.1,
        "Total Revenue": 2,
        "Gross Profit": 1,
        "Operating Income": -1,
        "EBIT": -1,
        "Net Income": -1
    },
    "2018-06-30": {
        "Diluted EPS": -0.07,
        "Total Revenue": 2,
        "Gross Profit": 1,
        "Operating Income": -1,
        "EBIT": -1,
        "Net Income": -1
    },
    "2018-03-31": {
        "Diluted EPS": -0.08,
        "Total Revenue": 2,
        "Gross Profit": 1,
        "Operating Income": -1,
        "EBIT": -1,
        "Net Income": -1
    },
    "2017-12-31": {
        "Diluted EPS": 0.1,
        "Total Revenue": 2,
        "Gross Profit": 1,
        "Operating Income": 1,
        "EBIT": 1,
        "Net Income": 1
    },
    "2017-09-30": {
        "Diluted EPS": -0.01,
        "Total Revenue": 2,
        "Gross Profit": 1,
        "Operating Income": 0,
        "EBIT": 0,
        "Net Income": 0
    },
    "2017-06-30": {
        "Diluted EPS": 0.08,
        "Total Revenue": 3,
        "Gross Profit": 2,
        "Operating Income": -1,
        "EBIT": -1,
        "Net Income": 1
    },
    "2017-03-31": {
        "Diluted EPS": -0.07,
        "Total Revenue": 4,
        "Gross Profit": 2,
        "Operating Income": 0,
        "EBIT": 0,
        "Net Income": -1
    },
    "2016-12-31": {
        "Diluted EPS": -0.26,
        "Total Revenue": 2,
        "Gross Profit": 1,
        "Operating Income": -4,
        "EBIT": -4,
        "Net Income": -3
    },
    "2016-09-30": {
        "Diluted EPS": -0.2,
        "Total Revenue": 2,
        "Gross Profit": 1,
        "Operating Income": -1,
        "EBIT": -1,
        "Net Income": -2
    },
    "2016-06-30": {
        "Diluted EPS": -0.19,
        "Total Revenue": 2,
        "Gross Profit": 1,
        "Operating Income": -1,
        "EBIT": -1,
        "Net Income": -2
    },
    "2016-03-31": {
        "Diluted EPS": 0.1,
        "Total Revenue": 2,
        "Gross Profit": 1,
        "Operating Income": 0,
        "EBIT": 0,
        "Net Income": 1
    },
    "2015-12-31": {
        "Diluted EPS": -0.74,
        "Total Revenue": 2,
        "Gross Profit": 1,
        "Operating Income": -8,
        "EBIT": -8,
        "Net Income": -9
    },
    "2015-09-30": {
        "Diluted EPS": -0.03,
        "Total Revenue": 2,
        "Gross Profit": -1,
        "Operating Income": -5,
        "EBIT": -5,
        "Net Income": 0
    },
    "2015-06-30": {
        "Diluted EPS": 0.1,
        "Total Revenue": 3,
        "Gross Profit": 0,
        "Operating Income": -4,
        "EBIT": -4,
        "Net Income": 1
    },
    "2015-03-31": {
        "Diluted EPS": 0.47,
        "Total Revenue": 3,
        "Gross Profit": 1,
        "Operating Income": -3,
        "EBIT": -3,
        "Net Income": 5
    },
    "2014-12-31": {
        "Diluted EPS": 0.5,
        "Total Revenue": 3,
        "Gross Profit": 0,
        "Operating Income": -4,
        "EBIT": -3,
        "Net Income": 5
    },
    "2014-09-30": {
        "Diluted EPS": -0.45,
        "Total Revenue": 2,
        "Gross Profit": 0,
        "Operating Income": -4,
        "EBIT": -4,
        "Net Income": -5
    },
    "2014-06-30": {
        "Diluted EPS": -0.25,
        "Total Revenue": 2,
        "Gross Profit": 1,
        "Operating Income": -3,
        "EBIT": -3,
        "Net Income": -3
    },
    "2014-03-31": {
        "Diluted EPS": -0.3,
        "Total Revenue": 2,
        "Gross Profit": 1,
        "Operating Income": -3,
        "EBIT": -3,
        "Net Income": -3
    },
    "2013-12-31": {
        "Diluted EPS": -3.0,
        "Total Revenue": 3,
        "Gross Profit": 1,
        "Operating Income": -35,
        "EBIT": -35,
        "Net Income": -30
    },
    "2013-09-30": {
        "Diluted EPS": -0.3,
        "Total Revenue": 4,
        "Gross Profit": 2,
        "Operating Income": -1,
        "EBIT": -1,
        "Net Income": -3
    },
    "2013-06-30": {
        "Diluted EPS": 0.0,
        "Total Revenue": 4,
        "Gross Profit": 2,
        "Operating Income": -1,
        "EBIT": -1,
        "Net Income": 0
    },
    "2013-03-31": {
        "Diluted EPS": -0.15,
        "Total Revenue": 4,
        "Gross Profit": 2,
        "Operating Income": -1,
        "EBIT": -1,
        "Net Income": -1
    },
    "2012-12-31": {
        "Diluted EPS": -1.5,
        "Total Revenue": 5,
        "Gross Profit": 3,
        "Operating Income": -1,
        "EBIT": -1,
        "Net Income": -15
    },
    "2012-09-30": {
        "Diluted EPS": 0.55,
        "Total Revenue": 7,
        "Gross Profit": 5,
        "Operating Income": -1,
        "EBIT": -1,
        "Net Income": 6
    },
    "2012-06-30": {
        "Diluted EPS": -0.35,
        "Total Revenue": 7,
        "Gross Profit": 4,
        "Operating Income": -3,
        "EBIT": -3,
        "Net Income": -3
    },
    "2012-03-31": {
        "Diluted EPS": -0.25,
        "Total Revenue": 8,
        "Gross Profit": 4,
        "Operating Income": -3,
        "EBIT": -3,
        "Net Income": -2
    },
    "2011-12-31": {
        "Diluted EPS": -5.05,
        "Total Revenue": 7,
        "Gross Profit": 4,
        "Operating Income": -6,
        "EBIT": -6,
        "Net Income": -51
    },
    "2011-09-30": {
        "Diluted EPS": -0.75,
        "Total Revenue": 8,
        "Gross Profit": 5,
        "Operating Income": -4,
        "EBIT": -4,
        "Net Income": -8
    },
    "2011-06-30": {
        "Diluted EPS": -0.6,
        "Total Revenue": 9,
        "Gross Profit": 5,
        "Operating Income": -4,
        "EBIT": -4,
        "Net Income": -7
    },
    "2011-03-31": {
        "Diluted EPS": -0.45,
        "Total Revenue": 10,
        "Gross Profit": 6,
        "Operating Income": -3,
        "EBIT": -3,
        "Net Income": -5
    },
    "2010-12-31": {
        "Diluted EPS": -3.65,
        "Total Revenue": 9,
        "Gross Profit": 3,
        "Operating Income": -8,
        "EBIT": -8,
        "Net Income": -41
    },
    "2010-09-30": {
        "Diluted EPS": -0.9,
        "Total Revenue": 8,
        "Gross Profit": 4,
        "Operating Income": -5,
        "EBIT": -5,
        "Net Income": -10
    },
    "2010-06-30": {
        "Diluted EPS": 4.35,
        "Total Revenue": 11,
        "Gross Profit": 7,
        "Operating Income": -9,
        "EBIT": -9,
        "Net Income": 53
    },
    "2010-03-31": {
        "Diluted EPS": 0.1,
        "Total Revenue": 37,
        "Gross Profit": 29,
        "Operating Income": 4,
        "EBIT": 4,
        "Net Income": 1
    },
    "2009-12-31": {
        "Diluted EPS": -4.75,
        "Total Revenue": 40,
        "Gross Profit": 31,
        "Operating Income": -4,
        "EBIT": -4,
        "Net Income": -52
    },
    "2009-09-30": {
        "Diluted EPS": -0.2,
        "Total Revenue": 37,
        "Gross Profit": 28,
        "Operating Income": -3,
        "EBIT": -3,
        "Net Income": -2
    },
    "2009-06-30": {
        "Diluted EPS": 0.0,
        "Total Revenue": 38,
        "Gross Profit": 29,
        "Operating Income": 0,
        "EBIT": 0,
        "Net Income": 0
    },
    "2009-03-31": {
        "Diluted EPS": 0.4,
        "Total Revenue": 44,
        "Gross Profit": 35,
        "Operating Income": 5,
        "EBIT": 5,
        "Net Income": 5
    },
    "2023-09-30": {
        "Tax Effect Of Unusual Items": 0.0,
        "Tax Rate For Calcs": 0.0,
        "Normalized EBITDA": -820000.0,
        "Total Unusual Items": -73000.0,
        "Total Unusual Items Excluding Goodwill": -73000.0,
        "Net Income From Continuing Operation Net Minority Interest": -507000.0,
        "Reconciled Cost Of Revenue": 488000.0,
        "EBITDA": -893000.0,
        "EBIT": -893000.0,
        "Net Interest Income": 453000.0,
        "Interest Income": 453000.0,
        "Normalized Income": -434000.0,
        "Net Income From Continuing And Discontinued Operation": -507000.0,
        "Total Expenses": 1964000.0,
        "Total Operating Income As Reported": -893000.0,
        "Diluted Average Shares": 11052000.0,
        "Basic Average Shares": 11052000.0,
        "Diluted EPS": -0.05,
        "Basic EPS": -0.05,
        "Diluted NI Availto Com Stockholders": -507000.0,
        "Net Income Common Stockholders": -507000.0,
        "Net Income": -507000.0,
        "Net Income Including Noncontrolling Interests": -507000.0,
        "Net Income Continuous Operations": -507000.0,
        "Tax Provision": 0.0,
        "Pretax Income": -507000.0,
        "Other Income Expense": -67000.0,
        "Other Non Operating Income Expenses": 6000.0,
        "Gain On Sale Of Security": -73000.0,
        "Net Non Operating Interest Income Expense": 453000.0,
        "Interest Income Non Operating": 453000.0,
        "Operating Income": -893000.0,
        "Operating Expense": 1476000.0,
        "Other Operating Expenses": 6000.0,
        "Research And Development": 183000.0,
        "Selling General And Administration": 1287000.0,
        "Selling And Marketing Expense": 441000.0,
        "General And Administrative Expense": 846000.0,
        "Other Gand A": 846000.0,
        "Gross Profit": 583000.0,
        "Cost Of Revenue": 488000.0,
        "Total Revenue": 1071000.0,
        "Operating Revenue": 1071000.0
    },
    "2023-12-31": {
        "Tax Effect Of Unusual Items": 0.0,
        "Tax Rate For Calcs": 0.0,
        "Normalized EBITDA": 1261070.0,
        "Total Unusual Items": -1898425.0,
        "Total Unusual Items Excluding Goodwill": -1898425.0,
        "Net Income From Continuing Operation Net Minority Interest": -2017676.0,
        "Reconciled Cost Of Revenue": 365533.0,
        "EBITDA": -637355.0,
        "EBIT": -637355.0,
        "Net Interest Income": 518207.0,
        "Interest Income": 518207.0,
        "Normalized Income": -119251.0,
        "Net Income From Continuing And Discontinued Operation": -2017676.0,
        "Total Expenses": 1507584.0,
        "Total Operating Income As Reported": -644355.0,
        "Diluted Average Shares": 11052000.0,
        "Basic Average Shares": 11052000.0,
        "Diluted EPS": -0.19,
        "Basic EPS": -0.19,
        "Diluted NI Availto Com Stockholders": -2017676.0,
        "Net Income Common Stockholders": -2017676.0,
        "Net Income": -2017676.0,
        "Net Income Including Noncontrolling Interests": -2017676.0,
        "Net Income Continuous Operations": -2017676.0,
        "Tax Provision": 0.0,
        "Pretax Income": -2017676.0,
        "Other Income Expense": -1898528.0,
        "Other Non Operating Income Expenses": -103.0,
        "Gain On Sale Of Security": -1891425.0,
        "Net Non Operating Interest Income Expense": 518207.0,
        "Interest Income Non Operating": 518207.0,
        "Operating Income": -637355.0,
        "Operating Expense": 1142051.0,
        "Other Operating Expenses": NaN,
        "Research And Development": 178669.0,
        "Selling General And Administration": 970137.0,
        "Selling And Marketing Expense": 344189.0,
        "General And Administrative Expense": 625948.0,
        "Other Gand A": 625948.0,
        "Gross Profit": 504696.0,
        "Cost Of Revenue": 365533.0,
        "Total Revenue": 870229.0,
        "Operating Revenue": 870229.0
    },
    "2024-03-31": {
        "Tax Effect Of Unusual Items": 0.0,
        "Tax Rate For Calcs": 0.0,
        "Normalized EBITDA": -847000.0,
        "Total Unusual Items": -267000.0,
        "Total Unusual Items Excluding Goodwill": -267000.0,
        "Net Income From Continuing Operation Net Minority Interest": -902000.0,
        "Reconciled Cost Of Revenue": 379000.0,
        "EBITDA": -1114000.0,
        "EBIT": -1114000.0,
        "Net Interest Income": 471000.0,
        "Interest Income": 471000.0,
        "Normalized Income": -635000.0,
        "Net Income From Continuing And Discontinued Operation": -902000.0,
        "Total Expenses": 1839000.0,
        "Total Operating Income As Reported": -1114000.0,
        "Diluted Average Shares": 11052000.0,
        "Basic Average Shares": 11052000.0,
        "Diluted EPS": -0.08,
        "Basic EPS": -0.08,
        "Diluted NI Availto Com Stockholders": -902000.0,
        "Net Income Common Stockholders": -902000.0,
        "Net Income": -902000.0,
        "Net Income Including Noncontrolling Interests": -902000.0,
        "Net Income Continuous Operations": -902000.0,
        "Tax Provision": 0.0,
        "Pretax Income": -902000.0,
        "Other Income Expense": -259000.0,
        "Other Non Operating Income Expenses": 8000.0,
        "Gain On Sale Of Security": -267000.0,
        "Net Non Operating Interest Income Expense": 471000.0,
        "Interest Income Non Operating": 471000.0,
        "Operating Income": -1114000.0,
        "Operating Expense": 1460000.0,
        "Other Operating Expenses": 1000.0,
        "Research And Development": 185000.0,
        "Selling General And Administration": 1274000.0,
        "Selling And Marketing Expense": 378000.0,
        "General And Administrative Expense": 896000.0,
        "Other Gand A": 896000.0,
        "Gross Profit": 346000.0,
        "Cost Of Revenue": 379000.0,
        "Total Revenue": 725000.0,
        "Operating Revenue": 725000.0
    },
    "2024-06-30": {
        "Tax Effect Of Unusual Items": 0.0,
        "Tax Rate For Calcs": 0.0,
        "Normalized EBITDA": -964000.0,
        "Total Unusual Items": -84000.0,
        "Total Unusual Items Excluding Goodwill": -84000.0,
        "Net Income From Continuing Operation Net Minority Interest": -612000.0,
        "Reconciled Cost Of Revenue": 361000.0,
        "EBITDA": -1048000.0,
        "EBIT": -1048000.0,
        "Net Interest Income": 518000.0,
        "Interest Income": 518000.0,
        "Normalized Income": -528000.0,
        "Net Income From Continuing And Discontinued Operation": -612000.0,
        "Total Expenses": 1769000.0,
        "Total Operating Income As Reported": -1048000.0,
        "Diluted Average Shares": 11052000.0,
        "Basic Average Shares": 11052000.0,
        "Diluted EPS": -0.06,
        "Basic EPS": -0.06,
        "Diluted NI Availto Com Stockholders": -612000.0,
        "Net Income Common Stockholders": -612000.0,
        "Net Income": -612000.0,
        "Net Income Including Noncontrolling Interests": -612000.0,
        "Net Income Continuous Operations": -612000.0,
        "Tax Provision": 0.0,
        "Pretax Income": -612000.0,
        "Other Income Expense": -82000.0,
        "Other Non Operating Income Expenses": 2000.0,
        "Gain On Sale Of Security": -84000.0,
        "Net Non Operating Interest Income Expense": 518000.0,
        "Interest Income Non Operating": 518000.0,
        "Operating Income": -1048000.0,
        "Operating Expense": 1408000.0,
        "Other Operating Expenses": NaN,
        "Research And Development": 175000.0,
        "Selling General And Administration": 1233000.0,
        "Selling And Marketing Expense": 348000.0,
        "General And Administrative Expense": 885000.0,
        "Other Gand A": 885000.0,
        "Gross Profit": 360000.0,
        "Cost Of Revenue": 361000.0,
        "Total Revenue": 721000.0,
        "Operating Revenue": 721000.0
    },
    "2024-09-30": {
        "Tax Effect Of Unusual Items": 0.0,
        "Tax Rate For Calcs": 0.0,
        "Normalized EBITDA": -1184000.0,
        "Total Unusual Items": 176000.0,
        "Total Unusual Items Excluding Goodwill": 176000.0,
        "Net Income From Continuing Operation Net Minority Interest": -320000.0,
        "Reconciled Cost Of Revenue": 397000.0,
        "EBITDA": -1008000.0,
        "EBIT": -1008000.0,
        "Net Interest Income": 504000.0,
        "Interest Income": 504000.0,
        "Normalized Income": -496000.0,
        "Net Income From Continuing And Discontinued Operation": -320000.0,
        "Total Expenses": 1777000.0,
        "Total Operating Income As Reported": -1008000.0,
        "Diluted Average Shares": 11052000.0,
        "Basic Average Shares": 11052000.0,
        "Diluted EPS": -0.03,
        "Basic EPS": -0.03,
        "Diluted NI Availto Com Stockholders": -320000.0,
        "Net Income Common Stockholders": -320000.0,
        "Net Income": -320000.0,
        "Net Income Including Noncontrolling Interests": -320000.0,
        "Net Income Continuous Operations": -320000.0,
        "Tax Provision": 0.0,
        "Pretax Income": -320000.0,
        "Other Income Expense": 184000.0,
        "Other Non Operating Income Expenses": 8000.0,
        "Gain On Sale Of Security": 176000.0,
        "Net Non Operating Interest Income Expense": 504000.0,
        "Interest Income Non Operating": 504000.0,
        "Operating Income": -1008000.0,
        "Operating Expense": 1380000.0,
        "Other Operating Expenses": NaN,
        "Research And Development": 170000.0,
        "Selling General And Administration": 1210000.0,
        "Selling And Marketing Expense": 375000.0,
        "General And Administrative Expense": 835000.0,
        "Other Gand A": 835000.0,
        "Gross Profit": 372000.0,
        "Cost Of Revenue": 397000.0,
        "Total Revenue": 769000.0,
        "Operating Revenue": 769000.0
    }
}