{
    "2023-03-31": {
        "Tax Effect Of Unusual Items": -116883000.0,
        "Tax Rate For Calcs": 0.243,
        "Normalized EBITDA": 2651000000.0,
        "Total Unusual Items": -481000000.0,
        "Total Unusual Items Excluding Goodwill": -481000000.0,
        "Net Income From Continuing Operation Net Minority Interest": 1010000000.0,
        "Reconciled Depreciation": 640000000.0,
        "Reconciled Cost Of Revenue": 1401000000.0,
        "EBITDA": 2170000000.0,
        "EBIT": 1530000000.0,
        "Net Interest Income": -230000000.0,
        "Interest Expense": 230000000.0,
        "Normalized Income": 1374117000.0,
        "Net Income From Continuing And Discontinued Operation": 1010000000.0,
        "Total Expenses": 4167000000.0,
        "Total Operating Income As Reported": 1705000000.0,
        "Diluted Average Shares": 1261000000.0,
        "Basic Average Shares": 1248000000.0,
        "Diluted EPS": 0.8,
        "Basic EPS": 0.81,
        "Diluted NI Availto Com Stockholders": 1010000000.0,
        "Net Income Common Stockholders": 1010000000.0,
        "Net Income": 1010000000.0,
        "Minority Interests": 26000000.0,
        "Net Income Including Noncontrolling Interests": 985000000.0,
        "Net Income Continuous Operations": 984000000.0,
        "Tax Provision": 316000000.0,
        "Pretax Income": 1300000000.0,
        "Other Income Expense": -655000000.0,
        "Other Non Operating Income Expenses": -174000000.0,
        "Special Income Charges": -481000000.0,
        "Other Special Charges": 481000000.0,
        "Net Non Operating Interest Income Expense": -230000000.0,
        "Interest Expense Non Operating": 230000000.0,
        "Operating Income": 2185000000.0,
        "Operating Expense": 2766000000.0,
        "Research And Development": 1447000000.0,
        "Selling General And Administration": 1319000000.0,
        "Gross Profit": 4951000000.0,
        "Cost Of Revenue": 1401000000.0,
        "Total Revenue": 6352000000.0,
        "Operating Revenue": 6352000000.0
    },
    "2022-12-31": {
        "Tax Effect Of Unusual Items": -560061053.668144,
        "Tax Rate For Calcs": 0.195963,
        "Normalized EBITDA": 5643000000.0,
        "Total Unusual Items": -2858000000.0,
        "Total Unusual Items Excluding Goodwill": -2858000000.0,
        "Net Income From Continuing Operation Net Minority Interest": 1640000000.0,
        "Reconciled Depreciation": 528000000.0,
        "Reconciled Cost Of Revenue": 1396000000.0,
        "EBITDA": 2785000000.0,
        "EBIT": 2257000000.0,
        "Net Interest Income": -226000000.0,
        "Interest Expense": 226000000.0,
        "Normalized Income": 3937938946.331856,
        "Net Income From Continuing And Discontinued Operation": 1640000000.0,
        "Total Expenses": 2264000000.0,
        "Total Operating Income As Reported": 2267000000.0,
        "Diluted Average Shares": 1264000000.0,
        "Basic Average Shares": 1252000000.0,
        "Diluted EPS": 1.3,
        "Basic EPS": 1.31,
        "Diluted NI Availto Com Stockholders": 1640000000.0,
        "Net Income Common Stockholders": 1640000000.0,
        "Net Income": 1640000000.0,
        "Minority Interests": 7000000.0,
        "Net Income Including Noncontrolling Interests": 1633000000.0,
        "Net Income Continuous Operations": 1633000000.0,
        "Tax Provision": 398000000.0,
        "Pretax Income": 2031000000.0,
        "Other Income Expense": -2868000000.0,
        "Other Non Operating Income Expenses": -10000000.0,
        "Special Income Charges": -2858000000.0,
        "Other Special Charges": 158000000.0,
        "Net Non Operating Interest Income Expense": -226000000.0,
        "Interest Expense Non Operating": 226000000.0,
        "Operating Income": 5125000000.0,
        "Operating Expense": 868000000.0,
        "Research And Development": -1152000000.0,
        "Selling General And Administration": 2020000000.0,
        "Gross Profit": 5993000000.0,
        "Cost Of Revenue": 1396000000.0,
        "Total Revenue": 7389000000.0,
        "Operating Revenue": 7389000000.0
    },
    "2022-09-30": {
        "Tax Effect Of Unusual Items": -119168000.0,
        "Tax Rate For Calcs": 0.266,
        "Normalized EBITDA": 3109000000.0,
        "Total Unusual Items": -448000000.0,
        "Total Unusual Items Excluding Goodwill": -448000000.0,
        "Net Income From Continuing Operation Net Minority Interest": 1789000000.0,
        "Reconciled Depreciation": 525000000.0,
        "Reconciled Cost Of Revenue": 1395000000.0,
        "EBITDA": 2661000000.0,
        "EBIT": 2661000000.0,
        "Net Interest Income": -229000000.0,
        "Interest Expense": 229000000.0,
        "Normalized Income": 2117832000.0,
        "Net Income From Continuing And Discontinued Operation": 1789000000.0,
        "Total Expenses": 3757000000.0,
        "Total Operating Income As Reported": 2837000000.0,
        "Diluted Average Shares": 1261000000.0,
        "Basic Average Shares": 1255000000.0,
        "Diluted EPS": 1.42,
        "Basic EPS": 1.43,
        "Diluted NI Availto Com Stockholders": 1789000000.0,
        "Net Income Common Stockholders": 1789000000.0,
        "Net Income": 1789000000.0,
        "Minority Interests": 3000000.0,
        "Net Income Including Noncontrolling Interests": 1786000000.0,
        "Net Income Continuous Operations": 1786000000.0,
        "Tax Provision": 646000000.0,
        "Pretax Income": 2432000000.0,
        "Other Income Expense": -624000000.0,
        "Other Non Operating Income Expenses": -176000000.0,
        "Special Income Charges": -448000000.0,
        "Other Special Charges": 448000000.0,
        "Write Off": NaN,
        "Net Non Operating Interest Income Expense": -229000000.0,
        "Interest Expense Non Operating": 229000000.0,
        "Operating Income": 3285000000.0,
        "Operating Expense": 2362000000.0,
        "Research And Development": 1149000000.0,
        "Selling General And Administration": 1213000000.0,
        "Gross Profit": 5647000000.0,
        "Cost Of Revenue": 1395000000.0,
        "Total Revenue": 7042000000.0,
        "Operating Revenue": 7042000000.0
    },
    "2022-06-30": {
        "Tax Effect Of Unusual Items": -80850000.0,
        "Tax Rate For Calcs": 0.245,
        "Normalized EBITDA": 2075000000.0,
        "Total Unusual Items": -330000000.0,
        "Total Unusual Items Excluding Goodwill": -330000000.0,
        "Net Income From Continuing Operation Net Minority Interest": 1144000000.0,
        "Reconciled Depreciation": 525000000.0,
        "Reconciled Cost Of Revenue": 1442000000.0,
        "EBITDA": 1745000000.0,
        "EBIT": 1745000000.0,
        "Net Interest Income": -242000000.0,
        "Interest Expense": 242000000.0,
        "Normalized Income": 1393150000.0,
        "Net Income From Continuing And Discontinued Operation": 1144000000.0,
        "Total Expenses": 3901000000.0,
        "Total Operating Income As Reported": 2029000000.0,
        "Diluted Average Shares": 1260000000.0,
        "Basic Average Shares": 1256000000.0,
        "Diluted EPS": 0.91,
        "Basic EPS": 0.91,
        "Diluted NI Availto Com Stockholders": 1144000000.0,
        "Net Income Common Stockholders": 1144000000.0,
        "Net Income": 1144000000.0,
        "Minority Interests": 9000000.0,
        "Net Income Including Noncontrolling Interests": 1135000000.0,
        "Net Income Continuous Operations": 1135000000.0,
        "Tax Provision": 368000000.0,
        "Pretax Income": 1503000000.0,
        "Other Income Expense": -614000000.0,
        "Other Non Operating Income Expenses": -284000000.0,
        "Special Income Charges": -330000000.0,
        "Other Special Charges": 330000000.0,
        "Write Off": NaN,
        "Net Non Operating Interest Income Expense": -242000000.0,
        "Interest Expense Non Operating": 242000000.0,
        "Operating Income": 2359000000.0,
        "Operating Expense": 2459000000.0,
        "Research And Development": 1102000000.0,
        "Selling General And Administration": 1357000000.0,
        "Gross Profit": 4818000000.0,
        "Cost Of Revenue": 1442000000.0,
        "Total Revenue": 6260000000.0,
        "Operating Revenue": 6260000000.0
    },
    "2023-06-30": {
        "Tax Effect Of Unusual Items": -81656000.0,
        "Tax Rate For Calcs": 0.346,
        "Normalized EBITDA": 2735000000.0,
        "Total Unusual Items": -236000000.0,
        "Total Unusual Items Excluding Goodwill": -236000000.0,
        "Net Income From Continuing Operation Net Minority Interest": 1045000000.0,
        "Reconciled Depreciation": 681000000.0,
        "Reconciled Cost Of Revenue": 1442000000.0,
        "EBITDA": 2499000000.0,
        "EBIT": 1818000000.0,
        "Net Interest Income": -230000000.0,
        "Interest Expense": 230000000.0,
        "Normalized Income": 1199344000.0,
        "Net Income From Continuing And Discontinued Operation": 1045000000.0,
        "Total Expenses": 4698000000.0,
        "Total Operating Income As Reported": 1665000000.0,
        "Diluted Average Shares": 1258000000.0,
        "Basic Average Shares": 1249000000.0,
        "Diluted EPS": 0.83,
        "Basic EPS": 0.84,
        "Diluted NI Availto Com Stockholders": 1045000000.0,
        "Net Income Common Stockholders": 1045000000.0,
        "Net Income": 1045000000.0,
        "Minority Interests": 6000000.0,
        "Net Income Including Noncontrolling Interests": 1039000000.0,
        "Net Income Continuous Operations": 1039000000.0,
        "Tax Provision": 549000000.0,
        "Pretax Income": 1588000000.0,
        "Other Income Expense": -84000000.0,
        "Other Non Operating Income Expenses": 152000000.0,
        "Special Income Charges": -236000000.0,
        "Other Special Charges": 236000000.0,
        "Net Non Operating Interest Income Expense": -230000000.0,
        "Interest Expense Non Operating": 230000000.0,
        "Operating Income": 1901000000.0,
        "Operating Expense": 3256000000.0,
        "Research And Development": 1407000000.0,
        "Selling General And Administration": 1849000000.0,
        "Gross Profit": 5157000000.0,
        "Cost Of Revenue": 1442000000.0,
        "Total Revenue": 6599000000.0,
        "Operating Revenue": 6599000000.0
    },
    "2022-03-31": {
        "Diluted EPS": 0.02,
        "Total Revenue": NaN,
        "Gross Profit": NaN,
        "Operating Income": 197,
        "EBIT": 722,
        "Net Income": 19
    },
    "2021-12-31": {
        "Diluted EPS": 0.3,
        "Total Revenue": NaN,
        "Gross Profit": NaN,
        "Operating Income": 940,
        "EBIT": NaN,
        "Net Income": 382
    },
    "2021-09-30": {
        "Diluted EPS": 2.05,
        "Total Revenue": NaN,
        "Gross Profit": NaN,
        "Operating Income": NaN,
        "EBIT": NaN,
        "Net Income": NaN
    },
    "2021-06-30": {
        "Diluted EPS": 1.21,
        "Total Revenue": NaN,
        "Gross Profit": NaN,
        "Operating Income": NaN,
        "EBIT": NaN,
        "Net Income": NaN
    },
    "2021-03-31": {
        "Diluted EPS": 1.37,
        "Total Revenue": NaN,
        "Gross Profit": NaN,
        "Operating Income": NaN,
        "EBIT": NaN,
        "Net Income": NaN
    },
    "2020-12-31": {
        "Diluted EPS": 1.25,
        "Total Revenue": NaN,
        "Gross Profit": NaN,
        "Operating Income": NaN,
        "EBIT": NaN,
        "Net Income": NaN
    },
    "2020-09-30": {
        "Diluted EPS": 0.29,
        "Total Revenue": NaN,
        "Gross Profit": NaN,
        "Operating Income": NaN,
        "EBIT": NaN,
        "Net Income": 360
    },
    "2020-06-30": {
        "Diluted EPS": -2.66,
        "Total Revenue": NaN,
        "Gross Profit": NaN,
        "Operating Income": NaN,
        "EBIT": NaN,
        "Net Income": NaN
    },
    "2020-03-31": {
        "Diluted EPS": 1.22,
        "Total Revenue": NaN,
        "Gross Profit": NaN,
        "Operating Income": NaN,
        "EBIT": NaN,
        "Net Income": NaN
    },
    "2019-12-31": {
        "Diluted EPS": 2.13,
        "Total Revenue": NaN,
        "Gross Profit": NaN,
        "Operating Income": NaN,
        "EBIT": NaN,
        "Net Income": NaN
    },
    "2019-09-30": {
        "Diluted EPS": -0.92,
        "Total Revenue": NaN,
        "Gross Profit": NaN,
        "Operating Income": NaN,
        "EBIT": NaN,
        "Net Income": NaN
    },
    "2019-06-30": {
        "Diluted EPS": 1.47,
        "Total Revenue": NaN,
        "Gross Profit": NaN,
        "Operating Income": NaN,
        "EBIT": NaN,
        "Net Income": NaN
    },
    "2019-03-31": {
        "Diluted EPS": 1.54,
        "Total Revenue": NaN,
        "Gross Profit": NaN,
        "Operating Income": NaN,
        "EBIT": NaN,
        "Net Income": NaN
    },
    "2018-12-31": {
        "Diluted EPS": 0.01,
        "Total Revenue": NaN,
        "Gross Profit": NaN,
        "Operating Income": NaN,
        "EBIT": NaN,
        "Net Income": 3
    },
    "2018-09-30": {
        "Diluted EPS": 1.6,
        "Total Revenue": NaN,
        "Gross Profit": NaN,
        "Operating Income": NaN,
        "EBIT": NaN,
        "Net Income": NaN
    },
    "2018-06-30": {
        "Diluted EPS": 1.39,
        "Total Revenue": NaN,
        "Gross Profit": NaN,
        "Operating Income": NaN,
        "EBIT": NaN,
        "Net Income": NaN
    },
    "2018-03-31": {
        "Diluted EPS": 1.17,
        "Total Revenue": NaN,
        "Gross Profit": NaN,
        "Operating Income": NaN,
        "EBIT": NaN,
        "Net Income": NaN
    },
    "2017-12-31": {
        "Diluted EPS": -2.93,
        "Total Revenue": NaN,
        "Gross Profit": NaN,
        "Operating Income": NaN,
        "EBIT": NaN,
        "Net Income": NaN
    },
    "2017-09-30": {
        "Diluted EPS": 2.06,
        "Total Revenue": NaN,
        "Gross Profit": NaN,
        "Operating Income": NaN,
        "EBIT": NaN,
        "Net Income": NaN
    },
    "2017-06-30": {
        "Diluted EPS": 2.33,
        "Total Revenue": NaN,
        "Gross Profit": NaN,
        "Operating Income": NaN,
        "EBIT": NaN,
        "Net Income": NaN
    },
    "2017-03-31": {
        "Diluted EPS": 2.05,
        "Total Revenue": NaN,
        "Gross Profit": NaN,
        "Operating Income": NaN,
        "EBIT": NaN,
        "Net Income": NaN
    },
    "2016-12-31": {
        "Diluted EPS": 2.34,
        "Total Revenue": NaN,
        "Gross Profit": NaN,
        "Operating Income": NaN,
        "EBIT": NaN,
        "Net Income": NaN
    },
    "2016-09-30": {
        "Diluted EPS": 2.49,
        "Total Revenue": NaN,
        "Gross Profit": NaN,
        "Operating Income": NaN,
        "EBIT": NaN,
        "Net Income": NaN
    },
    "2016-06-30": {
        "Diluted EPS": 2.58,
        "Total Revenue": NaN,
        "Gross Profit": NaN,
        "Operating Income": NaN,
        "EBIT": NaN,
        "Net Income": NaN
    },
    "2016-03-31": {
        "Diluted EPS": 2.53,
        "Total Revenue": NaN,
        "Gross Profit": NaN,
        "Operating Income": NaN,
        "EBIT": NaN,
        "Net Income": NaN
    },
    "2015-12-31": {
        "Diluted EPS": 3.17,
        "Total Revenue": NaN,
        "Gross Profit": NaN,
        "Operating Income": NaN,
        "EBIT": NaN,
        "Net Income": NaN
    },
    "2015-09-30": {
        "Diluted EPS": 3.06,
        "Total Revenue": NaN,
        "Gross Profit": NaN,
        "Operating Income": NaN,
        "EBIT": NaN,
        "Net Income": NaN
    },
    "2015-06-30": {
        "Diluted EPS": 2.92,
        "Total Revenue": NaN,
        "Gross Profit": NaN,
        "Operating Income": NaN,
        "EBIT": NaN,
        "Net Income": NaN
    },
    "2015-03-31": {
        "Diluted EPS": 2.76,
        "Total Revenue": NaN,
        "Gross Profit": NaN,
        "Operating Income": NaN,
        "EBIT": NaN,
        "Net Income": NaN
    },
    "2014-12-31": {
        "Diluted EPS": 2.15,
        "Total Revenue": NaN,
        "Gross Profit": NaN,
        "Operating Income": NaN,
        "EBIT": NaN,
        "Net Income": NaN
    },
    "2014-09-30": {
        "Diluted EPS": 1.67,
        "Total Revenue": NaN,
        "Gross Profit": NaN,
        "Operating Income": NaN,
        "EBIT": NaN,
        "Net Income": NaN
    },
    "2014-06-30": {
        "Diluted EPS": 2.2,
        "Total Revenue": NaN,
        "Gross Profit": NaN,
        "Operating Income": NaN,
        "EBIT": NaN,
        "Net Income": NaN
    },
    "2014-03-31": {
        "Diluted EPS": 1.33,
        "Total Revenue": NaN,
        "Gross Profit": NaN,
        "Operating Income": NaN,
        "EBIT": NaN,
        "Net Income": NaN
    },
    "2013-12-31": {
        "Diluted EPS": 0.45,
        "Total Revenue": NaN,
        "Gross Profit": NaN,
        "Operating Income": NaN,
        "EBIT": NaN,
        "Net Income": 792
    },
    "2013-09-30": {
        "Diluted EPS": 0.47,
        "Total Revenue": NaN,
        "Gross Profit": NaN,
        "Operating Income": NaN,
        "EBIT": NaN,
        "Net Income": 789
    },
    "2013-06-30": {
        "Diluted EPS": 0.46,
        "Total Revenue": NaN,
        "Gross Profit": NaN,
        "Operating Income": NaN,
        "EBIT": NaN,
        "Net Income": 773
    },
    "2013-03-31": {
        "Diluted EPS": 0.43,
        "Total Revenue": NaN,
        "Gross Profit": NaN,
        "Operating Income": NaN,
        "EBIT": NaN,
        "Net Income": 722
    },
    "2012-12-31": {
        "Diluted EPS": 0.47,
        "Total Revenue": NaN,
        "Gross Profit": NaN,
        "Operating Income": NaN,
        "EBIT": NaN,
        "Net Income": 763
    },
    "2012-09-30": {
        "Diluted EPS": 0.43,
        "Total Revenue": NaN,
        "Gross Profit": NaN,
        "Operating Income": NaN,
        "EBIT": NaN,
        "Net Income": 676
    },
    "2012-06-30": {
        "Diluted EPS": 0.46,
        "Total Revenue": NaN,
        "Gross Profit": NaN,
        "Operating Income": NaN,
        "EBIT": NaN,
        "Net Income": 712
    },
    "2012-03-31": {
        "Diluted EPS": 0.28,
        "Total Revenue": NaN,
        "Gross Profit": NaN,
        "Operating Income": 800,
        "EBIT": 866,
        "Net Income": 442
    },
    "2011-12-31": {
        "Diluted EPS": 0.43,
        "Total Revenue": NaN,
        "Gross Profit": NaN,
        "Operating Income": 867,
        "EBIT": 941,
        "Net Income": 665
    },
    "2011-09-30": {
        "Diluted EPS": 0.48,
        "Total Revenue": NaN,
        "Gross Profit": NaN,
        "Operating Income": NaN,
        "EBIT": NaN,
        "Net Income": 741
    },
    "2011-06-30": {
        "Diluted EPS": 0.47,
        "Total Revenue": NaN,
        "Gross Profit": NaN,
        "Operating Income": NaN,
        "EBIT": NaN,
        "Net Income": 746
    },
    "2011-03-31": {
        "Diluted EPS": 0.4,
        "Total Revenue": NaN,
        "Gross Profit": NaN,
        "Operating Income": 902,
        "EBIT": 983,
        "Net Income": 651
    },
    "2010-12-31": {
        "Diluted EPS": 0.39,
        "Total Revenue": NaN,
        "Gross Profit": NaN,
        "Operating Income": 829,
        "EBIT": 907,
        "Net Income": 629
    },
    "2010-09-30": {
        "Diluted EPS": 0.42,
        "Total Revenue": NaN,
        "Gross Profit": NaN,
        "Operating Income": 979,
        "EBIT": NaN,
        "Net Income": 705
    },
    "2010-06-30": {
        "Diluted EPS": 0.4,
        "Total Revenue": NaN,
        "Gross Profit": NaN,
        "Operating Income": 993,
        "EBIT": NaN,
        "Net Income": 712
    },
    "2010-03-31": {
        "Diluted EPS": 0.46,
        "Total Revenue": NaN,
        "Gross Profit": NaN,
        "Operating Income": NaN,
        "EBIT": NaN,
        "Net Income": 855
    },
    "2009-12-31": {
        "Diluted EPS": 0.43,
        "Total Revenue": NaN,
        "Gross Profit": NaN,
        "Operating Income": NaN,
        "EBIT": NaN,
        "Net Income": 802
    },
    "2009-09-30": {
        "Diluted EPS": 0.36,
        "Total Revenue": NaN,
        "Gross Profit": NaN,
        "Operating Income": 894,
        "EBIT": 951,
        "Net Income": 673
    },
    "2009-06-30": {
        "Diluted EPS": 0.31,
        "Total Revenue": NaN,
        "Gross Profit": NaN,
        "Operating Income": 761,
        "EBIT": 814,
        "Net Income": 571
    },
    "2009-03-31": {
        "Diluted EPS": 0.32,
        "Total Revenue": NaN,
        "Gross Profit": NaN,
        "Operating Income": 808,
        "EBIT": 847,
        "Net Income": 589
    },
    "2023-09-30": {
        "Tax Effect Of Unusual Items": -5733000.0,
        "Tax Rate For Calcs": 0.063,
        "Normalized EBITDA": 3325000000.0,
        "Total Unusual Items": -91000000.0,
        "Total Unusual Items Excluding Goodwill": -91000000.0,
        "Net Income From Continuing Operation Net Minority Interest": 2180000000.0,
        "Reconciled Depreciation": 684000000.0,
        "Reconciled Cost Of Revenue": 1565000000.0,
        "EBITDA": 3234000000.0,
        "EBIT": 2550000000.0,
        "Net Interest Income": -232000000.0,
        "Interest Expense": 232000000.0,
        "Normalized Income": 2265267000.0,
        "Net Income From Continuing And Discontinued Operation": 2180000000.0,
        "Total Expenses": 4337000000.0,
        "Total Operating Income As Reported": 2623000000.0,
        "Diluted Average Shares": 1257000000.0,
        "Basic Average Shares": 1248000000.0,
        "Diluted EPS": 1.73,
        "Basic EPS": 1.75,
        "Diluted NI Availto Com Stockholders": 2180000000.0,
        "Net Income Common Stockholders": 2180000000.0,
        "Net Income": 2180000000.0,
        "Minority Interests": 8000000.0,
        "Net Income Including Noncontrolling Interests": 2172000000.0,
        "Net Income Continuous Operations": 2172000000.0,
        "Tax Provision": 146000000.0,
        "Pretax Income": 2318000000.0,
        "Other Income Expense": -163000000.0,
        "Other Non Operating Income Expenses": -72000000.0,
        "Special Income Charges": -91000000.0,
        "Other Special Charges": 91000000.0,
        "Net Non Operating Interest Income Expense": -232000000.0,
        "Interest Expense Non Operating": 232000000.0,
        "Operating Income": 2713000000.0,
        "Operating Expense": 2772000000.0,
        "Research And Development": 1457000000.0,
        "Selling General And Administration": 1315000000.0,
        "Gross Profit": 5485000000.0,
        "Cost Of Revenue": 1565000000.0,
        "Total Revenue": 7050000000.0,
        "Operating Revenue": 7050000000.0
    },
    "2023-12-31": {
        "Tax Effect Of Unusual Items": -56920145.190563,
        "Tax Rate For Calcs": 0.143376,
        "Normalized EBITDA": 2990000000.0,
        "Total Unusual Items": -397000000.0,
        "Total Unusual Items Excluding Goodwill": -397000000.0,
        "Net Income From Continuing Operation Net Minority Interest": 1429000000.0,
        "Reconciled Depreciation": 688000000.0,
        "Reconciled Cost Of Revenue": 2090000000.0,
        "EBITDA": 2593000000.0,
        "EBIT": 1905000000.0,
        "Net Interest Income": -252000000.0,
        "Interest Expense": 252000000.0,
        "Normalized Income": 1769079854.809437,
        "Net Income From Continuing And Discontinued Operation": 1429000000.0,
        "Total Expenses": 5106000000.0,
        "Total Operating Income As Reported": 1612000000.0,
        "Diluted Average Shares": 1256000000.0,
        "Basic Average Shares": 1248000000.0,
        "Diluted EPS": 1.14,
        "Basic EPS": 1.15,
        "Diluted NI Availto Com Stockholders": 1429000000.0,
        "Net Income Common Stockholders": 1429000000.0,
        "Net Income": 1429000000.0,
        "Minority Interests": 12000000.0,
        "Net Income Including Noncontrolling Interests": 1417000000.0,
        "Net Income Continuous Operations": 1416000000.0,
        "Tax Provision": 237000000.0,
        "Pretax Income": 1653000000.0,
        "Other Income Expense": -104000000.0,
        "Other Non Operating Income Expenses": 293000000.0,
        "Special Income Charges": -397000000.0,
        "Other Special Charges": 347000000.0,
        "Net Non Operating Interest Income Expense": -252000000.0,
        "Interest Expense Non Operating": 252000000.0,
        "Operating Income": 2008000000.0,
        "Operating Expense": 3016000000.0,
        "Research And Development": 1408000000.0,
        "Selling General And Administration": 1608000000.0,
        "Gross Profit": 5024000000.0,
        "Cost Of Revenue": 2090000000.0,
        "Total Revenue": 7114000000.0,
        "Operating Revenue": 7114000000.0
    },
    "2024-03-31": {
        "Tax Effect Of Unusual Items": -289170000.0,
        "Tax Rate For Calcs": 0.07,
        "Normalized EBITDA": 589000000.0,
        "Total Unusual Items": -4131000000.0,
        "Total Unusual Items Excluding Goodwill": -4131000000.0,
        "Net Income From Continuing Operation Net Minority Interest": -4170000000.0,
        "Reconciled Depreciation": 690000000.0,
        "Reconciled Cost Of Revenue": 1552000000.0,
        "EBITDA": -3542000000.0,
        "EBIT": -4232000000.0,
        "Net Interest Income": -254000000.0,
        "Interest Expense": 254000000.0,
        "Normalized Income": -328170000.0,
        "Net Income From Continuing And Discontinued Operation": -4170000000.0,
        "Total Expenses": 6877000000.0,
        "Total Operating Income As Reported": -4322000000.0,
        "Diluted Average Shares": 1247000000.0,
        "Basic Average Shares": 1247000000.0,
        "Diluted EPS": -3.34,
        "Basic EPS": -3.34,
        "Diluted NI Availto Com Stockholders": -4170000000.0,
        "Net Income Common Stockholders": -4170000000.0,
        "Net Income": -4170000000.0,
        "Minority Interests": 0.0,
        "Net Income Including Noncontrolling Interests": -4170000000.0,
        "Net Income Continuous Operations": -4171000000.0,
        "Tax Provision": -315000000.0,
        "Pretax Income": -4486000000.0,
        "Other Income Expense": -4040000000.0,
        "Other Non Operating Income Expenses": 91000000.0,
        "Special Income Charges": -4131000000.0,
        "Other Special Charges": 4131000000.0,
        "Net Non Operating Interest Income Expense": -254000000.0,
        "Interest Expense Non Operating": 254000000.0,
        "Operating Income": -191000000.0,
        "Operating Expense": 5325000000.0,
        "Research And Development": 3950000000.0,
        "Selling General And Administration": 1375000000.0,
        "Gross Profit": 5134000000.0,
        "Cost Of Revenue": 1552000000.0,
        "Total Revenue": 6686000000.0,
        "Operating Revenue": 6686000000.0
    }
}