{
    "2023-03-31": {
        "Tax Effect Of Unusual Items": 0.0,
        "Tax Rate For Calcs": 0.0,
        "Normalized EBITDA": -1994000.0,
        "Net Income From Continuing Operation Net Minority Interest": -1830000.0,
        "Reconciled Depreciation": 8000.0,
        "EBITDA": -1994000.0,
        "EBIT": -2002000.0,
        "Net Interest Income": 172000.0,
        "Normalized Income": -1830000.0,
        "Net Income From Continuing And Discontinued Operation": -1830000.0,
        "Total Expenses": 2002000.0,
        "Diluted Average Shares": 1680231.0,
        "Basic Average Shares": 1680231.0,
        "Diluted EPS": -1.090005,
        "Basic EPS": -1.090005,
        "Diluted NI Availto Com Stockholders": -1830000.0,
        "Net Income Common Stockholders": -1830000.0,
        "Net Income": -1830000.0,
        "Net Income Including Noncontrolling Interests": -1830000.0,
        "Net Income Continuous Operations": -1830000.0,
        "Pretax Income": -1830000.0,
        "Net Non Operating Interest Income Expense": 172000.0,
        "Total Other Finance Cost": -172000.0,
        "Operating Income": -2002000.0,
        "Operating Expense": 2002000.0,
        "Research And Development": 1083000.0,
        "Selling General And Administration": 919000.0,
        "General And Administrative Expense": 919000.0,
        "Other Gand A": 919000.0,
        "Total Revenue": 0.0,
        "Operating Revenue": 0.0
    },
    "2022-12-31": {
        "Tax Effect Of Unusual Items": 0.0,
        "Tax Rate For Calcs": 0.0,
        "Normalized EBITDA": -2440000.0,
        "Net Income From Continuing Operation Net Minority Interest": -2639000.0,
        "Reconciled Depreciation": 9000.0,
        "EBITDA": -2440000.0,
        "EBIT": -2449000.0,
        "Net Interest Income": 300000.0,
        "Normalized Income": -2639000.0,
        "Net Income From Continuing And Discontinued Operation": -2639000.0,
        "Total Expenses": 2449000.0,
        "Diluted Average Shares": NaN,
        "Basic Average Shares": NaN,
        "Diluted EPS": NaN,
        "Basic EPS": NaN,
        "Diluted NI Availto Com Stockholders": -2639000.0,
        "Net Income Common Stockholders": -2639000.0,
        "Net Income": -2639000.0,
        "Net Income Including Noncontrolling Interests": -2639000.0,
        "Net Income Continuous Operations": -2639000.0,
        "Pretax Income": -2639000.0,
        "Net Non Operating Interest Income Expense": 300000.0,
        "Total Other Finance Cost": -3000.0,
        "Operating Income": -2449000.0,
        "Operating Expense": 2449000.0,
        "Research And Development": 1378000.0,
        "Selling General And Administration": 1071000.0,
        "General And Administrative Expense": 1071000.0,
        "Other Gand A": -2442000.0,
        "Total Revenue": 0.0,
        "Operating Revenue": 0.0
    },
    "2022-09-30": {
        "Tax Effect Of Unusual Items": NaN,
        "Tax Rate For Calcs": NaN,
        "Normalized EBITDA": NaN,
        "Net Income From Continuing Operation Net Minority Interest": NaN,
        "Reconciled Depreciation": NaN,
        "EBITDA": NaN,
        "EBIT": NaN,
        "Net Interest Income": NaN,
        "Normalized Income": NaN,
        "Net Income From Continuing And Discontinued Operation": NaN,
        "Total Expenses": NaN,
        "Diluted Average Shares": 1679299.0,
        "Basic Average Shares": 1679299.0,
        "Diluted EPS": -3.19,
        "Basic EPS": -3.19,
        "Diluted NI Availto Com Stockholders": NaN,
        "Net Income Common Stockholders": NaN,
        "Net Income": NaN,
        "Net Income Including Noncontrolling Interests": NaN,
        "Net Income Continuous Operations": NaN,
        "Pretax Income": NaN,
        "Net Non Operating Interest Income Expense": NaN,
        "Total Other Finance Cost": NaN,
        "Operating Income": NaN,
        "Operating Expense": NaN,
        "Research And Development": NaN,
        "Selling General And Administration": NaN,
        "General And Administrative Expense": NaN,
        "Other Gand A": NaN,
        "Total Revenue": NaN,
        "Operating Revenue": NaN
    },
    "2022-06-30": {
        "Tax Effect Of Unusual Items": 0.0,
        "Tax Rate For Calcs": 0.0,
        "Normalized EBITDA": -3721000.0,
        "Net Income From Continuing Operation Net Minority Interest": -3734000.0,
        "Reconciled Depreciation": 9000.0,
        "EBITDA": -3721000.0,
        "EBIT": -3730000.0,
        "Net Interest Income": -4000.0,
        "Normalized Income": -3734000.0,
        "Net Income From Continuing And Discontinued Operation": -3734000.0,
        "Total Expenses": 3730000.0,
        "Diluted Average Shares": 1672561.0,
        "Basic Average Shares": 1672561.0,
        "Diluted EPS": -2.25,
        "Basic EPS": -2.25,
        "Diluted NI Availto Com Stockholders": -3734000.0,
        "Net Income Common Stockholders": -3734000.0,
        "Net Income": -3734000.0,
        "Net Income Including Noncontrolling Interests": -3734000.0,
        "Net Income Continuous Operations": -3734000.0,
        "Pretax Income": -3734000.0,
        "Net Non Operating Interest Income Expense": -4000.0,
        "Total Other Finance Cost": 4000.0,
        "Operating Income": -3730000.0,
        "Operating Expense": 3730000.0,
        "Research And Development": 2580000.0,
        "Selling General And Administration": 1150000.0,
        "General And Administrative Expense": 1150000.0,
        "Other Gand A": 1150000.0,
        "Total Revenue": 0.0,
        "Operating Revenue": 0.0
    },
    "2022-03-31": {
        "Diluted EPS": -3.67,
        "Total Revenue": NaN,
        "Gross Profit": NaN,
        "Operating Income": -6,
        "EBIT": -6,
        "Net Income": -6
    },
    "2021-12-31": {
        "Diluted EPS": -4.5,
        "Total Revenue": NaN,
        "Gross Profit": NaN,
        "Operating Income": -7,
        "EBIT": -7,
        "Net Income": -7
    },
    "2021-09-30": {
        "Diluted EPS": -4.65,
        "Total Revenue": NaN,
        "Gross Profit": NaN,
        "Operating Income": -8,
        "EBIT": -8,
        "Net Income": -8
    },
    "2021-06-30": {
        "Diluted EPS": -4.95,
        "Total Revenue": NaN,
        "Gross Profit": NaN,
        "Operating Income": -8,
        "EBIT": -8,
        "Net Income": -8
    },
    "2021-03-31": {
        "Diluted EPS": -5.7,
        "Total Revenue": NaN,
        "Gross Profit": NaN,
        "Operating Income": -9,
        "EBIT": -9,
        "Net Income": -9
    },
    "2020-12-31": {
        "Diluted EPS": -7.2,
        "Total Revenue": NaN,
        "Gross Profit": NaN,
        "Operating Income": -10,
        "EBIT": -10,
        "Net Income": -10
    },
    "2020-09-30": {
        "Diluted EPS": -4.8,
        "Total Revenue": NaN,
        "Gross Profit": NaN,
        "Operating Income": -8,
        "EBIT": -8,
        "Net Income": -7
    },
    "2020-06-30": {
        "Diluted EPS": -3.9,
        "Total Revenue": NaN,
        "Gross Profit": NaN,
        "Operating Income": -6,
        "EBIT": -6,
        "Net Income": -6
    },
    "2020-03-31": {
        "Diluted EPS": -4.35,
        "Total Revenue": NaN,
        "Gross Profit": NaN,
        "Operating Income": -6,
        "EBIT": -6,
        "Net Income": -6
    },
    "2019-12-31": {
        "Diluted EPS": -5.85,
        "Total Revenue": NaN,
        "Gross Profit": NaN,
        "Operating Income": -9,
        "EBIT": -9,
        "Net Income": -8
    },
    "2019-09-30": {
        "Diluted EPS": -3.15,
        "Total Revenue": NaN,
        "Gross Profit": NaN,
        "Operating Income": -5,
        "EBIT": -5,
        "Net Income": -5
    },
    "2019-06-30": {
        "Diluted EPS": -3.0,
        "Total Revenue": NaN,
        "Gross Profit": NaN,
        "Operating Income": -5,
        "EBIT": -5,
        "Net Income": -4
    },
    "2019-03-31": {
        "Diluted EPS": -2.55,
        "Total Revenue": NaN,
        "Gross Profit": NaN,
        "Operating Income": -4,
        "EBIT": -4,
        "Net Income": -3
    },
    "2018-12-31": {
        "Diluted EPS": -2.25,
        "Total Revenue": 0,
        "Gross Profit": 0,
        "Operating Income": -4,
        "EBIT": -4,
        "Net Income": -4
    },
    "2018-09-30": {
        "Diluted EPS": -0.75,
        "Total Revenue": 2,
        "Gross Profit": 2,
        "Operating Income": -1,
        "EBIT": -1,
        "Net Income": -1
    },
    "2018-06-30": {
        "Diluted EPS": -2.55,
        "Total Revenue": 0,
        "Gross Profit": 0,
        "Operating Income": -3,
        "EBIT": -3,
        "Net Income": -3
    },
    "2018-03-31": {
        "Diluted EPS": -2.55,
        "Total Revenue": 0,
        "Gross Profit": 0,
        "Operating Income": -3,
        "EBIT": -2,
        "Net Income": -3
    },
    "2017-12-31": {
        "Diluted EPS": -4.05,
        "Total Revenue": 0,
        "Gross Profit": 0,
        "Operating Income": -4,
        "EBIT": -3,
        "Net Income": -4
    },
    "2017-09-30": {
        "Diluted EPS": -3.45,
        "Total Revenue": 0,
        "Gross Profit": 0,
        "Operating Income": -3,
        "EBIT": -3,
        "Net Income": -3
    },
    "2017-06-30": {
        "Diluted EPS": -3.3,
        "Total Revenue": 0,
        "Gross Profit": 0,
        "Operating Income": -3,
        "EBIT": -3,
        "Net Income": -3
    },
    "2017-03-31": {
        "Diluted EPS": -3.9,
        "Total Revenue": 0,
        "Gross Profit": 0,
        "Operating Income": -3,
        "EBIT": -3,
        "Net Income": -3
    },
    "2016-12-31": {
        "Diluted EPS": -6.0,
        "Total Revenue": 0,
        "Gross Profit": 0,
        "Operating Income": -5,
        "EBIT": -5,
        "Net Income": -5
    },
    "2016-09-30": {
        "Diluted EPS": -5.1,
        "Total Revenue": 0,
        "Gross Profit": 0,
        "Operating Income": -4,
        "EBIT": -4,
        "Net Income": -4
    },
    "2016-06-30": {
        "Diluted EPS": -5.85,
        "Total Revenue": NaN,
        "Gross Profit": NaN,
        "Operating Income": -4,
        "EBIT": -4,
        "Net Income": -4
    },
    "2016-03-31": {
        "Diluted EPS": -5.4,
        "Total Revenue": NaN,
        "Gross Profit": NaN,
        "Operating Income": -4,
        "EBIT": -4,
        "Net Income": -4
    },
    "2015-12-31": {
        "Diluted EPS": -4.5,
        "Total Revenue": NaN,
        "Gross Profit": NaN,
        "Operating Income": -3,
        "EBIT": -3,
        "Net Income": -3
    },
    "2015-09-30": {
        "Diluted EPS": -3.45,
        "Total Revenue": NaN,
        "Gross Profit": NaN,
        "Operating Income": -2,
        "EBIT": -2,
        "Net Income": -3
    },
    "2015-06-30": {
        "Diluted EPS": -3.15,
        "Total Revenue": NaN,
        "Gross Profit": NaN,
        "Operating Income": -3,
        "EBIT": -2,
        "Net Income": -2
    },
    "2015-03-31": {
        "Diluted EPS": -3.3,
        "Total Revenue": NaN,
        "Gross Profit": NaN,
        "Operating Income": -3,
        "EBIT": -3,
        "Net Income": -2
    },
    "2014-12-31": {
        "Diluted EPS": -2.7,
        "Total Revenue": NaN,
        "Gross Profit": NaN,
        "Operating Income": -2,
        "Net Income": -2
    },
    "2014-09-30": {
        "Diluted EPS": 0.0,
        "Total Revenue": NaN,
        "Gross Profit": NaN,
        "Operating Income": NaN,
        "Net Income": NaN
    },
    "2014-06-30": {
        "Diluted EPS": -2.1,
        "Total Revenue": NaN,
        "Gross Profit": NaN,
        "Operating Income": -2,
        "EBIT": -2,
        "Net Income": -2
    },
    "2014-03-31": {
        "Diluted EPS": -4.05,
        "Total Revenue": NaN,
        "Gross Profit": NaN,
        "Operating Income": -2,
        "EBIT": -2,
        "Net Income": -2
    },
    "2013-12-31": {
        "Diluted EPS": 0.0,
        "Total Revenue": NaN,
        "Gross Profit": NaN,
        "Operating Income": NaN,
        "EBIT": NaN,
        "Net Income": NaN
    },
    "2013-03-31": {
        "Diluted EPS": 1.8,
        "Total Revenue": NaN,
        "Gross Profit": NaN,
        "Operating Income": -1,
        "EBIT": -1,
        "Net Income": 1
    },
    "2012-12-31": {
        "Diluted EPS": 0.0,
        "Total Revenue": NaN,
        "Gross Profit": NaN,
        "Operating Income": NaN,
        "EBIT": NaN,
        "Net Income": NaN
    },
    "2023-06-30": {
        "Tax Effect Of Unusual Items": 0.0,
        "Tax Rate For Calcs": 0.0,
        "Normalized EBITDA": -1862000.0,
        "Net Income From Continuing Operation Net Minority Interest": -1593000.0,
        "Reconciled Depreciation": 9000.0,
        "EBITDA": -1862000.0,
        "EBIT": -1871000.0,
        "Net Interest Income": 278000.0,
        "Normalized Income": -1593000.0,
        "Net Income From Continuing And Discontinued Operation": -1593000.0,
        "Total Expenses": 1871000.0,
        "Diluted Average Shares": 1680232.0,
        "Basic Average Shares": 1680232.0,
        "Diluted EPS": -0.95,
        "Basic EPS": -0.95,
        "Diluted NI Availto Com Stockholders": -1593000.0,
        "Net Income Common Stockholders": -1593000.0,
        "Net Income": -1593000.0,
        "Net Income Including Noncontrolling Interests": -1593000.0,
        "Net Income Continuous Operations": -1593000.0,
        "Pretax Income": -1593000.0,
        "Net Non Operating Interest Income Expense": 278000.0,
        "Total Other Finance Cost": -278000.0,
        "Operating Income": -1871000.0,
        "Operating Expense": 1871000.0,
        "Research And Development": 809000.0,
        "Selling General And Administration": 1062000.0,
        "General And Administrative Expense": 1062000.0,
        "Other Gand A": 1062000.0,
        "Total Revenue": 0.0,
        "Operating Revenue": 0.0
    },
    "2023-09-30": {
        "Tax Effect Of Unusual Items": 0.0,
        "Tax Rate For Calcs": 0.0,
        "Normalized EBITDA": -1460000.0,
        "Net Income From Continuing Operation Net Minority Interest": -1473000.0,
        "Reconciled Depreciation": 8000.0,
        "EBITDA": -1460000.0,
        "EBIT": -1468000.0,
        "Net Interest Income": -5000.0,
        "Normalized Income": -1473000.0,
        "Net Income From Continuing And Discontinued Operation": -1473000.0,
        "Total Expenses": 1468000.0,
        "Diluted Average Shares": 6246188.0,
        "Basic Average Shares": 6246188.0,
        "Diluted EPS": -0.24,
        "Basic EPS": -0.24,
        "Diluted NI Availto Com Stockholders": -1473000.0,
        "Net Income Common Stockholders": -1473000.0,
        "Net Income": -1473000.0,
        "Net Income Including Noncontrolling Interests": -1473000.0,
        "Net Income Continuous Operations": -1473000.0,
        "Pretax Income": -1473000.0,
        "Net Non Operating Interest Income Expense": -5000.0,
        "Total Other Finance Cost": 5000.0,
        "Operating Income": -1468000.0,
        "Operating Expense": 1468000.0,
        "Research And Development": 556000.0,
        "Selling General And Administration": 912000.0,
        "General And Administrative Expense": 912000.0,
        "Other Gand A": 912000.0,
        "Total Revenue": 0.0,
        "Operating Revenue": 0.0
    },
    "2023-12-31": {
        "Tax Effect Of Unusual Items": 0.0,
        "Tax Rate For Calcs": 0.0,
        "Normalized EBITDA": -2145000.0,
        "Net Income From Continuing Operation Net Minority Interest": -2016000.0,
        "Reconciled Depreciation": 6000.0,
        "EBITDA": -2145000.0,
        "EBIT": -2151000.0,
        "Net Interest Income": -81000.0,
        "Normalized Income": -2016000.0,
        "Net Income From Continuing And Discontinued Operation": -2016000.0,
        "Total Expenses": 2151000.0,
        "Diluted Average Shares": NaN,
        "Basic Average Shares": NaN,
        "Diluted EPS": NaN,
        "Basic EPS": NaN,
        "Diluted NI Availto Com Stockholders": -2016000.0,
        "Net Income Common Stockholders": -2016000.0,
        "Net Income": -2016000.0,
        "Net Income Including Noncontrolling Interests": -2016000.0,
        "Net Income Continuous Operations": -2016000.0,
        "Pretax Income": -2016000.0,
        "Net Non Operating Interest Income Expense": -81000.0,
        "Total Other Finance Cost": 456000.0,
        "Operating Income": -2151000.0,
        "Operating Expense": 2151000.0,
        "Research And Development": 1121000.0,
        "Selling General And Administration": 1030000.0,
        "General And Administrative Expense": 1030000.0,
        "Other Gand A": -1971000.0,
        "Total Revenue": 0.0,
        "Operating Revenue": 0.0
    },
    "2024-03-31": {
        "Tax Effect Of Unusual Items": 0.0,
        "Tax Rate For Calcs": 0.0,
        "Normalized EBITDA": -1392000.0,
        "Net Income From Continuing Operation Net Minority Interest": -1275000.0,
        "Reconciled Depreciation": 9000.0,
        "EBITDA": -1392000.0,
        "EBIT": -1401000.0,
        "Net Interest Income": 126000.0,
        "Normalized Income": -1275000.0,
        "Net Income From Continuing And Discontinued Operation": -1275000.0,
        "Total Expenses": 1401000.0,
        "Diluted Average Shares": NaN,
        "Basic Average Shares": NaN,
        "Diluted EPS": NaN,
        "Basic EPS": NaN,
        "Diluted NI Availto Com Stockholders": -1275000.0,
        "Net Income Common Stockholders": -1275000.0,
        "Net Income": -1275000.0,
        "Net Income Including Noncontrolling Interests": -1275000.0,
        "Net Income Continuous Operations": -1275000.0,
        "Pretax Income": -1275000.0,
        "Net Non Operating Interest Income Expense": 126000.0,
        "Total Other Finance Cost": -126000.0,
        "Operating Income": -1401000.0,
        "Operating Expense": 1401000.0,
        "Research And Development": 635000.0,
        "Selling General And Administration": 766000.0,
        "General And Administrative Expense": 766000.0,
        "Other Gand A": 766000.0,
        "Total Revenue": 0.0,
        "Operating Revenue": 0.0
    }
}