{
    "2023-06-30": {
        "Tax Effect Of Unusual Items": NaN,
        "Tax Rate For Calcs": NaN,
        "Normalized EBITDA": NaN,
        "Total Unusual Items": NaN,
        "Total Unusual Items Excluding Goodwill": NaN,
        "Net Income From Continuing Operation Net Minority Interest": NaN,
        "Reconciled Depreciation": NaN,
        "EBITDA": NaN,
        "EBIT": NaN,
        "Net Interest Income": NaN,
        "Interest Income": NaN,
        "Normalized Income": NaN,
        "Net Income From Continuing And Discontinued Operation": NaN,
        "Total Expenses": NaN,
        "Total Operating Income As Reported": NaN,
        "Diluted Average Shares": 1055003.0,
        "Basic Average Shares": 1055003.0,
        "Diluted EPS": -10.25,
        "Basic EPS": -10.25,
        "Diluted NI Availto Com Stockholders": NaN,
        "Net Income Common Stockholders": NaN,
        "Net Income": NaN,
        "Net Income Including Noncontrolling Interests": NaN,
        "Net Income Continuous Operations": NaN,
        "Tax Provision": 0.0,
        "Pretax Income": NaN,
        "Other Income Expense": NaN,
        "Special Income Charges": 0.0,
        "Restructuring And Mergern Acquisition": 0.0,
        "Gain On Sale Of Security": NaN,
        "Net Non Operating Interest Income Expense": NaN,
        "Interest Income Non Operating": NaN,
        "Operating Income": NaN,
        "Operating Expense": NaN,
        "Research And Development": NaN,
        "Selling General And Administration": NaN,
        "General And Administrative Expense": NaN,
        "Other Gand A": NaN,
        "Total Revenue": NaN,
        "Operating Revenue": NaN
    },
    "2023-03-31": {
        "Tax Effect Of Unusual Items": NaN,
        "Tax Rate For Calcs": NaN,
        "Normalized EBITDA": NaN,
        "Total Unusual Items": NaN,
        "Total Unusual Items Excluding Goodwill": NaN,
        "Net Income From Continuing Operation Net Minority Interest": NaN,
        "Reconciled Depreciation": NaN,
        "EBITDA": NaN,
        "EBIT": NaN,
        "Net Interest Income": NaN,
        "Interest Income": NaN,
        "Normalized Income": NaN,
        "Net Income From Continuing And Discontinued Operation": NaN,
        "Total Expenses": NaN,
        "Total Operating Income As Reported": NaN,
        "Diluted Average Shares": 25672902.0,
        "Basic Average Shares": 25672902.0,
        "Diluted EPS": -0.51,
        "Basic EPS": -0.51,
        "Diluted NI Availto Com Stockholders": NaN,
        "Net Income Common Stockholders": NaN,
        "Net Income": NaN,
        "Net Income Including Noncontrolling Interests": NaN,
        "Net Income Continuous Operations": NaN,
        "Tax Provision": NaN,
        "Pretax Income": NaN,
        "Other Income Expense": NaN,
        "Special Income Charges": NaN,
        "Restructuring And Mergern Acquisition": NaN,
        "Gain On Sale Of Security": NaN,
        "Net Non Operating Interest Income Expense": NaN,
        "Interest Income Non Operating": NaN,
        "Operating Income": NaN,
        "Operating Expense": NaN,
        "Research And Development": NaN,
        "Selling General And Administration": NaN,
        "General And Administrative Expense": NaN,
        "Other Gand A": NaN,
        "Total Revenue": NaN,
        "Operating Revenue": NaN
    },
    "2022-12-31": {
        "Tax Effect Of Unusual Items": 0.0,
        "Tax Rate For Calcs": 0.0,
        "Normalized EBITDA": -12533000.0,
        "Total Unusual Items": -828000.0,
        "Total Unusual Items Excluding Goodwill": -828000.0,
        "Net Income From Continuing Operation Net Minority Interest": -14069000.0,
        "Reconciled Depreciation": 164000.0,
        "EBITDA": -13361000.0,
        "EBIT": -13525000.0,
        "Net Interest Income": 284000.0,
        "Interest Income": 284000.0,
        "Normalized Income": -13241000.0,
        "Net Income From Continuing And Discontinued Operation": -14069000.0,
        "Total Expenses": 13525000.0,
        "Total Operating Income As Reported": -13525000.0,
        "Diluted Average Shares": NaN,
        "Basic Average Shares": NaN,
        "Diluted EPS": NaN,
        "Basic EPS": NaN,
        "Diluted NI Availto Com Stockholders": -14069000.0,
        "Net Income Common Stockholders": -14069000.0,
        "Net Income": -14069000.0,
        "Net Income Including Noncontrolling Interests": -14069000.0,
        "Net Income Continuous Operations": -14069000.0,
        "Pretax Income": -14069000.0,
        "Other Income Expense": -828000.0,
        "Special Income Charges": NaN,
        "Restructuring And Mergern Acquisition": NaN,
        "Gain On Sale Of Security": -828000.0,
        "Net Non Operating Interest Income Expense": 284000.0,
        "Interest Income Non Operating": 284000.0,
        "Operating Income": -13525000.0,
        "Operating Expense": 13525000.0,
        "Research And Development": 10770000.0,
        "Selling General And Administration": 2755000.0,
        "General And Administrative Expense": 2755000.0,
        "Other Gand A": 2755000.0,
        "Total Revenue": 0.0,
        "Operating Revenue": 0.0
    },
    "2022-09-30": {
        "Tax Effect Of Unusual Items": NaN,
        "Tax Rate For Calcs": NaN,
        "Normalized EBITDA": NaN,
        "Total Unusual Items": NaN,
        "Total Unusual Items Excluding Goodwill": NaN,
        "Net Income From Continuing Operation Net Minority Interest": NaN,
        "Reconciled Depreciation": NaN,
        "EBITDA": NaN,
        "EBIT": NaN,
        "Net Interest Income": NaN,
        "Interest Income": NaN,
        "Normalized Income": NaN,
        "Net Income From Continuing And Discontinued Operation": NaN,
        "Total Expenses": NaN,
        "Total Operating Income As Reported": NaN,
        "Diluted Average Shares": 25491786.0,
        "Basic Average Shares": 25491786.0,
        "Diluted EPS": -0.54,
        "Basic EPS": -0.54,
        "Diluted NI Availto Com Stockholders": NaN,
        "Net Income Common Stockholders": NaN,
        "Net Income": NaN,
        "Net Income Including Noncontrolling Interests": NaN,
        "Net Income Continuous Operations": NaN,
        "Pretax Income": NaN,
        "Other Income Expense": NaN,
        "Special Income Charges": 0.0,
        "Restructuring And Mergern Acquisition": 0.0,
        "Gain On Sale Of Security": NaN,
        "Net Non Operating Interest Income Expense": NaN,
        "Interest Income Non Operating": NaN,
        "Operating Income": NaN,
        "Operating Expense": NaN,
        "Research And Development": NaN,
        "Selling General And Administration": NaN,
        "General And Administrative Expense": NaN,
        "Other Gand A": NaN,
        "Total Revenue": NaN,
        "Operating Revenue": NaN
    },
    "2022-06-30": {
        "Tax Effect Of Unusual Items": 0.0,
        "Tax Rate For Calcs": 0.0,
        "Normalized EBITDA": -17095000.0,
        "Total Unusual Items": 78000.0,
        "Total Unusual Items Excluding Goodwill": 78000.0,
        "Net Income From Continuing Operation Net Minority Interest": -16887000.0,
        "Reconciled Depreciation": 104000.0,
        "EBITDA": -17017000.0,
        "EBIT": -17121000.0,
        "Net Interest Income": 156000.0,
        "Interest Income": 156000.0,
        "Normalized Income": -16965000.0,
        "Net Income From Continuing And Discontinued Operation": -16887000.0,
        "Total Expenses": 17121000.0,
        "Total Operating Income As Reported": -17121000.0,
        "Diluted Average Shares": 25270314.0,
        "Basic Average Shares": 25270314.0,
        "Diluted EPS": -0.67,
        "Basic EPS": -0.67,
        "Diluted NI Availto Com Stockholders": -16887000.0,
        "Net Income Common Stockholders": -16887000.0,
        "Net Income": -16887000.0,
        "Net Income Including Noncontrolling Interests": -16887000.0,
        "Net Income Continuous Operations": -16887000.0,
        "Pretax Income": -16887000.0,
        "Other Income Expense": 78000.0,
        "Gain On Sale Of Security": 78000.0,
        "Net Non Operating Interest Income Expense": 156000.0,
        "Interest Income Non Operating": 156000.0,
        "Operating Income": -17121000.0,
        "Operating Expense": 17121000.0,
        "Research And Development": 13707000.0,
        "Selling General And Administration": 3414000.0,
        "General And Administrative Expense": 3414000.0,
        "Other Gand A": 3414000.0,
        "Total Revenue": 0.0,
        "Operating Revenue": 0.0
    },
    "2022-03-31": {
        "Diluted EPS": -0.67,
        "Total Revenue": NaN,
        "Gross Profit": NaN,
        "Operating Income": -17,
        "EBIT": -17,
        "Net Income": -17
    },
    "2021-12-31": {
        "Diluted EPS": -0.53,
        "Total Revenue": NaN,
        "Gross Profit": NaN,
        "Operating Income": -13,
        "EBIT": -13,
        "Net Income": -13
    },
    "2021-09-30": {
        "Diluted EPS": -0.5,
        "Total Revenue": NaN,
        "Gross Profit": NaN,
        "Operating Income": -13,
        "EBIT": -12,
        "Net Income": -13
    },
    "2021-06-30": {
        "Diluted EPS": -0.49,
        "Total Revenue": NaN,
        "Gross Profit": NaN,
        "Operating Income": -12,
        "EBIT": -12,
        "Net Income": -12
    },
    "2021-03-31": {
        "Diluted EPS": -0.53,
        "Total Revenue": NaN,
        "Gross Profit": NaN,
        "Operating Income": -14,
        "EBIT": -14,
        "Net Income": -13
    },
    "2020-12-31": {
        "Diluted EPS": 92.29,
        "Total Revenue": NaN,
        "Gross Profit": NaN,
        "Operating Income": -11,
        "EBIT": -11,
        "Net Income": -9
    },
    "2020-09-30": {
        "Diluted EPS": -55.25,
        "Total Revenue": NaN,
        "Gross Profit": NaN,
        "Operating Income": -10,
        "EBIT": -10,
        "Net Income": -14
    },
    "2020-06-30": {
        "Diluted EPS": -22.83,
        "Total Revenue": NaN,
        "Gross Profit": NaN,
        "Operating Income": -6,
        "EBIT": -6,
        "Net Income": -6
    },
    "2020-03-31": {
        "Diluted EPS": -21.83,
        "Total Revenue": NaN,
        "Gross Profit": NaN,
        "Operating Income": -6,
        "EBIT": -6,
        "Net Income": -6
    },
    "2019-12-31": {
        "Diluted EPS": 0.0,
        "Total Revenue": NaN,
        "Gross Profit": NaN,
        "Operating Income": NaN,
        "EBIT": NaN,
        "Net Income": NaN
    },
    "2019-09-30": {
        "Diluted EPS": -21.18,
        "Total Revenue": NaN,
        "Gross Profit": NaN,
        "Operating Income": -5,
        "EBIT": -5,
        "Net Income": -6
    },
    "2023-09-30": {
        "Tax Effect Of Unusual Items": 0.0,
        "Tax Rate For Calcs": 0.0,
        "Normalized EBITDA": -2734000.0,
        "Total Unusual Items": -2754000.0,
        "Total Unusual Items Excluding Goodwill": -2754000.0,
        "Net Income From Continuing Operation Net Minority Interest": -8136000.0,
        "Reconciled Depreciation": 367000.0,
        "EBITDA": -5488000.0,
        "EBIT": -5855000.0,
        "Net Interest Income": 473000.0,
        "Interest Income": 473000.0,
        "Normalized Income": -5382000.0,
        "Net Income From Continuing And Discontinued Operation": -8136000.0,
        "Total Expenses": 5855000.0,
        "Total Operating Income As Reported": -8583000.0,
        "Diluted Average Shares": 1084191.0,
        "Basic Average Shares": 1084191.0,
        "Diluted EPS": -7.5,
        "Basic EPS": -7.5,
        "Diluted NI Availto Com Stockholders": -8136000.0,
        "Net Income Common Stockholders": -8136000.0,
        "Net Income": -8136000.0,
        "Net Income Including Noncontrolling Interests": -8136000.0,
        "Net Income Continuous Operations": -8136000.0,
        "Tax Provision": 0.0,
        "Pretax Income": -8136000.0,
        "Other Income Expense": -2754000.0,
        "Special Income Charges": -2728000.0,
        "Restructuring And Mergern Acquisition": 2728000.0,
        "Gain On Sale Of Security": -26000.0,
        "Net Non Operating Interest Income Expense": 473000.0,
        "Interest Income Non Operating": 473000.0,
        "Operating Income": -5855000.0,
        "Operating Expense": 5855000.0,
        "Research And Development": 2551000.0,
        "Selling General And Administration": 3304000.0,
        "General And Administrative Expense": 3304000.0,
        "Other Gand A": 3304000.0,
        "Total Revenue": 0.0,
        "Operating Revenue": 0.0
    },
    "2023-12-31": {
        "Tax Effect Of Unusual Items": 0.0,
        "Tax Rate For Calcs": 0.0,
        "Normalized EBITDA": -4858000.0,
        "Total Unusual Items": -864000.0,
        "Total Unusual Items Excluding Goodwill": -864000.0,
        "Net Income From Continuing Operation Net Minority Interest": -6475000.0,
        "Reconciled Depreciation": 229000.0,
        "EBITDA": -5722000.0,
        "EBIT": -5951000.0,
        "Net Interest Income": 340000.0,
        "Interest Income": 340000.0,
        "Normalized Income": -5611000.0,
        "Net Income From Continuing And Discontinued Operation": -6475000.0,
        "Total Expenses": 5951000.0,
        "Total Operating Income As Reported": -6671000.0,
        "Diluted Average Shares": NaN,
        "Basic Average Shares": NaN,
        "Diluted EPS": NaN,
        "Basic EPS": NaN,
        "Diluted NI Availto Com Stockholders": -6475000.0,
        "Net Income Common Stockholders": -6475000.0,
        "Net Income": -6475000.0,
        "Net Income Including Noncontrolling Interests": -6475000.0,
        "Net Income Continuous Operations": -6475000.0,
        "Tax Provision": NaN,
        "Pretax Income": -6475000.0,
        "Other Income Expense": -864000.0,
        "Special Income Charges": -656000.0,
        "Restructuring And Mergern Acquisition": 720000.0,
        "Gain On Sale Of Security": -208000.0,
        "Net Non Operating Interest Income Expense": 340000.0,
        "Interest Income Non Operating": 340000.0,
        "Operating Income": -5951000.0,
        "Operating Expense": 5951000.0,
        "Research And Development": 2768000.0,
        "Selling General And Administration": 3183000.0,
        "General And Administrative Expense": 3183000.0,
        "Other Gand A": 3183000.0,
        "Total Revenue": 0.0,
        "Operating Revenue": 0.0
    },
    "2024-03-31": {
        "Tax Effect Of Unusual Items": 0.0,
        "Tax Rate For Calcs": 0.0,
        "Normalized EBITDA": -5650000.0,
        "Total Unusual Items": 7000.0,
        "Total Unusual Items Excluding Goodwill": 7000.0,
        "Net Income From Continuing Operation Net Minority Interest": -5477000.0,
        "Reconciled Depreciation": 98000.0,
        "EBITDA": -5643000.0,
        "EBIT": -5741000.0,
        "Net Interest Income": 257000.0,
        "Interest Income": 257000.0,
        "Normalized Income": -5484000.0,
        "Net Income From Continuing And Discontinued Operation": -5477000.0,
        "Total Expenses": 5741000.0,
        "Total Operating Income As Reported": -5741000.0,
        "Diluted Average Shares": 1084507.0,
        "Basic Average Shares": 1084507.0,
        "Diluted EPS": -5.0,
        "Basic EPS": -5.0,
        "Diluted NI Availto Com Stockholders": -5477000.0,
        "Net Income Common Stockholders": -5477000.0,
        "Net Income": -5477000.0,
        "Net Income Including Noncontrolling Interests": -5477000.0,
        "Net Income Continuous Operations": -5477000.0,
        "Tax Provision": NaN,
        "Pretax Income": -5477000.0,
        "Other Income Expense": 7000.0,
        "Special Income Charges": NaN,
        "Restructuring And Mergern Acquisition": NaN,
        "Gain On Sale Of Security": 7000.0,
        "Net Non Operating Interest Income Expense": 257000.0,
        "Interest Income Non Operating": 257000.0,
        "Operating Income": -5741000.0,
        "Operating Expense": 5741000.0,
        "Research And Development": 2463000.0,
        "Selling General And Administration": 3278000.0,
        "General And Administrative Expense": 3278000.0,
        "Other Gand A": 3278000.0,
        "Total Revenue": 0.0,
        "Operating Revenue": 0.0
    },
    "2024-06-30": {
        "Tax Effect Of Unusual Items": -198000.0,
        "Tax Rate For Calcs": 0.22,
        "Normalized EBITDA": -3632000.0,
        "Total Unusual Items": -900000.0,
        "Total Unusual Items Excluding Goodwill": -900000.0,
        "Net Income From Continuing Operation Net Minority Interest": -5338000.0,
        "Reconciled Depreciation": 77000.0,
        "EBITDA": -4532000.0,
        "EBIT": -4609000.0,
        "Net Interest Income": 213000.0,
        "Interest Income": 213000.0,
        "Normalized Income": -4636000.0,
        "Net Income From Continuing And Discontinued Operation": -5338000.0,
        "Total Expenses": 4609000.0,
        "Total Operating Income As Reported": -5577000.0,
        "Diluted Average Shares": 1084621.0,
        "Basic Average Shares": 1084621.0,
        "Diluted EPS": -5.0,
        "Basic EPS": -5.0,
        "Diluted NI Availto Com Stockholders": -5338000.0,
        "Net Income Common Stockholders": -5338000.0,
        "Net Income": -5338000.0,
        "Net Income Including Noncontrolling Interests": -5338000.0,
        "Net Income Continuous Operations": -5338000.0,
        "Tax Provision": 42000.0,
        "Pretax Income": -5296000.0,
        "Other Income Expense": -900000.0,
        "Special Income Charges": -968000.0,
        "Restructuring And Mergern Acquisition": 968000.0,
        "Gain On Sale Of Security": 68000.0,
        "Net Non Operating Interest Income Expense": 213000.0,
        "Interest Income Non Operating": 213000.0,
        "Operating Income": -4609000.0,
        "Operating Expense": 4609000.0,
        "Research And Development": 1834000.0,
        "Selling General And Administration": 2775000.0,
        "General And Administrative Expense": 2775000.0,
        "Other Gand A": 2775000.0,
        "Total Revenue": 0.0,
        "Operating Revenue": 0.0
    },
    "2024-09-30": {
        "Tax Effect Of Unusual Items": -40040.0,
        "Tax Rate For Calcs": 0.22,
        "Normalized EBITDA": -3598000.0,
        "Total Unusual Items": -182000.0,
        "Total Unusual Items Excluding Goodwill": -182000.0,
        "Net Income From Continuing Operation Net Minority Interest": -3883000.0,
        "Reconciled Depreciation": 60000.0,
        "EBITDA": -3780000.0,
        "EBIT": -3840000.0,
        "Net Interest Income": 146000.0,
        "Interest Income": 146000.0,
        "Normalized Income": -3741040.0,
        "Net Income From Continuing And Discontinued Operation": -3883000.0,
        "Total Expenses": 3840000.0,
        "Total Operating Income As Reported": -3840000.0,
        "Diluted Average Shares": 1144978.0,
        "Basic Average Shares": 1144978.0,
        "Diluted EPS": -3.39,
        "Basic EPS": -3.39,
        "Diluted NI Availto Com Stockholders": -3883000.0,
        "Net Income Common Stockholders": -3883000.0,
        "Net Income": -3883000.0,
        "Net Income Including Noncontrolling Interests": -3883000.0,
        "Net Income Continuous Operations": -3883000.0,
        "Tax Provision": 7000.0,
        "Pretax Income": -3876000.0,
        "Other Income Expense": -182000.0,
        "Special Income Charges": 0.0,
        "Restructuring And Mergern Acquisition": 0.0,
        "Gain On Sale Of Security": -182000.0,
        "Net Non Operating Interest Income Expense": 146000.0,
        "Interest Income Non Operating": 146000.0,
        "Operating Income": -3840000.0,
        "Operating Expense": 3840000.0,
        "Research And Development": 1093000.0,
        "Selling General And Administration": 2747000.0,
        "General And Administrative Expense": 2747000.0,
        "Other Gand A": 2747000.0,
        "Total Revenue": 0.0,
        "Operating Revenue": 0.0
    }
}