{
    "2023-03-31": {
        "Tax Effect Of Unusual Items": NaN,
        "Tax Rate For Calcs": NaN,
        "Normalized EBITDA": NaN,
        "Total Unusual Items": NaN,
        "Total Unusual Items Excluding Goodwill": NaN,
        "Net Income From Continuing Operation Net Minority Interest": NaN,
        "Reconciled Depreciation": NaN,
        "EBITDA": NaN,
        "EBIT": NaN,
        "Net Interest Income": NaN,
        "Interest Income": NaN,
        "Normalized Income": NaN,
        "Net Income From Continuing And Discontinued Operation": NaN,
        "Total Expenses": NaN,
        "Total Operating Income As Reported": NaN,
        "Diluted Average Shares": NaN,
        "Basic Average Shares": NaN,
        "Diluted EPS": NaN,
        "Basic EPS": NaN,
        "Diluted NI Availto Com Stockholders": NaN,
        "Net Income Common Stockholders": NaN,
        "Net Income": NaN,
        "Net Income Including Noncontrolling Interests": NaN,
        "Net Income Continuous Operations": NaN,
        "Tax Provision": NaN,
        "Pretax Income": NaN,
        "Other Income Expense": NaN,
        "Special Income Charges": 0.0,
        "Gain On Sale Of Ppe": 0.0,
        "Gain On Sale Of Security": NaN,
        "Net Non Operating Interest Income Expense": NaN,
        "Interest Income Non Operating": NaN,
        "Operating Income": NaN,
        "Operating Expense": NaN,
        "Research And Development": NaN,
        "Selling General And Administration": NaN,
        "General And Administrative Expense": NaN,
        "Other Gand A": NaN,
        "Salaries And Wages": NaN,
        "Total Revenue": NaN,
        "Operating Revenue": NaN
    },
    "2022-12-31": {
        "Tax Effect Of Unusual Items": NaN,
        "Tax Rate For Calcs": NaN,
        "Normalized EBITDA": NaN,
        "Total Unusual Items": NaN,
        "Total Unusual Items Excluding Goodwill": NaN,
        "Net Income From Continuing Operation Net Minority Interest": NaN,
        "Reconciled Depreciation": NaN,
        "EBITDA": NaN,
        "EBIT": NaN,
        "Net Interest Income": NaN,
        "Interest Income": NaN,
        "Normalized Income": NaN,
        "Net Income From Continuing And Discontinued Operation": NaN,
        "Total Expenses": NaN,
        "Total Operating Income As Reported": NaN,
        "Diluted Average Shares": NaN,
        "Basic Average Shares": NaN,
        "Diluted EPS": NaN,
        "Basic EPS": NaN,
        "Diluted NI Availto Com Stockholders": NaN,
        "Net Income Common Stockholders": NaN,
        "Net Income": NaN,
        "Net Income Including Noncontrolling Interests": NaN,
        "Net Income Continuous Operations": NaN,
        "Tax Provision": NaN,
        "Pretax Income": NaN,
        "Other Income Expense": NaN,
        "Special Income Charges": 0.0,
        "Gain On Sale Of Ppe": 0.0,
        "Gain On Sale Of Security": NaN,
        "Net Non Operating Interest Income Expense": NaN,
        "Interest Income Non Operating": NaN,
        "Operating Income": NaN,
        "Operating Expense": NaN,
        "Research And Development": NaN,
        "Selling General And Administration": NaN,
        "General And Administrative Expense": NaN,
        "Other Gand A": NaN,
        "Salaries And Wages": NaN,
        "Total Revenue": NaN,
        "Operating Revenue": NaN
    },
    "2022-09-30": {
        "Tax Effect Of Unusual Items": 0.0,
        "Tax Rate For Calcs": 0.0,
        "Normalized EBITDA": -27376000.0,
        "Total Unusual Items": 47000.0,
        "Total Unusual Items Excluding Goodwill": 47000.0,
        "Net Income From Continuing Operation Net Minority Interest": -27318000.0,
        "Reconciled Depreciation": 1033000.0,
        "EBITDA": -27329000.0,
        "EBIT": -28362000.0,
        "Net Interest Income": 997000.0,
        "Interest Income": 997000.0,
        "Normalized Income": -27365000.0,
        "Net Income From Continuing And Discontinued Operation": -27318000.0,
        "Total Expenses": 28362000.0,
        "Total Operating Income As Reported": -28362000.0,
        "Diluted Average Shares": 46732353.0,
        "Basic Average Shares": 46732353.0,
        "Diluted EPS": -0.58,
        "Basic EPS": -0.58,
        "Diluted NI Availto Com Stockholders": -27318000.0,
        "Net Income Common Stockholders": -27318000.0,
        "Net Income": -27318000.0,
        "Net Income Including Noncontrolling Interests": -27318000.0,
        "Net Income Continuous Operations": -27318000.0,
        "Tax Provision": NaN,
        "Pretax Income": -27318000.0,
        "Other Income Expense": 47000.0,
        "Special Income Charges": -16000.0,
        "Gain On Sale Of Ppe": -16000.0,
        "Gain On Sale Of Security": 63000.0,
        "Net Non Operating Interest Income Expense": 997000.0,
        "Interest Income Non Operating": 997000.0,
        "Operating Income": -28362000.0,
        "Operating Expense": 28362000.0,
        "Research And Development": 21342000.0,
        "Selling General And Administration": 7020000.0,
        "General And Administrative Expense": 7020000.0,
        "Other Gand A": 3250000.0,
        "Salaries And Wages": 3770000.0,
        "Total Revenue": 0.0,
        "Operating Revenue": 0.0
    },
    "2022-06-30": {
        "Tax Effect Of Unusual Items": 0.0,
        "Tax Rate For Calcs": 0.0,
        "Normalized EBITDA": -26476000.0,
        "Total Unusual Items": 134000.0,
        "Total Unusual Items Excluding Goodwill": 134000.0,
        "Net Income From Continuing Operation Net Minority Interest": -26469000.0,
        "Reconciled Depreciation": 889000.0,
        "EBITDA": -26342000.0,
        "EBIT": -27231000.0,
        "Net Interest Income": 628000.0,
        "Interest Income": 628000.0,
        "Normalized Income": -26603000.0,
        "Net Income From Continuing And Discontinued Operation": -26469000.0,
        "Total Expenses": 27231000.0,
        "Total Operating Income As Reported": -27231000.0,
        "Diluted Average Shares": 46668369.0,
        "Basic Average Shares": 46668369.0,
        "Diluted EPS": -0.57,
        "Basic EPS": -0.57,
        "Diluted NI Availto Com Stockholders": -26469000.0,
        "Net Income Common Stockholders": -26469000.0,
        "Net Income": -26469000.0,
        "Net Income Including Noncontrolling Interests": -26469000.0,
        "Net Income Continuous Operations": -26469000.0,
        "Tax Provision": NaN,
        "Pretax Income": -26469000.0,
        "Other Income Expense": 134000.0,
        "Special Income Charges": 0.0,
        "Gain On Sale Of Ppe": 0.0,
        "Gain On Sale Of Security": 134000.0,
        "Net Non Operating Interest Income Expense": 628000.0,
        "Interest Income Non Operating": 628000.0,
        "Operating Income": -27231000.0,
        "Operating Expense": 27231000.0,
        "Research And Development": 20936000.0,
        "Selling General And Administration": 6295000.0,
        "General And Administrative Expense": 6295000.0,
        "Other Gand A": 2766000.0,
        "Salaries And Wages": 3529000.0,
        "Total Revenue": 0.0,
        "Operating Revenue": 0.0
    },
    "2022-03-31": {
        "Diluted EPS": -0.51,
        "Total Revenue": NaN,
        "Gross Profit": NaN,
        "Operating Income": -24,
        "EBIT": -24,
        "Net Income": -24
    },
    "2021-12-31": {
        "Diluted EPS": 8.28,
        "Total Revenue": NaN,
        "Gross Profit": NaN,
        "Operating Income": -23,
        "EBIT": -23,
        "Net Income": -23
    },
    "2021-09-30": {
        "Diluted EPS": -0.43,
        "Total Revenue": NaN,
        "Gross Profit": NaN,
        "Operating Income": -20,
        "EBIT": -19,
        "Net Income": -20
    },
    "2021-06-30": {
        "Diluted EPS": -3.63,
        "Total Revenue": NaN,
        "Gross Profit": NaN,
        "Operating Income": -18,
        "EBIT": -18,
        "Net Income": -18
    },
    "2021-03-31": {
        "Diluted EPS": -7.18,
        "Total Revenue": NaN,
        "Gross Profit": NaN,
        "Operating Income": -12,
        "EBIT": -11,
        "Net Income": -12
    },
    "2020-12-31": {
        "Diluted EPS": 0.0,
        "Total Revenue": NaN,
        "Gross Profit": NaN,
        "Operating Income": NaN,
        "EBIT": NaN,
        "Net Income": NaN
    },
    "2020-09-30": {
        "Diluted EPS": -4.29,
        "Total Revenue": NaN,
        "Gross Profit": NaN,
        "Operating Income": -6,
        "EBIT": -6,
        "Net Income": -7
    },
    "2020-06-30": {
        "Diluted EPS": -3.64,
        "Total Revenue": NaN,
        "Gross Profit": NaN,
        "Operating Income": -5,
        "EBIT": -5,
        "Net Income": -5
    },
    "2023-06-30": {
        "Tax Effect Of Unusual Items": NaN,
        "Tax Rate For Calcs": NaN,
        "Normalized EBITDA": NaN,
        "Total Unusual Items": NaN,
        "Total Unusual Items Excluding Goodwill": NaN,
        "Net Income From Continuing Operation Net Minority Interest": NaN,
        "Reconciled Depreciation": NaN,
        "EBITDA": NaN,
        "EBIT": NaN,
        "Net Interest Income": NaN,
        "Interest Income": NaN,
        "Normalized Income": NaN,
        "Net Income From Continuing And Discontinued Operation": NaN,
        "Total Expenses": NaN,
        "Total Operating Income As Reported": NaN,
        "Diluted Average Shares": NaN,
        "Basic Average Shares": NaN,
        "Diluted EPS": NaN,
        "Basic EPS": NaN,
        "Diluted NI Availto Com Stockholders": NaN,
        "Net Income Common Stockholders": NaN,
        "Net Income": NaN,
        "Net Income Including Noncontrolling Interests": NaN,
        "Net Income Continuous Operations": NaN,
        "Tax Provision": NaN,
        "Pretax Income": NaN,
        "Other Income Expense": NaN,
        "Special Income Charges": 24000.0,
        "Gain On Sale Of Ppe": 24000.0,
        "Gain On Sale Of Security": NaN,
        "Net Non Operating Interest Income Expense": NaN,
        "Interest Income Non Operating": NaN,
        "Operating Income": NaN,
        "Operating Expense": NaN,
        "Research And Development": NaN,
        "Selling General And Administration": NaN,
        "General And Administrative Expense": NaN,
        "Other Gand A": NaN,
        "Salaries And Wages": NaN,
        "Total Revenue": NaN,
        "Operating Revenue": NaN
    },
    "2023-09-30": {
        "Tax Effect Of Unusual Items": 5670.0,
        "Tax Rate For Calcs": 0.21,
        "Normalized EBITDA": -35160000.0,
        "Total Unusual Items": 27000.0,
        "Total Unusual Items Excluding Goodwill": 27000.0,
        "Net Income From Continuing Operation Net Minority Interest": -34884000.0,
        "Reconciled Depreciation": 1834000.0,
        "EBITDA": -35133000.0,
        "EBIT": -36967000.0,
        "Net Interest Income": 2227000.0,
        "Interest Income": 2227000.0,
        "Normalized Income": -34905330.0,
        "Net Income From Continuing And Discontinued Operation": -34884000.0,
        "Total Expenses": 36967000.0,
        "Total Operating Income As Reported": -36968000.0,
        "Diluted Average Shares": 49814903.0,
        "Basic Average Shares": 49814903.0,
        "Diluted EPS": -0.7,
        "Basic EPS": -0.7,
        "Diluted NI Availto Com Stockholders": -34884000.0,
        "Net Income Common Stockholders": -34884000.0,
        "Net Income": -34884000.0,
        "Net Income Including Noncontrolling Interests": -34883000.0,
        "Net Income Continuous Operations": -34883000.0,
        "Tax Provision": 170000.0,
        "Pretax Income": -34713000.0,
        "Other Income Expense": 27000.0,
        "Special Income Charges": 0.0,
        "Gain On Sale Of Ppe": 0.0,
        "Gain On Sale Of Security": 27000.0,
        "Net Non Operating Interest Income Expense": 2227000.0,
        "Interest Income Non Operating": 2227000.0,
        "Operating Income": -36967000.0,
        "Operating Expense": 36967000.0,
        "Research And Development": 28306000.0,
        "Selling General And Administration": 8661000.0,
        "General And Administrative Expense": 8661000.0,
        "Other Gand A": 3221000.0,
        "Salaries And Wages": 5440000.0,
        "Total Revenue": 0.0,
        "Operating Revenue": 0.0
    },
    "2023-12-31": {
        "Tax Effect Of Unusual Items": -515.056801,
        "Tax Rate For Calcs": 0.000661,
        "Normalized EBITDA": -32238000.0,
        "Total Unusual Items": -779000.0,
        "Total Unusual Items Excluding Goodwill": -779000.0,
        "Net Income From Continuing Operation Net Minority Interest": -33252000.0,
        "Reconciled Depreciation": 1846000.0,
        "EBITDA": -33017000.0,
        "EBIT": -34863000.0,
        "Net Interest Income": 2368000.0,
        "Interest Income": 2368000.0,
        "Normalized Income": -32473515.056801,
        "Net Income From Continuing And Discontinued Operation": -33252000.0,
        "Total Expenses": 34863000.0,
        "Total Operating Income As Reported": -34863000.0,
        "Diluted Average Shares": 56927647.0,
        "Basic Average Shares": 56927647.0,
        "Diluted EPS": -0.58,
        "Basic EPS": -0.58,
        "Diluted NI Availto Com Stockholders": -33252000.0,
        "Net Income Common Stockholders": -33252000.0,
        "Net Income": -33252000.0,
        "Net Income Including Noncontrolling Interests": -33252000.0,
        "Net Income Continuous Operations": -33252000.0,
        "Tax Provision": -22000.0,
        "Pretax Income": -33274000.0,
        "Other Income Expense": -779000.0,
        "Special Income Charges": 0.0,
        "Gain On Sale Of Ppe": 0.0,
        "Gain On Sale Of Security": -779000.0,
        "Net Non Operating Interest Income Expense": 2368000.0,
        "Interest Income Non Operating": 2368000.0,
        "Operating Income": -34863000.0,
        "Operating Expense": 34863000.0,
        "Research And Development": 27135000.0,
        "Selling General And Administration": 7728000.0,
        "General And Administrative Expense": 7728000.0,
        "Other Gand A": 2850000.0,
        "Salaries And Wages": 4878000.0,
        "Total Revenue": 0.0,
        "Operating Revenue": 0.0
    },
    "2024-03-31": {
        "Tax Effect Of Unusual Items": 130200.0,
        "Tax Rate For Calcs": 0.21,
        "Normalized EBITDA": -33670000.0,
        "Total Unusual Items": 620000.0,
        "Total Unusual Items Excluding Goodwill": 620000.0,
        "Net Income From Continuing Operation Net Minority Interest": -31968000.0,
        "Reconciled Depreciation": 1897000.0,
        "EBITDA": -33050000.0,
        "EBIT": -34947000.0,
        "Net Interest Income": 2442000.0,
        "Interest Income": 2442000.0,
        "Normalized Income": -32457800.0,
        "Net Income From Continuing And Discontinued Operation": -31968000.0,
        "Total Expenses": 36011000.0,
        "Total Operating Income As Reported": -34947000.0,
        "Diluted Average Shares": 60156187.0,
        "Basic Average Shares": 60156187.0,
        "Diluted EPS": -0.53,
        "Basic EPS": -0.53,
        "Diluted NI Availto Com Stockholders": -31968000.0,
        "Net Income Common Stockholders": -31968000.0,
        "Net Income": -31968000.0,
        "Net Income Including Noncontrolling Interests": -31968000.0,
        "Net Income Continuous Operations": -31968000.0,
        "Tax Provision": 83000.0,
        "Pretax Income": -31885000.0,
        "Other Income Expense": 620000.0,
        "Special Income Charges": NaN,
        "Gain On Sale Of Ppe": NaN,
        "Gain On Sale Of Security": 620000.0,
        "Net Non Operating Interest Income Expense": 2442000.0,
        "Interest Income Non Operating": 2442000.0,
        "Operating Income": -34947000.0,
        "Operating Expense": 36011000.0,
        "Research And Development": 27026000.0,
        "Selling General And Administration": 8985000.0,
        "General And Administrative Expense": 8985000.0,
        "Other Gand A": 3570000.0,
        "Salaries And Wages": 5415000.0,
        "Total Revenue": 1064000.0,
        "Operating Revenue": 1064000.0
    },
    "2024-06-30": {
        "Tax Effect Of Unusual Items": -11130.0,
        "Tax Rate For Calcs": 0.21,
        "Normalized EBITDA": -30529000.0,
        "Total Unusual Items": -53000.0,
        "Total Unusual Items Excluding Goodwill": -53000.0,
        "Net Income From Continuing Operation Net Minority Interest": -30310000.0,
        "Reconciled Depreciation": 2060000.0,
        "EBITDA": -30582000.0,
        "EBIT": -32642000.0,
        "Net Interest Income": 2637000.0,
        "Interest Income": 2637000.0,
        "Normalized Income": -30268130.0,
        "Net Income From Continuing And Discontinued Operation": -30310000.0,
        "Total Expenses": 37337000.0,
        "Total Operating Income As Reported": -32642000.0,
        "Diluted Average Shares": 71233992.0,
        "Basic Average Shares": 71233992.0,
        "Diluted EPS": -0.43,
        "Basic EPS": -0.43,
        "Diluted NI Availto Com Stockholders": -30310000.0,
        "Net Income Common Stockholders": -30310000.0,
        "Net Income": -30310000.0,
        "Net Income Including Noncontrolling Interests": -30310000.0,
        "Net Income Continuous Operations": -30310000.0,
        "Tax Provision": 252000.0,
        "Pretax Income": -30058000.0,
        "Other Income Expense": -53000.0,
        "Special Income Charges": 0.0,
        "Gain On Sale Of Ppe": 0.0,
        "Gain On Sale Of Security": -53000.0,
        "Net Non Operating Interest Income Expense": 2637000.0,
        "Interest Income Non Operating": 2637000.0,
        "Operating Income": -32642000.0,
        "Operating Expense": 37337000.0,
        "Research And Development": 28055000.0,
        "Selling General And Administration": 9282000.0,
        "General And Administrative Expense": 9282000.0,
        "Other Gand A": 3956000.0,
        "Salaries And Wages": 5326000.0,
        "Total Revenue": 4695000.0,
        "Operating Revenue": 4695000.0
    },
    "2024-09-30": {
        "Tax Effect Of Unusual Items": -32130.0,
        "Tax Rate For Calcs": 0.21,
        "Normalized EBITDA": -24271000.0,
        "Total Unusual Items": -153000.0,
        "Total Unusual Items Excluding Goodwill": -153000.0,
        "Net Income From Continuing Operation Net Minority Interest": -23859000.0,
        "Reconciled Depreciation": 2103000.0,
        "EBITDA": -24424000.0,
        "EBIT": -26527000.0,
        "Net Interest Income": 2892000.0,
        "Interest Income": 2892000.0,
        "Normalized Income": -23738130.0,
        "Net Income From Continuing And Discontinued Operation": -23859000.0,
        "Total Expenses": 35743000.0,
        "Total Operating Income As Reported": -26527000.0,
        "Diluted Average Shares": 82011670.0,
        "Basic Average Shares": 82011670.0,
        "Diluted EPS": -0.29,
        "Basic EPS": -0.29,
        "Diluted NI Availto Com Stockholders": -23859000.0,
        "Net Income Common Stockholders": -23859000.0,
        "Net Income": -23859000.0,
        "Net Income Including Noncontrolling Interests": -23859000.0,
        "Net Income Continuous Operations": -23859000.0,
        "Tax Provision": 71000.0,
        "Pretax Income": -23788000.0,
        "Other Income Expense": -153000.0,
        "Special Income Charges": 0.0,
        "Gain On Sale Of Ppe": 0.0,
        "Gain On Sale Of Security": -153000.0,
        "Net Non Operating Interest Income Expense": 2892000.0,
        "Interest Income Non Operating": 2892000.0,
        "Operating Income": -26527000.0,
        "Operating Expense": 35743000.0,
        "Research And Development": 27616000.0,
        "Selling General And Administration": 8127000.0,
        "General And Administrative Expense": 8127000.0,
        "Other Gand A": 2425000.0,
        "Salaries And Wages": 5702000.0,
        "Total Revenue": 9216000.0,
        "Operating Revenue": 9216000.0
    }
}