{
    "2023-06-30": {
        "Tax Effect Of Unusual Items": 30044000.0,
        "Tax Rate For Calcs": 0.259,
        "Normalized EBITDA": 717000000.0,
        "Total Unusual Items": 116000000.0,
        "Total Unusual Items Excluding Goodwill": 116000000.0,
        "Net Income From Continuing Operation Net Minority Interest": 281000000.0,
        "Reconciled Depreciation": 343000000.0,
        "Reconciled Cost Of Revenue": 1918000000.0,
        "EBITDA": 833000000.0,
        "EBIT": 490000000.0,
        "Net Interest Income": -73000000.0,
        "Interest Expense": 81000000.0,
        "Interest Income": 8000000.0,
        "Normalized Income": 195044000.0,
        "Net Income From Continuing And Discontinued Operation": 281000000.0,
        "Total Expenses": 2964000000.0,
        "Total Operating Income As Reported": 279000000.0,
        "Diluted Average Shares": 859000000.0,
        "Basic Average Shares": 848000000.0,
        "Diluted EPS": 0.33,
        "Basic EPS": 0.33,
        "Diluted NI Availto Com Stockholders": 281000000.0,
        "Net Income Common Stockholders": 281000000.0,
        "Net Income": 281000000.0,
        "Minority Interests": -22000000.0,
        "Net Income Including Noncontrolling Interests": 303000000.0,
        "Net Income Continuous Operations": 303000000.0,
        "Tax Provision": 106000000.0,
        "Pretax Income": 409000000.0,
        "Other Income Expense": 203000000.0,
        "Other Non Operating Income Expenses": 87000000.0,
        "Gain On Sale Of Security": 116000000.0,
        "Net Non Operating Interest Income Expense": -73000000.0,
        "Interest Expense Non Operating": 81000000.0,
        "Interest Income Non Operating": 8000000.0,
        "Operating Income": 279000000.0,
        "Operating Expense": 734000000.0,
        "Depreciation Amortization Depletion Income Statement": 31000000.0,
        "Depreciation And Amortization In Income Statement": 31000000.0,
        "Amortization": 31000000.0,
        "Amortization Of Intangibles Income Statement": 31000000.0,
        "Research And Development": 263000000.0,
        "Selling General And Administration": 440000000.0,
        "Gross Profit": 1013000000.0,
        "Cost Of Revenue": 2230000000.0,
        "Total Revenue": 3243000000.0,
        "Operating Revenue": 3243000000.0
    },
    "2023-03-31": {
        "Tax Effect Of Unusual Items": -1296000.0,
        "Tax Rate For Calcs": 0.162,
        "Normalized EBITDA": 653000000.0,
        "Total Unusual Items": -8000000.0,
        "Total Unusual Items Excluding Goodwill": -8000000.0,
        "Net Income From Continuing Operation Net Minority Interest": 176000000.0,
        "Reconciled Depreciation": 341000000.0,
        "Reconciled Cost Of Revenue": 1865000000.0,
        "EBITDA": 645000000.0,
        "EBIT": 304000000.0,
        "Net Interest Income": -69000000.0,
        "Interest Expense": 76000000.0,
        "Interest Income": 7000000.0,
        "Normalized Income": 182704000.0,
        "Net Income From Continuing And Discontinued Operation": 176000000.0,
        "Total Expenses": 2881000000.0,
        "Total Operating Income As Reported": 297000000.0,
        "Diluted Average Shares": 859000000.0,
        "Basic Average Shares": 844000000.0,
        "Diluted EPS": 0.2,
        "Basic EPS": 0.21,
        "Diluted NI Availto Com Stockholders": 176000000.0,
        "Net Income Common Stockholders": 176000000.0,
        "Net Income": 176000000.0,
        "Minority Interests": -15000000.0,
        "Net Income Including Noncontrolling Interests": 191000000.0,
        "Net Income Continuous Operations": 191000000.0,
        "Tax Provision": 37000000.0,
        "Pretax Income": 228000000.0,
        "Other Income Expense": NaN,
        "Other Non Operating Income Expenses": 8000000.0,
        "Gain On Sale Of Security": -8000000.0,
        "Net Non Operating Interest Income Expense": -69000000.0,
        "Interest Expense Non Operating": 76000000.0,
        "Interest Income Non Operating": 7000000.0,
        "Operating Income": 297000000.0,
        "Operating Expense": 706000000.0,
        "Depreciation Amortization Depletion Income Statement": 31000000.0,
        "Depreciation And Amortization In Income Statement": 31000000.0,
        "Amortization": 31000000.0,
        "Amortization Of Intangibles Income Statement": 31000000.0,
        "Research And Development": 254000000.0,
        "Selling General And Administration": 421000000.0,
        "Gross Profit": 1003000000.0,
        "Cost Of Revenue": 2175000000.0,
        "Total Revenue": 3178000000.0,
        "Operating Revenue": 3178000000.0
    },
    "2022-12-31": {
        "Tax Effect Of Unusual Items": 19740000.0,
        "Tax Rate For Calcs": 0.21,
        "Normalized EBITDA": 332000000.0,
        "Total Unusual Items": 94000000.0,
        "Total Unusual Items Excluding Goodwill": 94000000.0,
        "Net Income From Continuing Operation Net Minority Interest": -36000000.0,
        "Reconciled Depreciation": 346000000.0,
        "Reconciled Cost Of Revenue": 2176000000.0,
        "EBITDA": 426000000.0,
        "EBIT": 80000000.0,
        "Net Interest Income": -70000000.0,
        "Interest Expense": 76000000.0,
        "Interest Income": 6000000.0,
        "Normalized Income": -110260000.0,
        "Net Income From Continuing And Discontinued Operation": -36000000.0,
        "Total Expenses": 3320000000.0,
        "Total Operating Income As Reported": 86000000.0,
        "Diluted Average Shares": 843000000.0,
        "Basic Average Shares": 843000000.0,
        "Diluted EPS": -0.04,
        "Basic EPS": -0.04,
        "Diluted NI Availto Com Stockholders": -36000000.0,
        "Net Income Common Stockholders": -36000000.0,
        "Net Income": -36000000.0,
        "Minority Interests": -9000000.0,
        "Net Income Including Noncontrolling Interests": -27000000.0,
        "Net Income Continuous Operations": -27000000.0,
        "Tax Provision": 31000000.0,
        "Pretax Income": 4000000.0,
        "Other Income Expense": -12000000.0,
        "Other Non Operating Income Expenses": -106000000.0,
        "Gain On Sale Of Security": 94000000.0,
        "Net Non Operating Interest Income Expense": -70000000.0,
        "Interest Expense Non Operating": 76000000.0,
        "Interest Income Non Operating": 6000000.0,
        "Operating Income": 86000000.0,
        "Operating Expense": 829000000.0,
        "Depreciation Amortization Depletion Income Statement": 31000000.0,
        "Depreciation And Amortization In Income Statement": 31000000.0,
        "Amortization": 31000000.0,
        "Amortization Of Intangibles Income Statement": 31000000.0,
        "Research And Development": 281000000.0,
        "Selling General And Administration": 517000000.0,
        "Gross Profit": 915000000.0,
        "Cost Of Revenue": 2491000000.0,
        "Total Revenue": 3406000000.0,
        "Operating Revenue": 3406000000.0
    },
    "2022-09-30": {
        "Tax Effect Of Unusual Items": -13124000.0,
        "Tax Rate For Calcs": 0.193,
        "Normalized EBITDA": 759000000.0,
        "Total Unusual Items": -68000000.0,
        "Total Unusual Items Excluding Goodwill": -68000000.0,
        "Net Income From Continuing Operation Net Minority Interest": 208000000.0,
        "Reconciled Depreciation": 358000000.0,
        "Reconciled Cost Of Revenue": 2099000000.0,
        "EBITDA": 691000000.0,
        "EBIT": 333000000.0,
        "Net Interest Income": -70000000.0,
        "Interest Expense": 73000000.0,
        "Interest Income": 3000000.0,
        "Normalized Income": 262876000.0,
        "Net Income From Continuing And Discontinued Operation": 208000000.0,
        "Total Expenses": 3196000000.0,
        "Total Operating Income As Reported": 292000000.0,
        "Diluted Average Shares": 855000000.0,
        "Basic Average Shares": 843000000.0,
        "Diluted EPS": 0.24,
        "Basic EPS": 0.25,
        "Diluted NI Availto Com Stockholders": 208000000.0,
        "Net Income Common Stockholders": 208000000.0,
        "Net Income": 208000000.0,
        "Minority Interests": -18000000.0,
        "Net Income Including Noncontrolling Interests": 226000000.0,
        "Net Income Continuous Operations": 226000000.0,
        "Tax Provision": 34000000.0,
        "Pretax Income": 260000000.0,
        "Other Income Expense": 38000000.0,
        "Other Non Operating Income Expenses": 106000000.0,
        "Gain On Sale Of Security": -68000000.0,
        "Net Non Operating Interest Income Expense": -70000000.0,
        "Interest Expense Non Operating": 73000000.0,
        "Interest Income Non Operating": 3000000.0,
        "Operating Income": 292000000.0,
        "Operating Expense": 770000000.0,
        "Depreciation Amortization Depletion Income Statement": 31000000.0,
        "Depreciation And Amortization In Income Statement": 31000000.0,
        "Amortization": 31000000.0,
        "Amortization Of Intangibles Income Statement": 31000000.0,
        "Research And Development": 278000000.0,
        "Selling General And Administration": 461000000.0,
        "Gross Profit": 1062000000.0,
        "Cost Of Revenue": 2426000000.0,
        "Total Revenue": 3488000000.0,
        "Operating Revenue": 3488000000.0
    },
    "2022-06-30": {
        "Tax Effect Of Unusual Items": 43316000.0,
        "Tax Rate For Calcs": 0.221,
        "Normalized EBITDA": 1001000000.0,
        "Total Unusual Items": 196000000.0,
        "Total Unusual Items Excluding Goodwill": 196000000.0,
        "Net Income From Continuing Operation Net Minority Interest": 563000000.0,
        "Reconciled Depreciation": 375000000.0,
        "Reconciled Cost Of Revenue": 2024000000.0,
        "EBITDA": 1197000000.0,
        "EBIT": 822000000.0,
        "Net Interest Income": -69000000.0,
        "Interest Expense": 72000000.0,
        "Interest Income": 3000000.0,
        "Normalized Income": 410316000.0,
        "Net Income From Continuing And Discontinued Operation": 563000000.0,
        "Total Expenses": 3125000000.0,
        "Total Operating Income As Reported": 490000000.0,
        "Diluted Average Shares": 856000000.0,
        "Basic Average Shares": 843000000.0,
        "Diluted EPS": 0.66,
        "Basic EPS": 0.67,
        "Diluted NI Availto Com Stockholders": 563000000.0,
        "Net Income Common Stockholders": 563000000.0,
        "Net Income": 563000000.0,
        "Minority Interests": -21000000.0,
        "Net Income Including Noncontrolling Interests": 584000000.0,
        "Net Income Continuous Operations": 584000000.0,
        "Tax Provision": 166000000.0,
        "Pretax Income": 750000000.0,
        "Other Income Expense": 329000000.0,
        "Other Non Operating Income Expenses": 133000000.0,
        "Gain On Sale Of Security": 196000000.0,
        "Net Non Operating Interest Income Expense": -69000000.0,
        "Interest Expense Non Operating": 72000000.0,
        "Interest Income Non Operating": 3000000.0,
        "Operating Income": 490000000.0,
        "Operating Expense": 756000000.0,
        "Depreciation Amortization Depletion Income Statement": 30000000.0,
        "Depreciation And Amortization In Income Statement": 30000000.0,
        "Amortization": 30000000.0,
        "Amortization Of Intangibles Income Statement": 30000000.0,
        "Research And Development": 240000000.0,
        "Selling General And Administration": 486000000.0,
        "Gross Profit": 1246000000.0,
        "Cost Of Revenue": 2369000000.0,
        "Total Revenue": 3615000000.0,
        "Operating Revenue": 3615000000.0
    },
    "2022-03-31": {
        "Diluted EPS": 0.68,
        "Total Revenue": NaN,
        "Gross Profit": NaN,
        "Operating Income": 570,
        "EBIT": 601,
        "Net Income": 581
    },
    "2021-12-31": {
        "Diluted EPS": 0.6,
        "Total Revenue": NaN,
        "Gross Profit": NaN,
        "Operating Income": 483,
        "EBIT": 862,
        "Net Income": 463
    },
    "2021-09-30": {
        "Diluted EPS": 0.43,
        "Total Revenue": NaN,
        "Gross Profit": NaN,
        "Operating Income": 552,
        "EBIT": 923,
        "Net Income": 371
    },
    "2021-06-30": {
        "Diluted EPS": -0.42,
        "Total Revenue": NaN,
        "Gross Profit": NaN,
        "Operating Income": 575,
        "EBIT": 944,
        "Net Income": -354
    },
    "2021-03-31": {
        "Diluted EPS": 0.67,
        "Total Revenue": NaN,
        "Gross Profit": NaN,
        "Operating Income": 502,
        "EBIT": 864,
        "Net Income": 599
    },
    "2020-12-31": {
        "Diluted EPS": 0.35,
        "Total Revenue": NaN,
        "Gross Profit": NaN,
        "Operating Income": 476,
        "EBIT": 868,
        "Net Income": 203
    },
    "2020-09-30": {
        "Diluted EPS": 0.48,
        "Total Revenue": NaN,
        "Gross Profit": NaN,
        "Operating Income": 257,
        "EBIT": 651,
        "Net Income": 427
    },
    "2020-06-30": {
        "Diluted EPS": -0.13,
        "Total Revenue": NaN,
        "Gross Profit": 756,
        "Operating Income": -103,
        "EBIT": 249,
        "Net Income": -96
    },
    "2020-03-31": {
        "Diluted EPS": -0.16,
        "Total Revenue": NaN,
        "Gross Profit": 561,
        "Operating Income": -121,
        "EBIT": 261,
        "Net Income": -120
    },
    "2019-12-31": {
        "Diluted EPS": 0.05,
        "Total Revenue": NaN,
        "Gross Profit": 854,
        "Operating Income": 147,
        "EBIT": 539,
        "Net Income": 6
    },
    "2019-09-30": {
        "Diluted EPS": 0.38,
        "Total Revenue": NaN,
        "Gross Profit": NaN,
        "Operating Income": 365,
        "EBIT": 761,
        "Net Income": 313
    },
    "2019-06-30": {
        "Diluted EPS": 0.09,
        "Total Revenue": NaN,
        "Gross Profit": NaN,
        "Operating Income": 374,
        "EBIT": 754,
        "Net Income": 68
    },
    "2019-03-31": {
        "Diluted EPS": 0.55,
        "Total Revenue": NaN,
        "Gross Profit": NaN,
        "Operating Income": 420,
        "EBIT": 755,
        "Net Income": 475
    },
    "2018-12-31": {
        "Diluted EPS": 0.4,
        "Total Revenue": NaN,
        "Gross Profit": NaN,
        "Operating Income": 464,
        "EBIT": 794,
        "Net Income": 266
    },
    "2018-09-30": {
        "Diluted EPS": 0.67,
        "Total Revenue": NaN,
        "Gross Profit": NaN,
        "Operating Income": 522,
        "EBIT": 840,
        "Net Income": 601
    },
    "2018-06-30": {
        "Diluted EPS": 0.78,
        "Total Revenue": NaN,
        "Gross Profit": NaN,
        "Operating Income": 395,
        "EBIT": 717,
        "Net Income": 714
    },
    "2018-03-31": {
        "Diluted EPS": -0.72,
        "Total Revenue": NaN,
        "Gross Profit": 955,
        "Operating Income": 194,
        "EBIT": 517,
        "Net Income": -613
    },
    "2017-12-31": {
        "Diluted EPS": -1.54,
        "Total Revenue": NaN,
        "Gross Profit": NaN,
        "Operating Income": 368,
        "EBIT": 674,
        "Net Income": NaN
    },
    "2017-09-30": {
        "Diluted EPS": 0.39,
        "Total Revenue": NaN,
        "Gross Profit": NaN,
        "Operating Income": 442,
        "EBIT": 736,
        "Net Income": 366
    },
    "2017-06-30": {
        "Diluted EPS": 0.42,
        "Total Revenue": NaN,
        "Gross Profit": 987,
        "Operating Income": 385,
        "EBIT": 666,
        "Net Income": 439
    },
    "2017-03-31": {
        "Diluted EPS": 0.07,
        "Total Revenue": NaN,
        "Gross Profit": 951,
        "Operating Income": 413,
        "EBIT": 690,
        "Net Income": 62
    },
    "2016-12-31": {
        "Diluted EPS": 1.46,
        "Total Revenue": NaN,
        "Gross Profit": NaN,
        "Operating Income": 465,
        "EBIT": 770,
        "Net Income": NaN
    },
    "2016-09-30": {
        "Diluted EPS": 0.26,
        "Total Revenue": NaN,
        "Gross Profit": NaN,
        "Operating Income": 535,
        "EBIT": 835,
        "Net Income": 260
    },
    "2016-06-30": {
        "Diluted EPS": 1.87,
        "Total Revenue": NaN,
        "Gross Profit": 951,
        "Operating Income": 247,
        "EBIT": 542,
        "Net Income": NaN
    },
    "2016-03-31": {
        "Diluted EPS": -0.36,
        "Total Revenue": NaN,
        "Gross Profit": 764,
        "Operating Income": 177,
        "EBIT": 472,
        "Net Income": -392
    },
    "2015-12-31": {
        "Diluted EPS": 0.2,
        "Total Revenue": NaN,
        "Gross Profit": 857,
        "Operating Income": 87,
        "EBIT": 389,
        "Net Income": 198
    },
    "2015-09-30": {
        "Diluted EPS": 0.15,
        "Total Revenue": NaN,
        "Gross Profit": 892,
        "Operating Income": 392,
        "EBIT": 684,
        "Net Income": 188
    },
    "2015-06-30": {
        "Diluted EPS": 0.36,
        "Total Revenue": NaN,
        "Gross Profit": 975,
        "Operating Income": 431,
        "EBIT": 730,
        "Net Income": 472
    },
    "2015-03-31": {
        "Diluted EPS": 0.29,
        "Total Revenue": NaN,
        "Gross Profit": 929,
        "Operating Income": 412,
        "EBIT": 703,
        "Net Income": 383
    },
    "2014-12-31": {
        "Diluted EPS": 0.7,
        "Total Revenue": NaN,
        "Gross Profit": 996,
        "Operating Income": 536,
        "EBIT": 834,
        "Net Income": 963
    },
    "2014-09-30": {
        "Diluted EPS": 0.72,
        "Total Revenue": NaN,
        "Gross Profit": NaN,
        "Operating Income": 620,
        "EBIT": 923,
        "Net Income": 990
    },
    "2014-06-30": {
        "Diluted EPS": 0.11,
        "Total Revenue": NaN,
        "Gross Profit": NaN,
        "Operating Income": 460,
        "EBIT": 762,
        "Net Income": 145
    },
    "2014-03-31": {
        "Diluted EPS": 0.2,
        "Total Revenue": NaN,
        "Gross Profit": 935,
        "Operating Income": 315,
        "EBIT": 612,
        "Net Income": 280
    },
    "2013-12-31": {
        "Diluted EPS": 0.3,
        "Total Revenue": NaN,
        "Gross Profit": 770,
        "Operating Income": 184,
        "EBIT": 433,
        "Net Income": 421
    },
    "2013-09-30": {
        "Diluted EPS": 0.28,
        "Total Revenue": NaN,
        "Gross Profit": 901,
        "Operating Income": 439,
        "EBIT": 687,
        "Net Income": 408
    },
    "2013-06-30": {
        "Diluted EPS": 0.43,
        "Total Revenue": NaN,
        "Gross Profit": 883,
        "Operating Income": 424,
        "EBIT": 674,
        "Net Income": 638
    },
    "2013-03-31": {
        "Diluted EPS": 0.33,
        "Total Revenue": NaN,
        "Gross Profit": 770,
        "Operating Income": 324,
        "EBIT": 579,
        "Net Income": 494
    },
    "2012-12-31": {
        "Diluted EPS": 0.11,
        "Total Revenue": NaN,
        "Gross Profit": 798,
        "Operating Income": 79,
        "EBIT": 346,
        "Net Income": 155
    },
    "2012-09-30": {
        "Diluted EPS": 0.36,
        "Total Revenue": NaN,
        "Gross Profit": 889,
        "Operating Income": 411,
        "EBIT": 659,
        "Net Income": 533
    },
    "2012-06-30": {
        "Diluted EPS": 0.31,
        "Total Revenue": NaN,
        "Gross Profit": 808,
        "Operating Income": 328,
        "EBIT": 570,
        "Net Income": 474
    },
    "2012-03-31": {
        "Diluted EPS": 0.31,
        "Total Revenue": NaN,
        "Gross Profit": 824,
        "Operating Income": 361,
        "EBIT": 601,
        "Net Income": 474
    },
    "2011-12-31": {
        "Diluted EPS": 0.33,
        "Total Revenue": NaN,
        "Gross Profit": 835,
        "Operating Income": 241,
        "EBIT": 488,
        "Net Income": 503
    },
    "2011-09-30": {
        "Diluted EPS": 0.51,
        "Total Revenue": NaN,
        "Gross Profit": 978,
        "Operating Income": 587,
        "EBIT": 832,
        "Net Income": 811
    },
    "2011-06-30": {
        "Diluted EPS": 0.47,
        "Total Revenue": NaN,
        "Gross Profit": 889,
        "Operating Income": 424,
        "EBIT": 660,
        "Net Income": 755
    },
    "2011-03-31": {
        "Diluted EPS": 0.47,
        "Total Revenue": NaN,
        "Gross Profit": 874,
        "Operating Income": 460,
        "EBIT": 689,
        "Net Income": 748
    },
    "2010-12-31": {
        "Diluted EPS": 0.65,
        "Total Revenue": NaN,
        "Gross Profit": 767,
        "Operating Income": 649,
        "EBIT": 873,
        "Net Income": NaN
    },
    "2010-09-30": {
        "Diluted EPS": 0.5,
        "Total Revenue": NaN,
        "Gross Profit": 724,
        "Operating Income": 319,
        "EBIT": 533,
        "Net Income": 785
    },
    "2010-06-30": {
        "Diluted EPS": 0.58,
        "Total Revenue": NaN,
        "Gross Profit": 827,
        "Operating Income": 430,
        "EBIT": 638,
        "Net Income": 913
    },
    "2010-03-31": {
        "Diluted EPS": 0.52,
        "Total Revenue": NaN,
        "Gross Profit": 731,
        "Operating Income": 403,
        "EBIT": 611,
        "Net Income": 816
    },
    "2009-12-31": {
        "Diluted EPS": 0.47,
        "Total Revenue": NaN,
        "Gross Profit": 649,
        "Operating Income": 200,
        "EBIT": 398,
        "Net Income": 740
    },
    "2009-09-30": {
        "Diluted EPS": 0.41,
        "Total Revenue": NaN,
        "Gross Profit": 599,
        "Operating Income": 230,
        "EBIT": 460,
        "Net Income": 643
    },
    "2009-06-30": {
        "Diluted EPS": 0.39,
        "Total Revenue": NaN,
        "Gross Profit": 575,
        "Operating Income": 221,
        "EBIT": 407,
        "Net Income": 611
    },
    "2009-03-31": {
        "Diluted EPS": 0.01,
        "Total Revenue": 989,
        "Gross Profit": 270,
        "Operating Income": -260,
        "EBIT": -82,
        "Net Income": 14
    },
    "2023-09-30": {
        "Tax Effect Of Unusual Items": 3220000.0,
        "Tax Rate For Calcs": 0.161,
        "Normalized EBITDA": 619000000.0,
        "Total Unusual Items": 20000000.0,
        "Total Unusual Items Excluding Goodwill": 20000000.0,
        "Net Income From Continuing Operation Net Minority Interest": 164000000.0,
        "Reconciled Depreciation": 340000000.0,
        "Reconciled Cost Of Revenue": 1859000000.0,
        "EBITDA": 639000000.0,
        "EBIT": 299000000.0,
        "Net Interest Income": -72000000.0,
        "Interest Expense": 82000000.0,
        "Interest Income": 10000000.0,
        "Normalized Income": 147220000.0,
        "Net Income From Continuing And Discontinued Operation": 164000000.0,
        "Total Expenses": 2937000000.0,
        "Total Operating Income As Reported": 236000000.0,
        "Diluted Average Shares": 859000000.0,
        "Basic Average Shares": 850000000.0,
        "Diluted EPS": 0.19,
        "Basic EPS": 0.19,
        "Diluted NI Availto Com Stockholders": 164000000.0,
        "Net Income Common Stockholders": 164000000.0,
        "Net Income": 164000000.0,
        "Minority Interests": -18000000.0,
        "Net Income Including Noncontrolling Interests": 182000000.0,
        "Net Income Continuous Operations": 182000000.0,
        "Tax Provision": 35000000.0,
        "Pretax Income": 217000000.0,
        "Other Income Expense": 53000000.0,
        "Other Non Operating Income Expenses": 33000000.0,
        "Gain On Sale Of Security": 20000000.0,
        "Net Non Operating Interest Income Expense": -72000000.0,
        "Interest Expense Non Operating": 82000000.0,
        "Interest Income Non Operating": 10000000.0,
        "Operating Income": 236000000.0,
        "Operating Expense": 768000000.0,
        "Depreciation Amortization Depletion Income Statement": 30000000.0,
        "Depreciation And Amortization In Income Statement": 30000000.0,
        "Amortization": 30000000.0,
        "Amortization Of Intangibles Income Statement": 30000000.0,
        "Research And Development": 270000000.0,
        "Selling General And Administration": 468000000.0,
        "Gross Profit": 1004000000.0,
        "Cost Of Revenue": 2169000000.0,
        "Total Revenue": 3173000000.0,
        "Operating Revenue": 3173000000.0
    },
    "2023-12-31": {
        "Tax Effect Of Unusual Items": 8684210.526316,
        "Tax Rate For Calcs": 0.263158,
        "Normalized EBITDA": 364000000.0,
        "Total Unusual Items": 33000000.0,
        "Total Unusual Items Excluding Goodwill": 33000000.0,
        "Net Income From Continuing Operation Net Minority Interest": -40000000.0,
        "Reconciled Depreciation": 345000000.0,
        "Reconciled Cost Of Revenue": 1768000000.0,
        "EBITDA": 397000000.0,
        "EBIT": 52000000.0,
        "Net Interest Income": -77000000.0,
        "Interest Expense": 90000000.0,
        "Interest Income": 13000000.0,
        "Normalized Income": -64315789.473684,
        "Net Income From Continuing And Discontinued Operation": -40000000.0,
        "Total Expenses": 2916000000.0,
        "Total Operating Income As Reported": 78000000.0,
        "Diluted Average Shares": 851000000.0,
        "Basic Average Shares": 851000000.0,
        "Diluted EPS": -0.05,
        "Basic EPS": -0.05,
        "Diluted NI Availto Com Stockholders": -40000000.0,
        "Net Income Common Stockholders": -40000000.0,
        "Net Income": -40000000.0,
        "Minority Interests": -12000000.0,
        "Net Income Including Noncontrolling Interests": -28000000.0,
        "Net Income Continuous Operations": -28000000.0,
        "Tax Provision": -10000000.0,
        "Pretax Income": -38000000.0,
        "Other Income Expense": -39000000.0,
        "Other Non Operating Income Expenses": -72000000.0,
        "Gain On Sale Of Security": 33000000.0,
        "Net Non Operating Interest Income Expense": -77000000.0,
        "Interest Expense Non Operating": 90000000.0,
        "Interest Income Non Operating": 13000000.0,
        "Operating Income": 78000000.0,
        "Operating Expense": 833000000.0,
        "Depreciation Amortization Depletion Income Statement": 30000000.0,
        "Depreciation And Amortization In Income Statement": 30000000.0,
        "Amortization": 30000000.0,
        "Amortization Of Intangibles Income Statement": 30000000.0,
        "Research And Development": 289000000.0,
        "Selling General And Administration": 514000000.0,
        "Gross Profit": 911000000.0,
        "Cost Of Revenue": 2083000000.0,
        "Total Revenue": 2994000000.0,
        "Operating Revenue": 2994000000.0
    },
    "2024-03-31": {
        "Tax Effect Of Unusual Items": 9360000.0,
        "Tax Rate For Calcs": 0.24,
        "Normalized EBITDA": 677000000.0,
        "Total Unusual Items": 39000000.0,
        "Total Unusual Items Excluding Goodwill": 39000000.0,
        "Net Income From Continuing Operation Net Minority Interest": 209000000.0,
        "Reconciled Depreciation": 337000000.0,
        "Reconciled Cost Of Revenue": 1675000000.0,
        "EBITDA": 716000000.0,
        "EBIT": 379000000.0,
        "Net Interest Income": -71000000.0,
        "Interest Expense": 83000000.0,
        "Interest Income": 12000000.0,
        "Normalized Income": 179360000.0,
        "Net Income From Continuing And Discontinued Operation": 209000000.0,
        "Total Expenses": 2721000000.0,
        "Total Operating Income As Reported": 254000000.0,
        "Diluted Average Shares": 862000000.0,
        "Basic Average Shares": 852000000.0,
        "Diluted EPS": 0.24,
        "Basic EPS": 0.25,
        "Diluted NI Availto Com Stockholders": 209000000.0,
        "Net Income Common Stockholders": 209000000.0,
        "Net Income": 209000000.0,
        "Minority Interests": -16000000.0,
        "Net Income Including Noncontrolling Interests": 225000000.0,
        "Net Income Continuous Operations": 225000000.0,
        "Tax Provision": 71000000.0,
        "Pretax Income": 296000000.0,
        "Other Income Expense": 113000000.0,
        "Other Non Operating Income Expenses": 74000000.0,
        "Gain On Sale Of Security": 39000000.0,
        "Net Non Operating Interest Income Expense": -71000000.0,
        "Interest Expense Non Operating": 83000000.0,
        "Interest Income Non Operating": 12000000.0,
        "Operating Income": 254000000.0,
        "Operating Expense": 739000000.0,
        "Depreciation Amortization Depletion Income Statement": 30000000.0,
        "Depreciation And Amortization In Income Statement": 30000000.0,
        "Amortization": 30000000.0,
        "Amortization Of Intangibles Income Statement": 30000000.0,
        "Research And Development": 258000000.0,
        "Selling General And Administration": 451000000.0,
        "Gross Profit": 993000000.0,
        "Cost Of Revenue": 1982000000.0,
        "Total Revenue": 2975000000.0,
        "Operating Revenue": 2975000000.0
    }
}