{
    "2023-03-31": {
        "Tax Effect Of Unusual Items": 0.0,
        "Tax Rate For Calcs": 0.0,
        "Normalized EBITDA": -10896867.0,
        "Net Income From Continuing Operation Net Minority Interest": -10359350.0,
        "Reconciled Depreciation": 43839.0,
        "EBIT": -10940706.0,
        "Net Interest Income": 581668.0,
        "Interest Income": 581668.0,
        "Normalized Income": -10359350.0,
        "Net Income From Continuing And Discontinued Operation": -10359350.0,
        "Total Expenses": 10940706.0,
        "Total Operating Income As Reported": -10941018.0,
        "Diluted Average Shares": 60350127.0,
        "Basic Average Shares": 60350127.0,
        "Diluted EPS": -0.17,
        "Basic EPS": -0.17,
        "Diluted NI Availto Com Stockholders": -10359350.0,
        "Net Income Common Stockholders": -10359350.0,
        "Net Income": -10359350.0,
        "Net Income Including Noncontrolling Interests": -10359038.0,
        "Net Income Continuous Operations": -10359038.0,
        "Pretax Income": -10359038.0,
        "Net Non Operating Interest Income Expense": 581668.0,
        "Interest Income Non Operating": 581668.0,
        "Operating Income": -10940706.0,
        "Operating Expense": 10940706.0,
        "Research And Development": 5418706.0,
        "Selling General And Administration": 5522000.0,
        "General And Administrative Expense": 5522000.0,
        "Other Gand A": 2739000.0,
        "Salaries And Wages": 2783000.0,
        "Total Revenue": 0.0,
        "Operating Revenue": 0.0,
        "Gross Profit": NaN
    },
    "2022-12-31": {
        "Tax Effect Of Unusual Items": 0.0,
        "Tax Rate For Calcs": 0.0,
        "Normalized EBITDA": -10623000.0,
        "Net Income From Continuing Operation Net Minority Interest": -10245000.0,
        "Reconciled Depreciation": 45718.0,
        "EBIT": -10623000.0,
        "Net Interest Income": 378000.0,
        "Interest Income": 378000.0,
        "Normalized Income": -10245000.0,
        "Net Income From Continuing And Discontinued Operation": -10245000.0,
        "Total Expenses": 10623000.0,
        "Total Operating Income As Reported": -10623000.0,
        "Diluted Average Shares": 52962011.0,
        "Basic Average Shares": 52962011.0,
        "Diluted EPS": -0.19,
        "Basic EPS": -0.19,
        "Diluted NI Availto Com Stockholders": -10245000.0,
        "Net Income Common Stockholders": -10245000.0,
        "Net Income": -10245000.0,
        "Net Income Including Noncontrolling Interests": -10245000.0,
        "Net Income Continuous Operations": -10245000.0,
        "Pretax Income": -10245000.0,
        "Net Non Operating Interest Income Expense": 378000.0,
        "Interest Income Non Operating": 378000.0,
        "Operating Income": -10623000.0,
        "Operating Expense": 10623000.0,
        "Research And Development": 5891000.0,
        "Selling General And Administration": 4732000.0,
        "General And Administrative Expense": 4732000.0,
        "Other Gand A": 4732000.0,
        "Salaries And Wages": 2115000.0,
        "Total Revenue": 0.0,
        "Operating Revenue": 0.0,
        "Gross Profit": NaN
    },
    "2022-09-30": {
        "Tax Effect Of Unusual Items": 0.0,
        "Tax Rate For Calcs": 0.0,
        "Normalized EBITDA": -8720510.0,
        "Net Income From Continuing Operation Net Minority Interest": -8523839.0,
        "Reconciled Depreciation": 47347.0,
        "EBIT": -8767857.0,
        "Net Interest Income": 243597.0,
        "Interest Income": 243597.0,
        "Normalized Income": -8523839.0,
        "Net Income From Continuing And Discontinued Operation": -8523839.0,
        "Total Expenses": 8767857.0,
        "Total Operating Income As Reported": -8767436.0,
        "Diluted Average Shares": 52423944.0,
        "Basic Average Shares": 52423944.0,
        "Diluted EPS": -0.16,
        "Basic EPS": -0.16,
        "Diluted NI Availto Com Stockholders": -8523839.0,
        "Net Income Common Stockholders": -8523839.0,
        "Net Income": -8523839.0,
        "Net Income Including Noncontrolling Interests": -8524260.0,
        "Net Income Continuous Operations": -8524260.0,
        "Pretax Income": -8524260.0,
        "Net Non Operating Interest Income Expense": 243597.0,
        "Interest Income Non Operating": 243597.0,
        "Operating Income": -8767857.0,
        "Operating Expense": 8767857.0,
        "Research And Development": 4922857.0,
        "Selling General And Administration": 3845000.0,
        "General And Administrative Expense": 3845000.0,
        "Other Gand A": 1786000.0,
        "Salaries And Wages": 2059000.0,
        "Total Revenue": 0.0,
        "Operating Revenue": 0.0,
        "Gross Profit": NaN
    },
    "2022-06-30": {
        "Tax Effect Of Unusual Items": 0.0,
        "Tax Rate For Calcs": 0.0,
        "Normalized EBITDA": -13298506.0,
        "Net Income From Continuing Operation Net Minority Interest": -13267567.0,
        "Reconciled Depreciation": 54772.0,
        "EBIT": -13353278.0,
        "Net Interest Income": 85588.0,
        "Interest Income": 85588.0,
        "Normalized Income": -13267567.0,
        "Net Income From Continuing And Discontinued Operation": -13267567.0,
        "Total Expenses": 13428278.0,
        "Total Operating Income As Reported": -13353155.0,
        "Diluted Average Shares": 52407347.0,
        "Basic Average Shares": 52407347.0,
        "Diluted EPS": -0.25,
        "Basic EPS": -0.25,
        "Diluted NI Availto Com Stockholders": -13267567.0,
        "Net Income Common Stockholders": -13267567.0,
        "Net Income": -13267567.0,
        "Net Income Including Noncontrolling Interests": -13267690.0,
        "Net Income Continuous Operations": -13267690.0,
        "Pretax Income": -13267690.0,
        "Net Non Operating Interest Income Expense": 85588.0,
        "Interest Income Non Operating": 85588.0,
        "Operating Income": -13353278.0,
        "Operating Expense": 13428278.0,
        "Research And Development": 7973278.0,
        "Selling General And Administration": 5455000.0,
        "General And Administrative Expense": 5455000.0,
        "Other Gand A": 3162000.0,
        "Salaries And Wages": 2293000.0,
        "Total Revenue": 75000.0,
        "Operating Revenue": 75000.0,
        "Gross Profit": 0
    },
    "2023-06-30": {
        "Diluted EPS": -0.13,
        "Total Revenue": NaN,
        "Gross Profit": NaN,
        "Operating Income": -9,
        "EBIT": -9,
        "Net Income": -8
    },
    "2022-03-31": {
        "Diluted EPS": -0.28,
        "Total Revenue": NaN,
        "Gross Profit": NaN,
        "Operating Income": -15,
        "EBIT": -15,
        "Net Income": -15
    },
    "2021-12-31": {
        "Diluted EPS": -0.33,
        "Total Revenue": 0,
        "Gross Profit": 0,
        "Operating Income": -17,
        "EBIT": -17,
        "Net Income": -17
    },
    "2021-09-30": {
        "Diluted EPS": -0.34,
        "Total Revenue": 0,
        "Gross Profit": 0,
        "Operating Income": -17,
        "EBIT": -17,
        "Net Income": -17
    },
    "2021-06-30": {
        "Diluted EPS": -0.28,
        "Total Revenue": 0,
        "Gross Profit": 0,
        "Operating Income": -14,
        "EBIT": -14,
        "Net Income": -14
    },
    "2021-03-31": {
        "Diluted EPS": -0.28,
        "Total Revenue": 1,
        "Gross Profit": 1,
        "Operating Income": -14,
        "EBIT": -14,
        "Net Income": -14
    },
    "2020-12-31": {
        "Diluted EPS": -0.33,
        "Total Revenue": 0,
        "Gross Profit": 0,
        "Operating Income": -16,
        "EBIT": -16,
        "Net Income": -16
    },
    "2020-09-30": {
        "Diluted EPS": -0.29,
        "Total Revenue": 1,
        "Gross Profit": 1,
        "Operating Income": -14,
        "EBIT": -14,
        "Net Income": -14
    },
    "2020-06-30": {
        "Diluted EPS": -0.32,
        "Total Revenue": NaN,
        "Gross Profit": NaN,
        "Operating Income": -14,
        "EBIT": -14,
        "Net Income": -14
    },
    "2020-03-31": {
        "Diluted EPS": -0.18,
        "Total Revenue": 9,
        "Gross Profit": 9,
        "Operating Income": -8,
        "EBIT": -8,
        "Net Income": -8
    },
    "2019-12-31": {
        "Diluted EPS": -0.33,
        "Total Revenue": NaN,
        "Gross Profit": NaN,
        "Operating Income": -15,
        "EBIT": -15,
        "Net Income": -15
    },
    "2019-09-30": {
        "Diluted EPS": -0.31,
        "Total Revenue": NaN,
        "Gross Profit": NaN,
        "Operating Income": -14,
        "EBIT": -14,
        "Net Income": -13
    },
    "2019-06-30": {
        "Diluted EPS": -0.37,
        "Total Revenue": NaN,
        "Gross Profit": NaN,
        "Operating Income": -17,
        "EBIT": -17,
        "Net Income": -16
    },
    "2019-03-31": {
        "Diluted EPS": -0.33,
        "Total Revenue": NaN,
        "Gross Profit": NaN,
        "Operating Income": -15,
        "EBIT": -15,
        "Net Income": -14
    },
    "2018-12-31": {
        "Diluted EPS": -0.32,
        "Total Revenue": NaN,
        "Gross Profit": NaN,
        "Operating Income": -15,
        "EBIT": -15,
        "Net Income": -14
    },
    "2018-09-30": {
        "Diluted EPS": -0.27,
        "Total Revenue": NaN,
        "Gross Profit": NaN,
        "Operating Income": -13,
        "EBIT": -12,
        "Net Income": -12
    },
    "2018-06-30": {
        "Diluted EPS": -0.26,
        "Total Revenue": NaN,
        "Gross Profit": NaN,
        "Operating Income": -12,
        "EBIT": -12,
        "Net Income": -11
    },
    "2018-03-31": {
        "Diluted EPS": -0.33,
        "Total Revenue": NaN,
        "Gross Profit": NaN,
        "Operating Income": -12,
        "EBIT": -12,
        "Net Income": -12
    },
    "2017-12-31": {
        "Diluted EPS": -0.25,
        "Total Revenue": NaN,
        "Gross Profit": NaN,
        "Operating Income": -10,
        "EBIT": -9,
        "Net Income": -9
    },
    "2017-09-30": {
        "Diluted EPS": -0.24,
        "Total Revenue": NaN,
        "Gross Profit": NaN,
        "Operating Income": -8,
        "EBIT": -8,
        "Net Income": -8
    },
    "2017-06-30": {
        "Diluted EPS": -0.3,
        "Total Revenue": NaN,
        "Gross Profit": NaN,
        "Operating Income": -8,
        "EBIT": -8,
        "Net Income": -8
    },
    "2017-03-31": {
        "Diluted EPS": -0.34,
        "Total Revenue": NaN,
        "Gross Profit": NaN,
        "Operating Income": -8,
        "EBIT": -8,
        "Net Income": -8
    },
    "2016-12-31": {
        "Diluted EPS": -0.35,
        "Total Revenue": NaN,
        "Gross Profit": NaN,
        "Operating Income": -8,
        "EBIT": -8,
        "Net Income": -8
    },
    "2016-09-30": {
        "Diluted EPS": -0.34,
        "Total Revenue": 0,
        "Gross Profit": 0,
        "Operating Income": -8,
        "EBIT": -8,
        "Net Income": -8
    },
    "2016-06-30": {
        "Diluted EPS": -0.41,
        "Total Revenue": NaN,
        "Gross Profit": NaN,
        "Operating Income": -8,
        "EBIT": -8,
        "Net Income": -8
    },
    "2016-03-31": {
        "Diluted EPS": -0.4,
        "Total Revenue": NaN,
        "Gross Profit": NaN,
        "Operating Income": -8,
        "EBIT": -8,
        "Net Income": -8
    },
    "2015-12-31": {
        "Diluted EPS": -0.43,
        "Total Revenue": 0,
        "Gross Profit": 0,
        "Operating Income": -9,
        "EBIT": -9,
        "Net Income": -9
    },
    "2015-09-30": {
        "Diluted EPS": -0.38,
        "Total Revenue": NaN,
        "Gross Profit": NaN,
        "Operating Income": -7,
        "EBIT": -7,
        "Net Income": -7
    },
    "2015-06-30": {
        "Diluted EPS": 0.51,
        "Total Revenue": 20,
        "Gross Profit": 20,
        "Operating Income": 10,
        "EBIT": 10,
        "Net Income": 10
    },
    "2015-03-31": {
        "Diluted EPS": -0.37,
        "Total Revenue": NaN,
        "Gross Profit": NaN,
        "Operating Income": -7,
        "EBIT": -7,
        "Net Income": -7
    },
    "2014-12-31": {
        "Diluted EPS": -0.34,
        "Total Revenue": NaN,
        "Gross Profit": NaN,
        "Operating Income": -7,
        "EBIT": -7,
        "Net Income": -7
    },
    "2014-09-30": {
        "Diluted EPS": -0.35,
        "Total Revenue": NaN,
        "Gross Profit": NaN,
        "Operating Income": -7,
        "EBIT": -7,
        "Net Income": -7
    },
    "2014-06-30": {
        "Diluted EPS": 0.39,
        "Total Revenue": 15,
        "Gross Profit": 15,
        "Operating Income": 8,
        "EBIT": 8,
        "Net Income": 8
    },
    "2014-03-31": {
        "Diluted EPS": -0.3,
        "Total Revenue": NaN,
        "Gross Profit": NaN,
        "Operating Income": -5,
        "EBIT": -5,
        "Net Income": -5
    },
    "2013-12-31": {
        "Diluted EPS": -2.21,
        "Total Revenue": 0,
        "Gross Profit": 0,
        "Operating Income": -4,
        "EBIT": -4,
        "Net Income": -4
    },
    "2013-09-30": {
        "Diluted EPS": -3.0,
        "Total Revenue": 0,
        "Gross Profit": 0,
        "Operating Income": -4,
        "EBIT": -4,
        "Net Income": -4
    },
    "2013-06-30": {
        "Diluted EPS": -3.7,
        "Total Revenue": 0,
        "Gross Profit": 0,
        "Operating Income": -3,
        "EBIT": -3,
        "Net Income": -3
    },
    "2013-03-31": {
        "Diluted EPS": 0.04,
        "Total Revenue": 4,
        "Gross Profit": 4,
        "Operating Income": 0,
        "EBIT": 0,
        "Net Income": 0
    },
    "2012-12-31": {
        "Diluted EPS": 0.0,
        "Total Revenue": NaN,
        "Gross Profit": NaN,
        "Operating Income": NaN,
        "EBIT": NaN,
        "Net Income": NaN
    },
    "2012-09-30": {
        "Diluted EPS": 0.0,
        "Total Revenue": NaN,
        "Gross Profit": NaN,
        "Operating Income": NaN,
        "EBIT": NaN,
        "Net Income": NaN
    },
    "2011-12-31": {
        "Diluted EPS": 0.0,
        "Total Revenue": NaN,
        "Gross Profit": NaN,
        "Operating Income": NaN,
        "EBIT": NaN,
        "Net Income": NaN
    }
}