{
    "2023-06-30": {
        "Tax Effect Of Unusual Items": NaN,
        "Tax Rate For Calcs": NaN,
        "Normalized EBITDA": NaN,
        "Net Income From Continuing Operation Net Minority Interest": NaN,
        "Reconciled Depreciation": NaN,
        "Reconciled Cost Of Revenue": NaN,
        "EBITDA": NaN,
        "EBIT": NaN,
        "Net Interest Income": NaN,
        "Interest Expense": NaN,
        "Interest Income": NaN,
        "Normalized Income": NaN,
        "Net Income From Continuing And Discontinued Operation": NaN,
        "Total Expenses": NaN,
        "Total Operating Income As Reported": NaN,
        "Diluted Average Shares": 1389000000.0,
        "Basic Average Shares": 1385000000.0,
        "Diluted EPS": 1.83,
        "Basic EPS": 1.83,
        "Diluted NI Availto Com Stockholders": NaN,
        "Net Income Common Stockholders": NaN,
        "Preferred Stock Dividends": NaN,
        "Net Income": NaN,
        "Minority Interests": NaN,
        "Net Income Including Noncontrolling Interests": NaN,
        "Net Income Continuous Operations": NaN,
        "Tax Provision": NaN,
        "Pretax Income": NaN,
        "Other Income Expense": NaN,
        "Earnings From Equity Interest": NaN,
        "Net Non Operating Interest Income Expense": NaN,
        "Interest Expense Non Operating": NaN,
        "Interest Income Non Operating": NaN,
        "Operating Income": NaN,
        "Operating Expense": NaN,
        "Selling General And Administration": NaN,
        "Gross Profit": NaN,
        "Cost Of Revenue": NaN,
        "Total Revenue": NaN,
        "Operating Revenue": NaN
    },
    "2023-03-31": {
        "Tax Effect Of Unusual Items": NaN,
        "Tax Rate For Calcs": NaN,
        "Normalized EBITDA": NaN,
        "Net Income From Continuing Operation Net Minority Interest": NaN,
        "Reconciled Depreciation": NaN,
        "Reconciled Cost Of Revenue": NaN,
        "EBITDA": NaN,
        "EBIT": NaN,
        "Net Interest Income": NaN,
        "Interest Expense": NaN,
        "Interest Income": NaN,
        "Normalized Income": NaN,
        "Net Income From Continuing And Discontinued Operation": NaN,
        "Total Expenses": NaN,
        "Total Operating Income As Reported": NaN,
        "Diluted Average Shares": 1402000000.0,
        "Basic Average Shares": 1396000000.0,
        "Diluted EPS": 1.69,
        "Basic EPS": 1.7,
        "Diluted NI Availto Com Stockholders": NaN,
        "Net Income Common Stockholders": NaN,
        "Preferred Stock Dividends": NaN,
        "Net Income": NaN,
        "Minority Interests": NaN,
        "Net Income Including Noncontrolling Interests": NaN,
        "Net Income Continuous Operations": NaN,
        "Tax Provision": NaN,
        "Pretax Income": NaN,
        "Other Income Expense": NaN,
        "Earnings From Equity Interest": NaN,
        "Net Non Operating Interest Income Expense": NaN,
        "Interest Expense Non Operating": NaN,
        "Interest Income Non Operating": NaN,
        "Operating Income": NaN,
        "Operating Expense": NaN,
        "Selling General And Administration": NaN,
        "Gross Profit": NaN,
        "Cost Of Revenue": NaN,
        "Total Revenue": NaN,
        "Operating Revenue": NaN
    },
    "2022-12-31": {
        "Tax Effect Of Unusual Items": 0.0,
        "Tax Rate For Calcs": 0.224111,
        "Normalized EBITDA": 5626000000.0,
        "Net Income From Continuing Operation Net Minority Interest": 1999000000.0,
        "Reconciled Depreciation": 2770000000.0,
        "Reconciled Cost Of Revenue": 37105000000.0,
        "EBITDA": 5626000000.0,
        "EBIT": 2856000000.0,
        "Net Interest Income": -1218000000.0,
        "Interest Expense": 268000000.0,
        "Interest Income": -950000000.0,
        "Normalized Income": 1999000000.0,
        "Net Income From Continuing And Discontinued Operation": 1999000000.0,
        "Total Expenses": 40498000000.0,
        "Total Operating Income As Reported": 2611000000.0,
        "Diluted Average Shares": NaN,
        "Basic Average Shares": NaN,
        "Diluted EPS": NaN,
        "Basic EPS": NaN,
        "Diluted NI Availto Com Stockholders": 1984000000.0,
        "Net Income Common Stockholders": 1984000000.0,
        "Preferred Stock Dividends": 15000000.0,
        "Net Income": 1999000000.0,
        "Minority Interests": -8000000.0,
        "Net Income Including Noncontrolling Interests": 2007000000.0,
        "Net Income Continuous Operations": 2007000000.0,
        "Tax Provision": 580000000.0,
        "Pretax Income": 2588000000.0,
        "Other Income Expense": 1194000000.0,
        "Earnings From Equity Interest": 222000000.0,
        "Net Non Operating Interest Income Expense": -1218000000.0,
        "Interest Expense Non Operating": 268000000.0,
        "Interest Income Non Operating": -950000000.0,
        "Operating Income": 2610000000.0,
        "Operating Expense": 3393000000.0,
        "Selling General And Administration": 3393000000.0,
        "Gross Profit": 6003000000.0,
        "Cost Of Revenue": 37105000000.0,
        "Total Revenue": 43108000000.0,
        "Operating Revenue": 43108000000.0
    },
    "2022-09-30": {
        "Tax Effect Of Unusual Items": NaN,
        "Tax Rate For Calcs": NaN,
        "Normalized EBITDA": NaN,
        "Net Income From Continuing Operation Net Minority Interest": NaN,
        "Reconciled Depreciation": NaN,
        "Reconciled Cost Of Revenue": NaN,
        "EBITDA": NaN,
        "EBIT": NaN,
        "Net Interest Income": NaN,
        "Interest Expense": NaN,
        "Interest Income": NaN,
        "Normalized Income": NaN,
        "Net Income From Continuing And Discontinued Operation": NaN,
        "Total Expenses": NaN,
        "Total Operating Income As Reported": NaN,
        "Diluted Average Shares": 1457000000.0,
        "Basic Average Shares": 1448000000.0,
        "Diluted EPS": 2.25,
        "Basic EPS": 2.26,
        "Diluted NI Availto Com Stockholders": NaN,
        "Net Income Common Stockholders": NaN,
        "Preferred Stock Dividends": NaN,
        "Net Income": NaN,
        "Minority Interests": NaN,
        "Net Income Including Noncontrolling Interests": NaN,
        "Net Income Continuous Operations": NaN,
        "Tax Provision": NaN,
        "Pretax Income": NaN,
        "Other Income Expense": NaN,
        "Earnings From Equity Interest": NaN,
        "Net Non Operating Interest Income Expense": NaN,
        "Interest Expense Non Operating": NaN,
        "Interest Income Non Operating": NaN,
        "Operating Income": NaN,
        "Operating Expense": NaN,
        "Selling General And Administration": NaN,
        "Gross Profit": NaN,
        "Cost Of Revenue": NaN,
        "Total Revenue": NaN,
        "Operating Revenue": NaN
    },
    "2022-06-30": {
        "Tax Effect Of Unusual Items": 0.0,
        "Tax Rate For Calcs": 0.23,
        "Normalized EBITDA": 5222000000.0,
        "Net Income From Continuing Operation Net Minority Interest": 1692000000.0,
        "Reconciled Depreciation": 2856000000.0,
        "Reconciled Cost Of Revenue": 31350000000.0,
        "EBITDA": 5222000000.0,
        "EBIT": 2366000000.0,
        "Net Interest Income": 61000000.0,
        "Interest Expense": 234000000.0,
        "Interest Income": 295000000.0,
        "Normalized Income": 1692000000.0,
        "Net Income From Continuing And Discontinued Operation": 1692000000.0,
        "Total Expenses": 33643000000.0,
        "Total Operating Income As Reported": 2116000000.0,
        "Diluted Average Shares": 1465000000.0,
        "Basic Average Shares": 1458000000.0,
        "Diluted EPS": 1.14,
        "Basic EPS": 1.14,
        "Diluted NI Availto Com Stockholders": 1666000000.0,
        "Net Income Common Stockholders": 1666000000.0,
        "Preferred Stock Dividends": 26000000.0,
        "Net Income": 1692000000.0,
        "Minority Interests": 50000000.0,
        "Net Income Including Noncontrolling Interests": 1642000000.0,
        "Net Income Continuous Operations": 1642000000.0,
        "Tax Provision": 490000000.0,
        "Pretax Income": 2132000000.0,
        "Other Income Expense": -45000000.0,
        "Earnings From Equity Interest": -45000000.0,
        "Net Non Operating Interest Income Expense": 61000000.0,
        "Interest Expense Non Operating": 234000000.0,
        "Interest Income Non Operating": 295000000.0,
        "Operating Income": 2116000000.0,
        "Operating Expense": 2293000000.0,
        "Selling General And Administration": 2293000000.0,
        "Gross Profit": 4409000000.0,
        "Cost Of Revenue": 31350000000.0,
        "Total Revenue": 35759000000.0,
        "Operating Revenue": 35759000000.0
    },
    "2023-09-30": {
        "Tax Effect Of Unusual Items": NaN,
        "Tax Rate For Calcs": NaN,
        "Normalized EBITDA": NaN,
        "Net Income From Continuing Operation Net Minority Interest": NaN,
        "Reconciled Depreciation": NaN,
        "Reconciled Cost Of Revenue": NaN,
        "EBITDA": NaN,
        "EBIT": NaN,
        "Net Interest Income": NaN,
        "Interest Expense": NaN,
        "Interest Income": NaN,
        "Normalized Income": NaN,
        "Net Income From Continuing And Discontinued Operation": NaN,
        "Total Expenses": NaN,
        "Total Operating Income As Reported": NaN,
        "Diluted Average Shares": 1378000000.0,
        "Basic Average Shares": 1372000000.0,
        "Diluted EPS": 2.2,
        "Basic EPS": 2.21,
        "Diluted NI Availto Com Stockholders": NaN,
        "Net Income Common Stockholders": NaN,
        "Preferred Stock Dividends": NaN,
        "Net Income": NaN,
        "Minority Interests": NaN,
        "Net Income Including Noncontrolling Interests": NaN,
        "Net Income Continuous Operations": NaN,
        "Tax Provision": NaN,
        "Pretax Income": NaN,
        "Other Income Expense": NaN,
        "Earnings From Equity Interest": NaN,
        "Net Non Operating Interest Income Expense": NaN,
        "Interest Expense Non Operating": NaN,
        "Interest Income Non Operating": NaN,
        "Operating Income": NaN,
        "Operating Expense": NaN,
        "Selling General And Administration": NaN,
        "Gross Profit": NaN,
        "Cost Of Revenue": NaN,
        "Total Revenue": NaN,
        "Operating Revenue": NaN
    },
    "2023-12-31": {
        "Tax Effect Of Unusual Items": 0.0,
        "Tax Rate For Calcs": 0.21,
        "Normalized EBITDA": 4508000000.0,
        "Net Income From Continuing Operation Net Minority Interest": 2101000000.0,
        "Reconciled Depreciation": 3150000000.0,
        "Reconciled Cost Of Revenue": 39670000000.0,
        "EBITDA": 4508000000.0,
        "EBIT": 1358000000.0,
        "Net Interest Income": -332000000.0,
        "Interest Expense": 222000000.0,
        "Interest Income": -110000000.0,
        "Normalized Income": 2101000000.0,
        "Net Income From Continuing And Discontinued Operation": 2101000000.0,
        "Total Expenses": 42061000000.0,
        "Total Operating Income As Reported": 918000000.0,
        "Diluted Average Shares": NaN,
        "Basic Average Shares": NaN,
        "Diluted EPS": NaN,
        "Basic EPS": NaN,
        "Diluted NI Availto Com Stockholders": 2076000000.0,
        "Net Income Common Stockholders": 2076000000.0,
        "Preferred Stock Dividends": 26000000.0,
        "Net Income": 2101000000.0,
        "Minority Interests": 108000000.0,
        "Net Income Including Noncontrolling Interests": 1994000000.0,
        "Net Income Continuous Operations": 1994000000.0,
        "Tax Provision": -858000000.0,
        "Pretax Income": 1136000000.0,
        "Other Income Expense": 551000000.0,
        "Earnings From Equity Interest": 123000000.0,
        "Net Non Operating Interest Income Expense": -332000000.0,
        "Interest Expense Non Operating": 222000000.0,
        "Interest Income Non Operating": -110000000.0,
        "Operating Income": 918000000.0,
        "Operating Expense": 2391000000.0,
        "Selling General And Administration": 2391000000.0,
        "Gross Profit": 3309000000.0,
        "Cost Of Revenue": 39670000000.0,
        "Total Revenue": 42979000000.0,
        "Operating Revenue": 42979000000.0
    },
    "2024-03-31": {
        "Tax Effect Of Unusual Items": 0.0,
        "Tax Rate For Calcs": 0.205,
        "Normalized EBITDA": 6732000000.0,
        "Net Income From Continuing Operation Net Minority Interest": 2980000000.0,
        "Reconciled Depreciation": 2798000000.0,
        "Reconciled Cost Of Revenue": 37102000000.0,
        "EBITDA": 6732000000.0,
        "EBIT": 3934000000.0,
        "Net Interest Income": 83000000.0,
        "Interest Expense": 219000000.0,
        "Interest Income": 302000000.0,
        "Normalized Income": 2980000000.0,
        "Net Income From Continuing And Discontinued Operation": 2980000000.0,
        "Total Expenses": 39277000000.0,
        "Total Operating Income As Reported": 3738000000.0,
        "Diluted Average Shares": 1162000000.0,
        "Basic Average Shares": 1155000000.0,
        "Diluted EPS": 2.56,
        "Basic EPS": 2.57,
        "Diluted NI Availto Com Stockholders": 2970000000.0,
        "Net Income Common Stockholders": 2970000000.0,
        "Preferred Stock Dividends": 9000000.0,
        "Net Income": 2980000000.0,
        "Minority Interests": 27000000.0,
        "Net Income Including Noncontrolling Interests": 2953000000.0,
        "Net Income Continuous Operations": 2953000000.0,
        "Tax Provision": 762000000.0,
        "Pretax Income": 3715000000.0,
        "Other Income Expense": -105000000.0,
        "Earnings From Equity Interest": -105000000.0,
        "Net Non Operating Interest Income Expense": 83000000.0,
        "Interest Expense Non Operating": 219000000.0,
        "Interest Income Non Operating": 302000000.0,
        "Operating Income": 3737000000.0,
        "Operating Expense": 2175000000.0,
        "Selling General And Administration": 2175000000.0,
        "Gross Profit": 5912000000.0,
        "Cost Of Revenue": 37102000000.0,
        "Total Revenue": 43014000000.0,
        "Operating Revenue": 43014000000.0
    },
    "2024-06-30": {
        "Tax Effect Of Unusual Items": 0.0,
        "Tax Rate For Calcs": 0.21,
        "Normalized EBITDA": 7335000000.0,
        "Net Income From Continuing Operation Net Minority Interest": 2933000000.0,
        "Reconciled Depreciation": 3486000000.0,
        "Reconciled Cost Of Revenue": 41724000000.0,
        "EBITDA": 7335000000.0,
        "EBIT": 3849000000.0,
        "Net Interest Income": -146000000.0,
        "Interest Expense": 206000000.0,
        "Interest Income": 60000000.0,
        "Normalized Income": 2933000000.0,
        "Net Income From Continuing And Discontinued Operation": 2933000000.0,
        "Total Expenses": 44096000000.0,
        "Total Operating Income As Reported": 3873000000.0,
        "Diluted Average Shares": 1147000000.0,
        "Basic Average Shares": 1136000000.0,
        "Diluted EPS": 2.55,
        "Basic EPS": 2.57,
        "Diluted NI Availto Com Stockholders": 2919000000.0,
        "Net Income Common Stockholders": 2919000000.0,
        "Preferred Stock Dividends": 15000000.0,
        "Net Income": 2933000000.0,
        "Minority Interests": 57000000.0,
        "Net Income Including Noncontrolling Interests": 2877000000.0,
        "Net Income Continuous Operations": 2877000000.0,
        "Tax Provision": 767000000.0,
        "Pretax Income": 3643000000.0,
        "Other Income Expense": -84000000.0,
        "Earnings From Equity Interest": -84000000.0,
        "Net Non Operating Interest Income Expense": -146000000.0,
        "Interest Expense Non Operating": 206000000.0,
        "Interest Income Non Operating": 60000000.0,
        "Operating Income": 3872000000.0,
        "Operating Expense": 2372000000.0,
        "Selling General And Administration": 2372000000.0,
        "Gross Profit": 6244000000.0,
        "Cost Of Revenue": 41724000000.0,
        "Total Revenue": 47968000000.0,
        "Operating Revenue": 47968000000.0
    },
    "2024-09-30": {
        "Tax Effect Of Unusual Items": 0.0,
        "Tax Rate For Calcs": 0.191,
        "Normalized EBITDA": 6795000000.0,
        "Net Income From Continuing Operation Net Minority Interest": 3056000000.0,
        "Reconciled Depreciation": 2872000000.0,
        "Reconciled Cost Of Revenue": 42360000000.0,
        "EBITDA": 6795000000.0,
        "EBIT": 3923000000.0,
        "Net Interest Income": 188000000.0,
        "Interest Expense": 206000000.0,
        "Interest Income": 394000000.0,
        "Normalized Income": 3056000000.0,
        "Net Income From Continuing And Discontinued Operation": 3056000000.0,
        "Total Expenses": 45105000000.0,
        "Total Operating Income As Reported": 3651000000.0,
        "Diluted Average Shares": 1131000000.0,
        "Basic Average Shares": 1116000000.0,
        "Diluted EPS": 2.68,
        "Basic EPS": 2.71,
        "Diluted NI Availto Com Stockholders": 3029000000.0,
        "Net Income Common Stockholders": 3029000000.0,
        "Preferred Stock Dividends": 27000000.0,
        "Net Income": 3056000000.0,
        "Minority Interests": 48000000.0,
        "Net Income Including Noncontrolling Interests": 3008000000.0,
        "Net Income Continuous Operations": 3008000000.0,
        "Tax Provision": 709000000.0,
        "Pretax Income": 3717000000.0,
        "Other Income Expense": -122000000.0,
        "Earnings From Equity Interest": -122000000.0,
        "Net Non Operating Interest Income Expense": 188000000.0,
        "Interest Expense Non Operating": 206000000.0,
        "Interest Income Non Operating": 394000000.0,
        "Operating Income": 3651000000.0,
        "Operating Expense": 2745000000.0,
        "Selling General And Administration": 2745000000.0,
        "Gross Profit": 6396000000.0,
        "Cost Of Revenue": 42360000000.0,
        "Total Revenue": 48756000000.0,
        "Operating Revenue": 48756000000.0
    },
    "2024-12-31": {
        "Tax Effect Of Unusual Items": 0.0,
        "Tax Rate For Calcs": 0.21,
        "Normalized EBITDA": 891000000.0,
        "Net Income From Continuing Operation Net Minority Interest": -2961000000.0,
        "Reconciled Depreciation": 3233000000.0,
        "Reconciled Cost Of Revenue": 42851000000.0,
        "EBITDA": 891000000.0,
        "EBIT": -2342000000.0,
        "Net Interest Income": -4000000.0,
        "Interest Expense": 215000000.0,
        "Interest Income": 211000000.0,
        "Normalized Income": -2961000000.0,
        "Net Income From Continuing And Discontinued Operation": -2961000000.0,
        "Total Expenses": 46180000000.0,
        "Total Operating Income As Reported": 1522000000.0,
        "Diluted Average Shares": NaN,
        "Basic Average Shares": NaN,
        "Diluted EPS": NaN,
        "Basic EPS": NaN,
        "Diluted NI Availto Com Stockholders": -1725000000.0,
        "Net Income Common Stockholders": -1725000000.0,
        "Preferred Stock Dividends": -1236000000.0,
        "Net Income": -2961000000.0,
        "Minority Interests": -87000000.0,
        "Net Income Including Noncontrolling Interests": -2874000000.0,
        "Net Income Continuous Operations": -2874000000.0,
        "Tax Provision": 318000000.0,
        "Pretax Income": -2557000000.0,
        "Other Income Expense": -4075000000.0,
        "Earnings From Equity Interest": -4364000000.0,
        "Net Non Operating Interest Income Expense": -4000000.0,
        "Interest Expense Non Operating": 215000000.0,
        "Interest Income Non Operating": 211000000.0,
        "Operating Income": 1522000000.0,
        "Operating Expense": 3329000000.0,
        "Selling General And Administration": 3329000000.0,
        "Gross Profit": 4851000000.0,
        "Cost Of Revenue": 42851000000.0,
        "Total Revenue": 47702000000.0,
        "Operating Revenue": 47702000000.0
    }
}