{
    "2023-03-31": {
        "Tax Effect Of Unusual Items": 0.0,
        "Tax Rate For Calcs": 0.0,
        "Normalized EBITDA": -19474000.0,
        "Net Income From Continuing Operation Net Minority Interest": -20960000.0,
        "Reconciled Depreciation": 106000.0,
        "Reconciled Cost Of Revenue": NaN,
        "EBITDA": -19474000.0,
        "EBIT": -19580000.0,
        "Net Interest Income": -1380000.0,
        "Interest Expense": 1380000.0,
        "Interest Income": NaN,
        "Normalized Income": -20960000.0,
        "Net Income From Continuing And Discontinued Operation": -20960000.0,
        "Total Expenses": 19580000.0,
        "Total Operating Income As Reported": -19580000.0,
        "Diluted Average Shares": 76760688.0,
        "Basic Average Shares": 76760688.0,
        "Diluted EPS": -0.27,
        "Basic EPS": -0.27,
        "Diluted NI Availto Com Stockholders": -20960000.0,
        "Net Income Common Stockholders": -20960000.0,
        "Net Income": -20960000.0,
        "Net Income Including Noncontrolling Interests": -20960000.0,
        "Net Income Continuous Operations": -20960000.0,
        "Pretax Income": -20960000.0,
        "Net Non Operating Interest Income Expense": -1380000.0,
        "Interest Expense Non Operating": 1380000.0,
        "Interest Income Non Operating": NaN,
        "Operating Income": -19580000.0,
        "Operating Expense": 19580000.0,
        "Other Operating Expenses": 5576000.0,
        "Research And Development": 8840000.0,
        "Selling General And Administration": 5164000.0,
        "General And Administrative Expense": 5164000.0,
        "Other Gand A": 5164000.0,
        "Gross Profit": NaN,
        "Cost Of Revenue": NaN,
        "Total Revenue": 0.0,
        "Operating Revenue": 0.0
    },
    "2022-12-31": {
        "Tax Effect Of Unusual Items": 0.0,
        "Tax Rate For Calcs": 0.0,
        "Normalized EBITDA": -20514000.0,
        "Net Income From Continuing Operation Net Minority Interest": -22796000.0,
        "Reconciled Depreciation": 49000.0,
        "Reconciled Cost Of Revenue": NaN,
        "EBITDA": -20514000.0,
        "EBIT": -20563000.0,
        "Net Interest Income": -2233000.0,
        "Interest Expense": 2233000.0,
        "Interest Income": NaN,
        "Normalized Income": -22796000.0,
        "Net Income From Continuing And Discontinued Operation": -22796000.0,
        "Total Expenses": 20563000.0,
        "Total Operating Income As Reported": -20563000.0,
        "Diluted Average Shares": NaN,
        "Basic Average Shares": NaN,
        "Diluted EPS": NaN,
        "Basic EPS": NaN,
        "Diluted NI Availto Com Stockholders": -22796000.0,
        "Net Income Common Stockholders": -22796000.0,
        "Net Income": -22796000.0,
        "Net Income Including Noncontrolling Interests": -22796000.0,
        "Net Income Continuous Operations": -22796000.0,
        "Pretax Income": -22796000.0,
        "Net Non Operating Interest Income Expense": -2233000.0,
        "Interest Expense Non Operating": 2233000.0,
        "Interest Income Non Operating": NaN,
        "Operating Income": -20563000.0,
        "Operating Expense": 20563000.0,
        "Other Operating Expenses": NaN,
        "Research And Development": 10960000.0,
        "Selling General And Administration": -3297000.0,
        "General And Administrative Expense": 6535000.0,
        "Other Gand A": 6535000.0,
        "Gross Profit": NaN,
        "Cost Of Revenue": NaN,
        "Total Revenue": 0.0,
        "Operating Revenue": 0.0
    },
    "2022-09-30": {
        "Tax Effect Of Unusual Items": 0.0,
        "Tax Rate For Calcs": 0.0,
        "Normalized EBITDA": -16894000.0,
        "Net Income From Continuing Operation Net Minority Interest": -17802000.0,
        "Reconciled Depreciation": 167000.0,
        "Reconciled Cost Of Revenue": NaN,
        "EBITDA": -16894000.0,
        "EBIT": -17061000.0,
        "Net Interest Income": -741000.0,
        "Interest Expense": 741000.0,
        "Interest Income": NaN,
        "Normalized Income": -17802000.0,
        "Net Income From Continuing And Discontinued Operation": -17802000.0,
        "Total Expenses": 17061000.0,
        "Total Operating Income As Reported": -17061000.0,
        "Diluted Average Shares": 60440765.0,
        "Basic Average Shares": 60440765.0,
        "Diluted EPS": -0.29,
        "Basic EPS": -0.29,
        "Diluted NI Availto Com Stockholders": -17802000.0,
        "Net Income Common Stockholders": -17802000.0,
        "Net Income": -17802000.0,
        "Net Income Including Noncontrolling Interests": -17802000.0,
        "Net Income Continuous Operations": -17802000.0,
        "Pretax Income": -17802000.0,
        "Net Non Operating Interest Income Expense": -741000.0,
        "Interest Expense Non Operating": 741000.0,
        "Interest Income Non Operating": NaN,
        "Operating Income": -17061000.0,
        "Operating Expense": 17061000.0,
        "Other Operating Expenses": 2760000.0,
        "Research And Development": 9864000.0,
        "Selling General And Administration": 7197000.0,
        "Selling And Marketing Expense": 2760000.0,
        "General And Administrative Expense": 4437000.0,
        "Other Gand A": 4437000.0,
        "Gross Profit": NaN,
        "Cost Of Revenue": NaN,
        "Total Revenue": 0.0,
        "Operating Revenue": 0.0
    },
    "2022-06-30": {
        "Tax Effect Of Unusual Items": 0.0,
        "Tax Rate For Calcs": 0.0,
        "Normalized EBITDA": -17934000.0,
        "Net Income From Continuing Operation Net Minority Interest": -18554000.0,
        "Reconciled Depreciation": 112000.0,
        "EBITDA": -17934000.0,
        "EBIT": -18046000.0,
        "Net Interest Income": -508000.0,
        "Interest Expense": 508000.0,
        "Normalized Income": -18554000.0,
        "Net Income From Continuing And Discontinued Operation": -18554000.0,
        "Total Expenses": 18046000.0,
        "Total Operating Income As Reported": -18046000.0,
        "Diluted Average Shares": 59546273.0,
        "Basic Average Shares": 59546273.0,
        "Diluted EPS": -0.31,
        "Basic EPS": -0.31,
        "Diluted NI Availto Com Stockholders": -18554000.0,
        "Net Income Common Stockholders": -18554000.0,
        "Net Income": -18554000.0,
        "Net Income Including Noncontrolling Interests": -18554000.0,
        "Net Income Continuous Operations": -18554000.0,
        "Pretax Income": -18554000.0,
        "Net Non Operating Interest Income Expense": -508000.0,
        "Interest Expense Non Operating": 508000.0,
        "Operating Income": -18046000.0,
        "Operating Expense": 18046000.0,
        "Other Operating Expenses": 3193000.0,
        "Research And Development": 10563000.0,
        "Selling General And Administration": 4290000.0,
        "Selling And Marketing Expense": NaN,
        "General And Administrative Expense": 4290000.0,
        "Other Gand A": 4290000.0,
        "Total Revenue": 0.0,
        "Operating Revenue": 0.0
    },
    "2022-03-31": {
        "Diluted EPS": -0.34,
        "Total Revenue": NaN,
        "Gross Profit": NaN,
        "Operating Income": -19,
        "EBIT": -19,
        "Net Income": -20
    },
    "2021-12-31": {
        "Diluted EPS": -0.41,
        "Total Revenue": NaN,
        "Gross Profit": NaN,
        "Operating Income": -23,
        "EBIT": -23,
        "Net Income": -24
    },
    "2021-09-30": {
        "Diluted EPS": -0.39,
        "Total Revenue": NaN,
        "Gross Profit": NaN,
        "Operating Income": -22,
        "EBIT": -22,
        "Net Income": -23
    },
    "2021-06-30": {
        "Diluted EPS": -0.4,
        "Total Revenue": NaN,
        "Gross Profit": NaN,
        "Operating Income": -22,
        "EBIT": -22,
        "Net Income": -24
    },
    "2021-03-31": {
        "Diluted EPS": -0.32,
        "Total Revenue": NaN,
        "Gross Profit": NaN,
        "Operating Income": -19,
        "EBIT": -19,
        "Net Income": -19
    },
    "2020-12-31": {
        "Diluted EPS": -0.43,
        "Total Revenue": NaN,
        "Gross Profit": NaN,
        "Operating Income": -21,
        "EBIT": -22,
        "Net Income": -21
    },
    "2020-09-30": {
        "Diluted EPS": -0.3,
        "Total Revenue": NaN,
        "Gross Profit": NaN,
        "Operating Income": -15,
        "EBIT": -14,
        "Net Income": -15
    },
    "2020-06-30": {
        "Diluted EPS": -0.37,
        "Total Revenue": NaN,
        "Gross Profit": NaN,
        "Operating Income": -13,
        "EBIT": -12,
        "Net Income": -15
    },
    "2020-03-31": {
        "Diluted EPS": -0.31,
        "Total Revenue": NaN,
        "Gross Profit": NaN,
        "Operating Income": -12,
        "EBIT": -12,
        "Net Income": -11
    },
    "2019-12-31": {
        "Diluted EPS": -0.33,
        "Total Revenue": NaN,
        "Gross Profit": NaN,
        "Operating Income": -14,
        "EBIT": -14,
        "Net Income": -15
    },
    "2019-09-30": {
        "Diluted EPS": -0.3,
        "Total Revenue": NaN,
        "Gross Profit": NaN,
        "Operating Income": -12,
        "EBIT": -11,
        "Net Income": -10
    },
    "2019-06-30": {
        "Diluted EPS": -0.44,
        "Total Revenue": NaN,
        "Gross Profit": NaN,
        "Operating Income": -11,
        "EBIT": -10,
        "Net Income": 6
    },
    "2019-03-31": {
        "Diluted EPS": -0.62,
        "Total Revenue": NaN,
        "Gross Profit": NaN,
        "Operating Income": -11,
        "EBIT": -11,
        "Net Income": -16
    },
    "2018-12-31": {
        "Diluted EPS": 33.45,
        "Total Revenue": NaN,
        "Gross Profit": NaN,
        "Operating Income": -9,
        "EBIT": -9,
        "Net Income": -23
    },
    "2018-09-30": {
        "Diluted EPS": -14.23,
        "Total Revenue": NaN,
        "Gross Profit": NaN,
        "Operating Income": -8,
        "EBIT": -8,
        "Net Income": -10
    },
    "2018-06-30": {
        "Diluted EPS": -18.97,
        "Total Revenue": NaN,
        "Gross Profit": NaN,
        "Operating Income": -10,
        "EBIT": -10,
        "Net Income": -13
    },
    "2018-03-31": {
        "Diluted EPS": -10.78,
        "Total Revenue": NaN,
        "Gross Profit": NaN,
        "Operating Income": -7,
        "EBIT": -7,
        "Net Income": -7
    },
    "2017-12-31": {
        "Diluted EPS": 0.0,
        "Total Revenue": NaN,
        "Gross Profit": NaN,
        "Operating Income": NaN,
        "EBIT": NaN,
        "Net Income": NaN
    },
    "2017-09-30": {
        "Diluted EPS": -5.71,
        "Total Revenue": NaN,
        "Gross Profit": NaN,
        "Operating Income": -4,
        "EBIT": -4,
        "Net Income": -4
    },
    "2017-06-30": {
        "Diluted EPS": -5.44,
        "Total Revenue": NaN,
        "Gross Profit": NaN,
        "Operating Income": -3,
        "EBIT": -3,
        "Net Income": -4
    },
    "2016-12-31": {
        "Diluted EPS": 0.0,
        "Total Revenue": NaN,
        "Gross Profit": NaN,
        "Operating Income": NaN,
        "EBIT": NaN,
        "Net Income": NaN
    },
    "2023-06-30": {
        "Tax Effect Of Unusual Items": 0.0,
        "Tax Rate For Calcs": 0.0,
        "Normalized EBITDA": -18694000.0,
        "Net Income From Continuing Operation Net Minority Interest": -31676000.0,
        "Reconciled Depreciation": 108000.0,
        "Reconciled Cost Of Revenue": NaN,
        "EBITDA": -18694000.0,
        "EBIT": -18802000.0,
        "Net Interest Income": -12874000.0,
        "Interest Expense": 12874000.0,
        "Interest Income": NaN,
        "Normalized Income": -31676000.0,
        "Net Income From Continuing And Discontinued Operation": -31676000.0,
        "Total Expenses": 18802000.0,
        "Total Operating Income As Reported": -18802000.0,
        "Diluted Average Shares": 102921207.0,
        "Basic Average Shares": 102921207.0,
        "Diluted EPS": -0.31,
        "Basic EPS": -0.31,
        "Diluted NI Availto Com Stockholders": -31676000.0,
        "Net Income Common Stockholders": -31676000.0,
        "Net Income": -31676000.0,
        "Net Income Including Noncontrolling Interests": -31676000.0,
        "Net Income Continuous Operations": -31676000.0,
        "Pretax Income": -31676000.0,
        "Net Non Operating Interest Income Expense": -12874000.0,
        "Interest Expense Non Operating": 12874000.0,
        "Interest Income Non Operating": NaN,
        "Operating Income": -18802000.0,
        "Operating Expense": 18802000.0,
        "Other Operating Expenses": 3862000.0,
        "Research And Development": 8687000.0,
        "Selling General And Administration": 6253000.0,
        "General And Administrative Expense": 6253000.0,
        "Other Gand A": 6253000.0,
        "Gross Profit": NaN,
        "Cost Of Revenue": NaN,
        "Total Revenue": 0.0,
        "Operating Revenue": 0.0
    },
    "2023-09-30": {
        "Tax Effect Of Unusual Items": 0.0,
        "Tax Rate For Calcs": 0.0,
        "Normalized EBITDA": -17228000.0,
        "Net Income From Continuing Operation Net Minority Interest": -1519000.0,
        "Reconciled Depreciation": 810000.0,
        "Reconciled Cost Of Revenue": 626000.0,
        "EBITDA": -17228000.0,
        "EBIT": -18038000.0,
        "Net Interest Income": 16519000.0,
        "Interest Expense": NaN,
        "Interest Income": 16519000.0,
        "Normalized Income": -1519000.0,
        "Net Income From Continuing And Discontinued Operation": -1519000.0,
        "Total Expenses": 18711000.0,
        "Total Operating Income As Reported": -18038000.0,
        "Diluted Average Shares": 124236300.0,
        "Basic Average Shares": 124236300.0,
        "Diluted EPS": -0.01,
        "Basic EPS": -0.01,
        "Diluted NI Availto Com Stockholders": -1519000.0,
        "Net Income Common Stockholders": -1519000.0,
        "Net Income": -1519000.0,
        "Net Income Including Noncontrolling Interests": -1519000.0,
        "Net Income Continuous Operations": -1519000.0,
        "Pretax Income": -1519000.0,
        "Net Non Operating Interest Income Expense": 16519000.0,
        "Interest Expense Non Operating": NaN,
        "Interest Income Non Operating": 16519000.0,
        "Operating Income": -18038000.0,
        "Operating Expense": 18085000.0,
        "Other Operating Expenses": NaN,
        "Research And Development": 4248000.0,
        "Selling General And Administration": 13837000.0,
        "General And Administrative Expense": 13837000.0,
        "Other Gand A": 13837000.0,
        "Gross Profit": 47000.0,
        "Cost Of Revenue": 626000.0,
        "Total Revenue": 673000.0,
        "Operating Revenue": 673000.0
    },
    "2023-12-31": {
        "Tax Effect Of Unusual Items": 0.0,
        "Tax Rate For Calcs": 0.0,
        "Normalized EBITDA": 2011000.0,
        "Net Income From Continuing Operation Net Minority Interest": -8841000.0,
        "Reconciled Depreciation": 1000000.0,
        "Reconciled Cost Of Revenue": 4909000.0,
        "EBITDA": 2011000.0,
        "EBIT": 1011000.0,
        "Net Interest Income": -9081000.0,
        "Interest Expense": NaN,
        "Interest Income": 462000.0,
        "Normalized Income": -8841000.0,
        "Net Income From Continuing And Discontinued Operation": -8841000.0,
        "Total Expenses": 17334000.0,
        "Total Operating Income As Reported": -16618000.0,
        "Diluted Average Shares": NaN,
        "Basic Average Shares": NaN,
        "Diluted EPS": NaN,
        "Basic EPS": NaN,
        "Diluted NI Availto Com Stockholders": -8841000.0,
        "Net Income Common Stockholders": -8841000.0,
        "Net Income": -8841000.0,
        "Net Income Including Noncontrolling Interests": -8841000.0,
        "Net Income Continuous Operations": -8841000.0,
        "Pretax Income": -8841000.0,
        "Net Non Operating Interest Income Expense": -9081000.0,
        "Interest Expense Non Operating": NaN,
        "Interest Income Non Operating": 462000.0,
        "Operating Income": -16223000.0,
        "Operating Expense": 12425000.0,
        "Other Operating Expenses": NaN,
        "Research And Development": 2532000.0,
        "Selling General And Administration": 9893000.0,
        "General And Administrative Expense": 9893000.0,
        "Other Gand A": -11294000.0,
        "Gross Profit": -3798000.0,
        "Cost Of Revenue": 4909000.0,
        "Total Revenue": 1111000.0,
        "Operating Revenue": 1111000.0
    }
}