{
    "2023-04-30": {
        "Tax Effect Of Unusual Items": NaN,
        "Tax Rate For Calcs": NaN,
        "Normalized EBITDA": NaN,
        "Total Unusual Items": NaN,
        "Total Unusual Items Excluding Goodwill": NaN,
        "Net Income From Continuing Operation Net Minority Interest": NaN,
        "Reconciled Depreciation": 120873.0,
        "Reconciled Cost Of Revenue": NaN,
        "EBITDA": NaN,
        "EBIT": NaN,
        "Net Interest Income": NaN,
        "Interest Expense": NaN,
        "Interest Income": NaN,
        "Normalized Income": NaN,
        "Net Income From Continuing And Discontinued Operation": NaN,
        "Total Expenses": NaN,
        "Total Operating Income As Reported": NaN,
        "Diluted Average Shares": 36113290.0,
        "Basic Average Shares": 36113290.0,
        "Diluted EPS": -0.01,
        "Basic EPS": -0.01,
        "Diluted NI Availto Com Stockholders": NaN,
        "Net Income Common Stockholders": NaN,
        "Net Income": NaN,
        "Minority Interests": 0.0,
        "Net Income Including Noncontrolling Interests": NaN,
        "Net Income Continuous Operations": NaN,
        "Tax Provision": NaN,
        "Pretax Income": NaN,
        "Other Income Expense": NaN,
        "Other Non Operating Income Expenses": NaN,
        "Gain On Sale Of Security": NaN,
        "Net Non Operating Interest Income Expense": NaN,
        "Interest Expense Non Operating": NaN,
        "Interest Income Non Operating": NaN,
        "Operating Income": NaN,
        "Operating Expense": NaN,
        "Selling General And Administration": NaN,
        "General And Administrative Expense": 2550715.0,
        "Other Gand A": 2039987.0,
        "Salaries And Wages": 510728.0,
        "Gross Profit": NaN,
        "Cost Of Revenue": NaN,
        "Total Revenue": NaN,
        "Operating Revenue": NaN
    },
    "2023-01-31": {
        "Tax Effect Of Unusual Items": NaN,
        "Tax Rate For Calcs": NaN,
        "Normalized EBITDA": NaN,
        "Total Unusual Items": NaN,
        "Total Unusual Items Excluding Goodwill": NaN,
        "Net Income From Continuing Operation Net Minority Interest": NaN,
        "Reconciled Depreciation": 116563.0,
        "Reconciled Cost Of Revenue": NaN,
        "EBITDA": NaN,
        "EBIT": NaN,
        "Net Interest Income": NaN,
        "Interest Expense": NaN,
        "Interest Income": NaN,
        "Normalized Income": NaN,
        "Net Income From Continuing And Discontinued Operation": NaN,
        "Total Expenses": NaN,
        "Total Operating Income As Reported": NaN,
        "Diluted Average Shares": 33311667.0,
        "Basic Average Shares": 33311667.0,
        "Diluted EPS": -0.01,
        "Basic EPS": -0.01,
        "Diluted NI Availto Com Stockholders": NaN,
        "Net Income Common Stockholders": NaN,
        "Net Income": NaN,
        "Minority Interests": 0.0,
        "Net Income Including Noncontrolling Interests": NaN,
        "Net Income Continuous Operations": NaN,
        "Tax Provision": NaN,
        "Pretax Income": NaN,
        "Other Income Expense": NaN,
        "Other Non Operating Income Expenses": NaN,
        "Gain On Sale Of Security": NaN,
        "Net Non Operating Interest Income Expense": NaN,
        "Interest Expense Non Operating": NaN,
        "Interest Income Non Operating": NaN,
        "Operating Income": NaN,
        "Operating Expense": NaN,
        "Selling General And Administration": NaN,
        "General And Administrative Expense": 2771989.0,
        "Other Gand A": 2249093.0,
        "Salaries And Wages": 522896.0,
        "Gross Profit": NaN,
        "Cost Of Revenue": NaN,
        "Total Revenue": NaN,
        "Operating Revenue": NaN
    },
    "2022-10-31": {
        "Tax Effect Of Unusual Items": NaN,
        "Tax Rate For Calcs": NaN,
        "Normalized EBITDA": NaN,
        "Total Unusual Items": NaN,
        "Total Unusual Items Excluding Goodwill": NaN,
        "Net Income From Continuing Operation Net Minority Interest": NaN,
        "Reconciled Depreciation": NaN,
        "Reconciled Cost Of Revenue": NaN,
        "EBITDA": NaN,
        "EBIT": NaN,
        "Net Interest Income": NaN,
        "Interest Expense": NaN,
        "Interest Income": NaN,
        "Normalized Income": NaN,
        "Net Income From Continuing And Discontinued Operation": NaN,
        "Total Expenses": NaN,
        "Total Operating Income As Reported": NaN,
        "Diluted Average Shares": NaN,
        "Basic Average Shares": NaN,
        "Diluted EPS": NaN,
        "Basic EPS": NaN,
        "Diluted NI Availto Com Stockholders": NaN,
        "Net Income Common Stockholders": NaN,
        "Net Income": NaN,
        "Minority Interests": -63992.0,
        "Net Income Including Noncontrolling Interests": NaN,
        "Net Income Continuous Operations": NaN,
        "Tax Provision": NaN,
        "Pretax Income": NaN,
        "Other Income Expense": NaN,
        "Gain On Sale Of Security": NaN,
        "Net Non Operating Interest Income Expense": NaN,
        "Interest Expense Non Operating": NaN,
        "Interest Income Non Operating": NaN,
        "Operating Income": NaN,
        "Operating Expense": NaN,
        "Research And Development": 1110.0,
        "Selling General And Administration": NaN,
        "General And Administrative Expense": NaN,
        "Other Gand A": NaN,
        "Salaries And Wages": NaN,
        "Gross Profit": NaN,
        "Cost Of Revenue": NaN,
        "Total Revenue": NaN,
        "Operating Revenue": NaN
    },
    "2022-07-31": {
        "Tax Effect Of Unusual Items": 2965.606044,
        "Tax Rate For Calcs": 0.104075,
        "Normalized EBITDA": 730105.0,
        "Total Unusual Items": 28495.0,
        "Total Unusual Items Excluding Goodwill": 28495.0,
        "Net Income From Continuing Operation Net Minority Interest": 628332.0,
        "Reconciled Depreciation": 103788.0,
        "Reconciled Cost Of Revenue": 6620517.0,
        "EBITDA": 758600.0,
        "EBIT": 758600.0,
        "Net Interest Income": 793.0,
        "Interest Expense": 0.0,
        "Interest Income": 793.0,
        "Normalized Income": 602802.606044,
        "Net Income From Continuing And Discontinued Operation": 628332.0,
        "Total Expenses": 8372229.0,
        "Total Operating Income As Reported": 729312.0,
        "Diluted Average Shares": 36558151.0,
        "Basic Average Shares": 28149967.0,
        "Diluted EPS": 0.02,
        "Basic EPS": 0.02,
        "Diluted NI Availto Com Stockholders": 628332.0,
        "Net Income Common Stockholders": 628332.0,
        "Net Income": 628332.0,
        "Minority Interests": -51317.0,
        "Net Income Including Noncontrolling Interests": 679649.0,
        "Net Income Continuous Operations": 679649.0,
        "Tax Provision": 78951.0,
        "Pretax Income": 758600.0,
        "Other Income Expense": 28495.0,
        "Gain On Sale Of Security": 28495.0,
        "Net Non Operating Interest Income Expense": 793.0,
        "Interest Expense Non Operating": 0.0,
        "Interest Income Non Operating": 793.0,
        "Operating Income": 729312.0,
        "Operating Expense": 1751712.0,
        "Research And Development": 570.0,
        "Selling General And Administration": 1751142.0,
        "General And Administrative Expense": 1751142.0,
        "Other Gand A": 1751142.0,
        "Salaries And Wages": NaN,
        "Gross Profit": 2481024.0,
        "Cost Of Revenue": 6620517.0,
        "Total Revenue": 9101541.0,
        "Operating Revenue": 9101541.0
    },
    "2022-04-30": {
        "Diluted EPS": 0.02,
        "Total Revenue": 8,
        "Gross Profit": 3,
        "Operating Income": 1,
        "EBIT": 1,
        "Net Income": 1
    },
    "2022-01-31": {
        "Diluted EPS": 0.01,
        "Total Revenue": 9,
        "Gross Profit": 2,
        "Operating Income": 0,
        "EBIT": 1,
        "Net Income": 0
    },
    "2021-10-31": {
        "Diluted EPS": 0.01,
        "Total Revenue": 1,
        "Gross Profit": 0,
        "Operating Income": 0,
        "EBIT": 0,
        "Net Income": 0
    },
    "2021-07-31": {
        "Diluted EPS": 0.01,
        "Total Revenue": 3,
        "Gross Profit": 1,
        "Operating Income": 1,
        "EBIT": 1,
        "Net Income": 0
    },
    "2021-04-30": {
        "Diluted EPS": 0.0,
        "Total Revenue": 3,
        "Gross Profit": 1,
        "Operating Income": 0,
        "EBIT": 0,
        "Net Income": 0
    },
    "2021-01-31": {
        "Diluted EPS": 0.0,
        "Total Revenue": 2,
        "Gross Profit": 1,
        "Operating Income": 0,
        "EBIT": 0,
        "Net Income": 0
    },
    "2020-10-31": {
        "Diluted EPS": 0.0,
        "Total Revenue": 1,
        "Gross Profit": 1,
        "Operating Income": 0,
        "EBIT": 0,
        "Net Income": 0
    },
    "2020-07-31": {
        "Diluted EPS": 0.0,
        "Total Revenue": 1,
        "Gross Profit": 1,
        "Operating Income": 0,
        "EBIT": 0,
        "Net Income": 0
    },
    "2020-04-30": {
        "Diluted EPS": 0.01,
        "Total Revenue": 1,
        "Gross Profit": 1,
        "Operating Income": 0,
        "EBIT": 0,
        "Net Income": 0
    },
    "2020-01-31": {
        "Diluted EPS": 0.0,
        "Total Revenue": 1,
        "Gross Profit": 1,
        "Operating Income": 0,
        "EBIT": 1,
        "Net Income": 0
    },
    "2019-10-31": {
        "Diluted EPS": 0.02,
        "Total Revenue": 1,
        "Gross Profit": 1,
        "Operating Income": 1,
        "EBIT": 1,
        "Net Income": 1
    },
    "2019-07-31": {
        "Diluted EPS": 0.03,
        "Total Revenue": 1,
        "Gross Profit": 1,
        "Operating Income": 1,
        "EBIT": 1,
        "Net Income": 1
    },
    "2019-04-30": {
        "Diluted EPS": 0.0,
        "Total Revenue": 1,
        "Gross Profit": 1,
        "Operating Income": 0,
        "EBIT": 0,
        "Net Income": 0
    },
    "2019-01-31": {
        "Diluted EPS": 0.0,
        "Total Revenue": 1,
        "Gross Profit": 1,
        "Operating Income": 0,
        "EBIT": 0,
        "Net Income": 0
    },
    "2018-10-31": {
        "Diluted EPS": 0.0,
        "Total Revenue": 1,
        "Gross Profit": 1,
        "Operating Income": 1,
        "EBIT": 1,
        "Net Income": 0
    },
    "2018-07-31": {
        "Diluted EPS": 0.0,
        "Total Revenue": NaN,
        "Gross Profit": NaN,
        "Operating Income": NaN,
        "EBIT": NaN,
        "Net Income": NaN
    },
    "2018-04-30": {
        "Diluted EPS": 0.0,
        "Total Revenue": 0,
        "Gross Profit": 0,
        "Operating Income": 0,
        "EBIT": 0,
        "Net Income": 0
    },
    "2018-01-31": {
        "Diluted EPS": 0.0,
        "Total Revenue": 0,
        "Gross Profit": 0,
        "Operating Income": 0,
        "EBIT": 0,
        "Net Income": 0
    },
    "2017-10-31": {
        "Diluted EPS": 0.0,
        "Total Revenue": 0,
        "Gross Profit": 0,
        "Operating Income": 0,
        "EBIT": 0,
        "Net Income": 0
    },
    "2017-07-31": {
        "Diluted EPS": 0.0,
        "Total Revenue": NaN,
        "Gross Profit": NaN,
        "Operating Income": NaN,
        "EBIT": NaN,
        "Net Income": NaN
    },
    "2017-04-30": {
        "Diluted EPS": 0.0,
        "Total Revenue": 0,
        "Gross Profit": 0,
        "Operating Income": 0,
        "EBIT": 0,
        "Net Income": 0
    },
    "2017-01-31": {
        "Diluted EPS": 0.0,
        "Total Revenue": 0,
        "Gross Profit": 0,
        "Operating Income": 0,
        "EBIT": 0,
        "Net Income": 0
    },
    "2016-10-31": {
        "Diluted EPS": 0.01,
        "Total Revenue": 0,
        "Gross Profit": 0,
        "Operating Income": 0,
        "EBIT": 0,
        "Net Income": 1
    },
    "2016-07-31": {
        "Diluted EPS": 0.0,
        "Total Revenue": NaN,
        "Gross Profit": NaN,
        "Operating Income": NaN,
        "EBIT": NaN,
        "Net Income": NaN
    },
    "2016-04-30": {
        "Diluted EPS": -15.12,
        "Total Revenue": NaN,
        "Gross Profit": NaN,
        "Operating Income": -1,
        "EBIT": 1,
        "Net Income": -22
    },
    "2016-01-31": {
        "Diluted EPS": 0.0,
        "Total Revenue": NaN,
        "Gross Profit": NaN,
        "Operating Income": -1,
        "EBIT": 2,
        "Net Income": -2
    },
    "2015-10-31": {
        "Diluted EPS": NaN,
        "Total Revenue": NaN,
        "Gross Profit": NaN,
        "Operating Income": 0,
        "EBIT": NaN,
        "Net Income": -2
    },
    "2015-07-31": {
        "Diluted EPS": 0.0,
        "Total Revenue": NaN,
        "Gross Profit": NaN,
        "Operating Income": NaN,
        "EBIT": NaN,
        "Net Income": NaN
    },
    "2015-04-30": {
        "Diluted EPS": -0.18,
        "Total Revenue": NaN,
        "Gross Profit": NaN,
        "Operating Income": 0,
        "EBIT": 0,
        "Net Income": 0
    },
    "2015-01-31": {
        "Diluted EPS": -0.66,
        "Total Revenue": NaN,
        "Gross Profit": NaN,
        "Operating Income": -1,
        "EBIT": -1,
        "Net Income": -1
    },
    "2014-10-31": {
        "Diluted EPS": -0.01,
        "Total Revenue": NaN,
        "Gross Profit": NaN,
        "Operating Income": 0,
        "EBIT": NaN,
        "Net Income": 0
    },
    "2014-07-31": {
        "Diluted EPS": 0.0,
        "Total Revenue": NaN,
        "Gross Profit": NaN,
        "Operating Income": NaN,
        "EBIT": NaN,
        "Net Income": NaN
    },
    "2014-04-30": {
        "Diluted EPS": 0.0,
        "Total Revenue": NaN,
        "Gross Profit": NaN,
        "Operating Income": 0,
        "EBIT": 0,
        "Net Income": 0
    },
    "2014-01-31": {
        "Diluted EPS": 0.0,
        "Total Revenue": NaN,
        "Gross Profit": NaN,
        "Operating Income": 0,
        "EBIT": 0,
        "Net Income": 0
    },
    "2013-10-31": {
        "Diluted EPS": 0.0,
        "Total Revenue": NaN,
        "Gross Profit": NaN,
        "Operating Income": 0,
        "EBIT": NaN,
        "Net Income": 0
    },
    "2013-07-31": {
        "Diluted EPS": 0.0,
        "Total Revenue": NaN,
        "Gross Profit": NaN,
        "Operating Income": NaN,
        "EBIT": NaN,
        "Net Income": NaN
    },
    "2013-04-30": {
        "Diluted EPS": 0.0,
        "Total Revenue": NaN,
        "Gross Profit": NaN,
        "Operating Income": 0,
        "EBIT": 0,
        "Net Income": 0
    },
    "2013-01-31": {
        "Diluted EPS": 0.0,
        "Total Revenue": NaN,
        "Gross Profit": NaN,
        "Operating Income": 0,
        "EBIT": 0,
        "Net Income": 0
    },
    "2012-10-31": {
        "Diluted EPS": 0.0,
        "Total Revenue": NaN,
        "Gross Profit": NaN,
        "Operating Income": 0,
        "EBIT": NaN,
        "Net Income": 0
    },
    "2012-07-31": {
        "Diluted EPS": 0.0,
        "Total Revenue": NaN,
        "Gross Profit": NaN,
        "Operating Income": NaN,
        "EBIT": NaN,
        "Net Income": NaN
    },
    "2012-04-30": {
        "Diluted EPS": 0.0,
        "Total Revenue": NaN,
        "Gross Profit": NaN,
        "Operating Income": 0,
        "EBIT": 0,
        "Net Income": 0
    },
    "2012-01-31": {
        "Diluted EPS": 0.0,
        "Total Revenue": NaN,
        "Gross Profit": NaN,
        "Operating Income": 0,
        "EBIT": 0,
        "Net Income": 0
    },
    "2011-10-31": {
        "Diluted EPS": 0.0,
        "Total Revenue": NaN,
        "Gross Profit": NaN,
        "Operating Income": NaN,
        "EBIT": NaN,
        "Net Income": 0
    },
    "2011-07-31": {
        "Diluted EPS": 0.0,
        "Total Revenue": NaN,
        "Gross Profit": NaN,
        "Operating Income": NaN,
        "EBIT": NaN,
        "Net Income": NaN
    },
    "2011-04-30": {
        "Diluted EPS": 0.0,
        "Total Revenue": NaN,
        "Gross Profit": NaN,
        "Operating Income": 0,
        "EBIT": 0,
        "Net Income": 0
    },
    "2011-01-31": {
        "Diluted EPS": 0.0,
        "Total Revenue": NaN,
        "Gross Profit": NaN,
        "Operating Income": 0,
        "EBIT": 0,
        "Net Income": 0
    },
    "2010-10-31": {
        "Diluted EPS": -0.06,
        "Total Revenue": NaN,
        "Gross Profit": NaN,
        "Operating Income": NaN,
        "EBIT": NaN,
        "Net Income": -3
    },
    "2010-07-31": {
        "Diluted EPS": 0.0,
        "Total Revenue": NaN,
        "Gross Profit": NaN,
        "Operating Income": NaN,
        "EBIT": NaN,
        "Net Income": NaN
    },
    "2010-04-30": {
        "Diluted EPS": 0.0,
        "Total Revenue": NaN,
        "Gross Profit": NaN,
        "Operating Income": 0,
        "EBIT": 0,
        "Net Income": 0
    },
    "2010-01-31": {
        "Diluted EPS": 0.0,
        "Total Revenue": NaN,
        "Gross Profit": NaN,
        "Operating Income": 0,
        "EBIT": 0,
        "Net Income": 0
    },
    "2009-10-31": {
        "Diluted EPS": 0.0,
        "Total Revenue": NaN,
        "Gross Profit": NaN,
        "Operating Income": NaN,
        "EBIT": NaN,
        "Net Income": 0
    },
    "2009-07-31": {
        "Diluted EPS": 0.0,
        "Total Revenue": NaN,
        "Gross Profit": NaN,
        "Operating Income": NaN,
        "EBIT": NaN,
        "Net Income": NaN
    },
    "2009-04-30": {
        "Diluted EPS": 0.0,
        "Total Revenue": NaN,
        "Gross Profit": NaN,
        "Operating Income": 0,
        "EBIT": 0,
        "Net Income": 0
    },
    "2009-01-31": {
        "Diluted EPS": 0.0,
        "Total Revenue": NaN,
        "Gross Profit": NaN,
        "Operating Income": 0,
        "EBIT": 0,
        "Net Income": 0
    },
    "2023-07-31": {
        "Tax Effect Of Unusual Items": 9.87,
        "Tax Rate For Calcs": 0.21,
        "Normalized EBITDA": -754746.0,
        "Total Unusual Items": 47.0,
        "Total Unusual Items Excluding Goodwill": 47.0,
        "Net Income From Continuing Operation Net Minority Interest": -965628.0,
        "Reconciled Depreciation": 122221.0,
        "Reconciled Cost Of Revenue": 9171849.0,
        "EBITDA": -754699.0,
        "EBIT": -876920.0,
        "Net Interest Income": 7508.0,
        "Interest Expense": 7624.0,
        "Interest Income": 15132.0,
        "Normalized Income": -965665.13,
        "Net Income From Continuing And Discontinued Operation": -965628.0,
        "Total Expenses": 12199125.0,
        "Total Operating Income As Reported": -892099.0,
        "Diluted Average Shares": 36130272.0,
        "Basic Average Shares": 36130272.0,
        "Diluted EPS": -0.03,
        "Basic EPS": -0.03,
        "Diluted NI Availto Com Stockholders": -965628.0,
        "Net Income Common Stockholders": -965628.0,
        "Net Income": -965628.0,
        "Minority Interests": 0.0,
        "Net Income Including Noncontrolling Interests": -965628.0,
        "Net Income Continuous Operations": -965628.0,
        "Tax Provision": 81084.0,
        "Pretax Income": -884544.0,
        "Other Income Expense": 47.0,
        "Other Non Operating Income Expenses": NaN,
        "Gain On Sale Of Security": 47.0,
        "Net Non Operating Interest Income Expense": 7508.0,
        "Interest Expense Non Operating": 7624.0,
        "Interest Income Non Operating": 15132.0,
        "Operating Income": -892099.0,
        "Operating Expense": 3027276.0,
        "Selling General And Administration": 3027276.0,
        "General And Administrative Expense": 3027276.0,
        "Other Gand A": 2498147.0,
        "Salaries And Wages": 529129.0,
        "Gross Profit": 2135177.0,
        "Cost Of Revenue": 9171849.0,
        "Total Revenue": 11307026.0,
        "Operating Revenue": 11307026.0
    },
    "2023-10-31": {
        "Tax Effect Of Unusual Items": -13700.674964,
        "Tax Rate For Calcs": 0.332848,
        "Normalized EBITDA": 1320243.0,
        "Total Unusual Items": -41162.0,
        "Total Unusual Items Excluding Goodwill": -41162.0,
        "Net Income From Continuing Operation Net Minority Interest": 770152.0,
        "Reconciled Depreciation": 121656.0,
        "Reconciled Cost Of Revenue": 8550310.0,
        "EBITDA": 1279081.0,
        "EBIT": 1157425.0,
        "Net Interest Income": 10009.0,
        "Interest Expense": 3038.0,
        "Interest Income": 13047.0,
        "Normalized Income": 797613.325036,
        "Net Income From Continuing And Discontinued Operation": 770152.0,
        "Total Expenses": 10595448.0,
        "Total Operating Income As Reported": 1185540.0,
        "Diluted Average Shares": NaN,
        "Basic Average Shares": NaN,
        "Diluted EPS": NaN,
        "Basic EPS": NaN,
        "Diluted NI Availto Com Stockholders": 770152.0,
        "Net Income Common Stockholders": 770152.0,
        "Net Income": 770152.0,
        "Minority Interests": 0.0,
        "Net Income Including Noncontrolling Interests": 770152.0,
        "Net Income Continuous Operations": 770152.0,
        "Tax Provision": 384235.0,
        "Pretax Income": 1154387.0,
        "Other Income Expense": -41162.0,
        "Other Non Operating Income Expenses": NaN,
        "Gain On Sale Of Security": -41162.0,
        "Net Non Operating Interest Income Expense": 10009.0,
        "Interest Expense Non Operating": 3038.0,
        "Interest Income Non Operating": 13047.0,
        "Operating Income": 1185540.0,
        "Operating Expense": 2045138.0,
        "Selling General And Administration": 2045138.0,
        "General And Administrative Expense": 2045138.0,
        "Other Gand A": 2514333.0,
        "Salaries And Wages": -469195.0,
        "Gross Profit": 3230678.0,
        "Cost Of Revenue": 8550310.0,
        "Total Revenue": 11780988.0,
        "Operating Revenue": 11780988.0
    },
    "2024-01-31": {
        "Tax Effect Of Unusual Items": 3951.57,
        "Tax Rate For Calcs": 0.21,
        "Normalized EBITDA": 439908.0,
        "Total Unusual Items": 18817.0,
        "Total Unusual Items Excluding Goodwill": 18817.0,
        "Net Income From Continuing Operation Net Minority Interest": 74505.0,
        "Reconciled Depreciation": 121440.0,
        "Reconciled Cost Of Revenue": 8468622.0,
        "EBITDA": 458725.0,
        "EBIT": 337285.0,
        "Net Interest Income": 38664.0,
        "Interest Expense": 600.0,
        "Interest Income": 39264.0,
        "Normalized Income": 59639.57,
        "Net Income From Continuing And Discontinued Operation": 74505.0,
        "Total Expenses": 11564678.0,
        "Total Operating Income As Reported": 279204.0,
        "Diluted Average Shares": 38779778.0,
        "Basic Average Shares": 36276139.0,
        "Diluted EPS": 0.001921,
        "Basic EPS": 0.002054,
        "Diluted NI Availto Com Stockholders": 74505.0,
        "Net Income Common Stockholders": 74505.0,
        "Net Income": 74505.0,
        "Minority Interests": NaN,
        "Net Income Including Noncontrolling Interests": 74505.0,
        "Net Income Continuous Operations": 74505.0,
        "Tax Provision": 262180.0,
        "Pretax Income": 336685.0,
        "Other Income Expense": 18817.0,
        "Other Non Operating Income Expenses": NaN,
        "Gain On Sale Of Security": 18817.0,
        "Net Non Operating Interest Income Expense": 38664.0,
        "Interest Expense Non Operating": 600.0,
        "Interest Income Non Operating": 39264.0,
        "Operating Income": 279204.0,
        "Operating Expense": 3096056.0,
        "Selling General And Administration": 3096056.0,
        "General And Administrative Expense": 3096056.0,
        "Other Gand A": 2568747.0,
        "Salaries And Wages": 527309.0,
        "Gross Profit": 3375260.0,
        "Cost Of Revenue": 8468622.0,
        "Total Revenue": 11843882.0,
        "Operating Revenue": 11843882.0
    },
    "2024-06-30": {
        "Tax Effect Of Unusual Items": -27606.18,
        "Tax Rate For Calcs": 0.21,
        "Normalized EBITDA": 704537.0,
        "Total Unusual Items": -131458.0,
        "Total Unusual Items Excluding Goodwill": -131458.0,
        "Net Income From Continuing Operation Net Minority Interest": 64925.0,
        "Reconciled Depreciation": NaN,
        "Reconciled Cost Of Revenue": 17729700.0,
        "EBITDA": 573079.0,
        "EBIT": 573079.0,
        "Net Interest Income": 37182.0,
        "Interest Expense": 32484.0,
        "Interest Income": 69666.0,
        "Normalized Income": 168776.82,
        "Net Income From Continuing And Discontinued Operation": 64925.0,
        "Total Expenses": 39290130.0,
        "Total Operating Income As Reported": 125112.0,
        "Diluted Average Shares": 128455184.0,
        "Basic Average Shares": 120582719.0,
        "Diluted EPS": 0.000505,
        "Basic EPS": 0.000538,
        "Diluted NI Availto Com Stockholders": 64925.0,
        "Net Income Common Stockholders": 64925.0,
        "Net Income": 64925.0,
        "Minority Interests": 49299.0,
        "Net Income Including Noncontrolling Interests": 15626.0,
        "Net Income Continuous Operations": 15626.0,
        "Tax Provision": 524969.0,
        "Pretax Income": 540595.0,
        "Other Income Expense": 378301.0,
        "Other Non Operating Income Expenses": 509759.0,
        "Gain On Sale Of Security": -131458.0,
        "Net Non Operating Interest Income Expense": 37182.0,
        "Interest Expense Non Operating": 32484.0,
        "Interest Income Non Operating": 69666.0,
        "Operating Income": 125112.0,
        "Operating Expense": 21560430.0,
        "Selling General And Administration": 21560430.0,
        "General And Administrative Expense": NaN,
        "Other Gand A": NaN,
        "Salaries And Wages": NaN,
        "Gross Profit": 21685542.0,
        "Cost Of Revenue": 17729700.0,
        "Total Revenue": 39415242.0,
        "Operating Revenue": 39415242.0
    },
    "2024-09-30": {
        "Tax Effect Of Unusual Items": -46002.6,
        "Tax Rate For Calcs": 0.21,
        "Normalized EBITDA": 2685113.0,
        "Total Unusual Items": -219060.0,
        "Total Unusual Items Excluding Goodwill": -219060.0,
        "Net Income From Continuing Operation Net Minority Interest": -3405564.0,
        "Reconciled Depreciation": 3107367.0,
        "Reconciled Cost Of Revenue": 18589162.0,
        "EBITDA": 2466053.0,
        "EBIT": -641314.0,
        "Net Interest Income": -731718.0,
        "Interest Expense": 790193.0,
        "Interest Income": 58475.0,
        "Normalized Income": -3232506.6,
        "Net Income From Continuing And Discontinued Operation": -3405564.0,
        "Total Expenses": 41968712.0,
        "Total Operating Income As Reported": -976383.0,
        "Diluted Average Shares": 121510697.0,
        "Basic Average Shares": 121510697.0,
        "Diluted EPS": -0.03,
        "Basic EPS": -0.03,
        "Diluted NI Availto Com Stockholders": -3405564.0,
        "Net Income Common Stockholders": -3405564.0,
        "Net Income": -3405564.0,
        "Minority Interests": -109935.0,
        "Net Income Including Noncontrolling Interests": -3295629.0,
        "Net Income Continuous Operations": -3295629.0,
        "Tax Provision": 1864122.0,
        "Pretax Income": -1431507.0,
        "Other Income Expense": 276594.0,
        "Other Non Operating Income Expenses": 495654.0,
        "Gain On Sale Of Security": -219060.0,
        "Net Non Operating Interest Income Expense": -731718.0,
        "Interest Expense Non Operating": 790193.0,
        "Interest Income Non Operating": 58475.0,
        "Operating Income": -976383.0,
        "Operating Expense": 23379550.0,
        "Selling General And Administration": 23379550.0,
        "General And Administrative Expense": NaN,
        "Other Gand A": NaN,
        "Salaries And Wages": NaN,
        "Gross Profit": 22403167.0,
        "Cost Of Revenue": 18589162.0,
        "Total Revenue": 40992329.0,
        "Operating Revenue": 40992329.0
    }
}