{
    "2023-03-31": {
        "Tax Effect Of Unusual Items": NaN,
        "Tax Rate For Calcs": NaN,
        "Normalized EBITDA": NaN,
        "Total Unusual Items": NaN,
        "Total Unusual Items Excluding Goodwill": NaN,
        "Net Income From Continuing Operation Net Minority Interest": NaN,
        "Reconciled Depreciation": NaN,
        "EBITDA": NaN,
        "EBIT": NaN,
        "Net Interest Income": NaN,
        "Interest Expense": NaN,
        "Interest Income": NaN,
        "Normalized Income": NaN,
        "Net Income From Continuing And Discontinued Operation": NaN,
        "Total Expenses": NaN,
        "Total Operating Income As Reported": NaN,
        "Diluted Average Shares": NaN,
        "Basic Average Shares": NaN,
        "Diluted EPS": NaN,
        "Basic EPS": NaN,
        "Diluted NI Availto Com Stockholders": NaN,
        "Net Income Common Stockholders": NaN,
        "Net Income": NaN,
        "Net Income Including Noncontrolling Interests": NaN,
        "Net Income Continuous Operations": NaN,
        "Tax Provision": NaN,
        "Pretax Income": NaN,
        "Other Income Expense": NaN,
        "Special Income Charges": NaN,
        "Other Special Charges": NaN,
        "Net Non Operating Interest Income Expense": NaN,
        "Total Other Finance Cost": 3110000.0,
        "Interest Expense Non Operating": NaN,
        "Interest Income Non Operating": NaN,
        "Operating Income": NaN,
        "Operating Expense": NaN,
        "Research And Development": NaN,
        "Selling General And Administration": NaN,
        "General And Administrative Expense": NaN,
        "Other Gand A": NaN,
        "Insurance And Claims": NaN,
        "Salaries And Wages": NaN,
        "Total Revenue": NaN,
        "Operating Revenue": NaN
    },
    "2022-12-31": {
        "Tax Effect Of Unusual Items": NaN,
        "Tax Rate For Calcs": NaN,
        "Normalized EBITDA": NaN,
        "Total Unusual Items": 0.0,
        "Total Unusual Items Excluding Goodwill": 0.0,
        "Net Income From Continuing Operation Net Minority Interest": NaN,
        "Reconciled Depreciation": NaN,
        "EBITDA": NaN,
        "EBIT": NaN,
        "Net Interest Income": NaN,
        "Interest Expense": NaN,
        "Interest Income": NaN,
        "Normalized Income": NaN,
        "Net Income From Continuing And Discontinued Operation": NaN,
        "Total Expenses": NaN,
        "Total Operating Income As Reported": NaN,
        "Diluted Average Shares": NaN,
        "Basic Average Shares": NaN,
        "Diluted EPS": NaN,
        "Basic EPS": NaN,
        "Diluted NI Availto Com Stockholders": NaN,
        "Net Income Common Stockholders": NaN,
        "Net Income": NaN,
        "Net Income Including Noncontrolling Interests": NaN,
        "Net Income Continuous Operations": NaN,
        "Tax Provision": 0.0,
        "Pretax Income": NaN,
        "Other Income Expense": 0.0,
        "Special Income Charges": 0.0,
        "Other Special Charges": 0.0,
        "Net Non Operating Interest Income Expense": NaN,
        "Total Other Finance Cost": NaN,
        "Interest Expense Non Operating": NaN,
        "Interest Income Non Operating": NaN,
        "Operating Income": NaN,
        "Operating Expense": NaN,
        "Research And Development": NaN,
        "Selling General And Administration": NaN,
        "General And Administrative Expense": NaN,
        "Other Gand A": NaN,
        "Insurance And Claims": NaN,
        "Salaries And Wages": NaN,
        "Total Revenue": NaN,
        "Operating Revenue": NaN
    },
    "2022-09-30": {
        "Tax Effect Of Unusual Items": NaN,
        "Tax Rate For Calcs": NaN,
        "Normalized EBITDA": NaN,
        "Total Unusual Items": 0.0,
        "Total Unusual Items Excluding Goodwill": 0.0,
        "Net Income From Continuing Operation Net Minority Interest": NaN,
        "Reconciled Depreciation": NaN,
        "EBITDA": NaN,
        "EBIT": NaN,
        "Net Interest Income": NaN,
        "Interest Expense": NaN,
        "Interest Income": 0.0,
        "Normalized Income": NaN,
        "Net Income From Continuing And Discontinued Operation": NaN,
        "Total Expenses": NaN,
        "Total Operating Income As Reported": NaN,
        "Diluted Average Shares": 23569841.0,
        "Basic Average Shares": 23569841.0,
        "Diluted EPS": 0.208275,
        "Basic EPS": 0.208275,
        "Diluted NI Availto Com Stockholders": NaN,
        "Net Income Common Stockholders": NaN,
        "Net Income": NaN,
        "Net Income Including Noncontrolling Interests": NaN,
        "Net Income Continuous Operations": NaN,
        "Tax Provision": 1100000.0,
        "Pretax Income": NaN,
        "Other Income Expense": NaN,
        "Special Income Charges": 0.0,
        "Other Special Charges": NaN,
        "Net Non Operating Interest Income Expense": NaN,
        "Total Other Finance Cost": NaN,
        "Interest Expense Non Operating": NaN,
        "Interest Income Non Operating": 0.0,
        "Operating Income": NaN,
        "Operating Expense": NaN,
        "Research And Development": NaN,
        "Selling General And Administration": NaN,
        "General And Administrative Expense": NaN,
        "Other Gand A": NaN,
        "Insurance And Claims": NaN,
        "Salaries And Wages": NaN,
        "Total Revenue": NaN,
        "Operating Revenue": NaN
    },
    "2022-06-30": {
        "Tax Effect Of Unusual Items": 0.0,
        "Tax Rate For Calcs": 0.0,
        "Normalized EBITDA": -2557000.0,
        "Total Unusual Items": 314000.0,
        "Total Unusual Items Excluding Goodwill": 314000.0,
        "Net Income From Continuing Operation Net Minority Interest": -2820000.0,
        "Reconciled Depreciation": 242000.0,
        "EBITDA": -2243000.0,
        "EBIT": -2485000.0,
        "Net Interest Income": -335000.0,
        "Interest Expense": 335000.0,
        "Normalized Income": -3134000.0,
        "Net Income From Continuing And Discontinued Operation": -2820000.0,
        "Total Expenses": 2799000.0,
        "Total Operating Income As Reported": -2799000.0,
        "Diluted Average Shares": 23569841.0,
        "Basic Average Shares": 23569841.0,
        "Diluted EPS": -0.119644,
        "Basic EPS": -0.119644,
        "Diluted NI Availto Com Stockholders": -2820000.0,
        "Net Income Common Stockholders": -2820000.0,
        "Net Income": -2820000.0,
        "Net Income Including Noncontrolling Interests": -2820000.0,
        "Net Income Continuous Operations": -2820000.0,
        "Tax Provision": NaN,
        "Pretax Income": -2820000.0,
        "Other Income Expense": 314000.0,
        "Special Income Charges": 314000.0,
        "Other Special Charges": -314000.0,
        "Net Non Operating Interest Income Expense": -335000.0,
        "Total Other Finance Cost": NaN,
        "Interest Expense Non Operating": 335000.0,
        "Operating Income": -2799000.0,
        "Operating Expense": 2799000.0,
        "Research And Development": 1827000.0,
        "Selling General And Administration": 972000.0,
        "General And Administrative Expense": 972000.0,
        "Other Gand A": 244000.0,
        "Insurance And Claims": 79000.0,
        "Salaries And Wages": 649000.0,
        "Total Revenue": 0.0,
        "Operating Revenue": 0.0
    },
    "2022-03-31": {
        "Diluted EPS": -0.42,
        "Total Revenue": NaN,
        "Gross Profit": NaN,
        "Operating Income": -3,
        "EBIT": -3,
        "Net Income": -4
    },
    "2021-12-31": {
        "Diluted EPS": 0.0,
        "Total Revenue": NaN,
        "Gross Profit": NaN,
        "Operating Income": NaN,
        "EBIT": NaN,
        "Net Income": NaN
    },
    "2023-06-30": {
        "Tax Effect Of Unusual Items": NaN,
        "Tax Rate For Calcs": NaN,
        "Normalized EBITDA": NaN,
        "Total Unusual Items": -402000.0,
        "Total Unusual Items Excluding Goodwill": -402000.0,
        "Net Income From Continuing Operation Net Minority Interest": NaN,
        "Reconciled Depreciation": NaN,
        "EBITDA": NaN,
        "EBIT": NaN,
        "Net Interest Income": NaN,
        "Interest Expense": NaN,
        "Interest Income": NaN,
        "Normalized Income": NaN,
        "Net Income From Continuing And Discontinued Operation": NaN,
        "Total Expenses": NaN,
        "Total Operating Income As Reported": NaN,
        "Diluted Average Shares": 25068334.0,
        "Basic Average Shares": 25068334.0,
        "Diluted EPS": -0.23,
        "Basic EPS": -0.23,
        "Diluted NI Availto Com Stockholders": NaN,
        "Net Income Common Stockholders": NaN,
        "Net Income": NaN,
        "Net Income Including Noncontrolling Interests": NaN,
        "Net Income Continuous Operations": NaN,
        "Tax Provision": NaN,
        "Pretax Income": NaN,
        "Other Income Expense": -402000.0,
        "Special Income Charges": -402000.0,
        "Other Special Charges": 402000.0,
        "Net Non Operating Interest Income Expense": NaN,
        "Total Other Finance Cost": NaN,
        "Interest Expense Non Operating": NaN,
        "Interest Income Non Operating": NaN,
        "Operating Income": NaN,
        "Operating Expense": NaN,
        "Research And Development": NaN,
        "Selling General And Administration": NaN,
        "General And Administrative Expense": NaN,
        "Other Gand A": NaN,
        "Insurance And Claims": NaN,
        "Salaries And Wages": NaN,
        "Total Revenue": NaN,
        "Operating Revenue": NaN
    },
    "2023-09-30": {
        "Tax Effect Of Unusual Items": 0.0,
        "Tax Rate For Calcs": 0.0,
        "Normalized EBITDA": -5073000.0,
        "Total Unusual Items": 0.0,
        "Total Unusual Items Excluding Goodwill": 0.0,
        "Net Income From Continuing Operation Net Minority Interest": -5345000.0,
        "Reconciled Depreciation": 272000.0,
        "EBITDA": -5073000.0,
        "EBIT": -5345000.0,
        "Net Interest Income": -38000.0,
        "Interest Expense": 0.0,
        "Interest Income": 4000.0,
        "Normalized Income": -5345000.0,
        "Net Income From Continuing And Discontinued Operation": -5345000.0,
        "Total Expenses": 5307000.0,
        "Total Operating Income As Reported": -5307000.0,
        "Diluted Average Shares": 26210068.0,
        "Basic Average Shares": 26210068.0,
        "Diluted EPS": -0.2,
        "Basic EPS": -0.2,
        "Diluted NI Availto Com Stockholders": -5345000.0,
        "Net Income Common Stockholders": -5345000.0,
        "Net Income": -5345000.0,
        "Net Income Including Noncontrolling Interests": -5345000.0,
        "Net Income Continuous Operations": -5345000.0,
        "Tax Provision": 0.0,
        "Pretax Income": -5345000.0,
        "Other Income Expense": NaN,
        "Special Income Charges": 0.0,
        "Other Special Charges": NaN,
        "Net Non Operating Interest Income Expense": -38000.0,
        "Total Other Finance Cost": 42000.0,
        "Interest Expense Non Operating": 0.0,
        "Interest Income Non Operating": 4000.0,
        "Operating Income": -5307000.0,
        "Operating Expense": 5307000.0,
        "Research And Development": 2819000.0,
        "Selling General And Administration": 2488000.0,
        "General And Administrative Expense": 2488000.0,
        "Other Gand A": 1099000.0,
        "Insurance And Claims": 368000.0,
        "Salaries And Wages": 1021000.0,
        "Total Revenue": 0.0,
        "Operating Revenue": 0.0
    },
    "2023-12-31": {
        "Tax Effect Of Unusual Items": 0.0,
        "Tax Rate For Calcs": 0.0,
        "Normalized EBITDA": -6560000.0,
        "Total Unusual Items": 0.0,
        "Total Unusual Items Excluding Goodwill": 0.0,
        "Net Income From Continuing Operation Net Minority Interest": -6767000.0,
        "Reconciled Depreciation": 201000.0,
        "EBITDA": -6560000.0,
        "EBIT": -6761000.0,
        "Net Interest Income": 234000.0,
        "Interest Expense": 6000.0,
        "Interest Income": 240000.0,
        "Normalized Income": -6767000.0,
        "Net Income From Continuing And Discontinued Operation": -6767000.0,
        "Total Expenses": 7001000.0,
        "Total Operating Income As Reported": -7001000.0,
        "Diluted Average Shares": NaN,
        "Basic Average Shares": NaN,
        "Diluted EPS": NaN,
        "Basic EPS": NaN,
        "Diluted NI Availto Com Stockholders": -6767000.0,
        "Net Income Common Stockholders": -6767000.0,
        "Net Income": -6767000.0,
        "Net Income Including Noncontrolling Interests": -6767000.0,
        "Net Income Continuous Operations": -6767000.0,
        "Tax Provision": 0.0,
        "Pretax Income": -6767000.0,
        "Other Income Expense": 0.0,
        "Special Income Charges": 0.0,
        "Other Special Charges": 0.0,
        "Net Non Operating Interest Income Expense": 234000.0,
        "Total Other Finance Cost": 0.0,
        "Interest Expense Non Operating": 6000.0,
        "Interest Income Non Operating": 240000.0,
        "Operating Income": -7001000.0,
        "Operating Expense": 7001000.0,
        "Research And Development": 4160000.0,
        "Selling General And Administration": 2841000.0,
        "General And Administrative Expense": 2841000.0,
        "Other Gand A": 673000.0,
        "Insurance And Claims": 233000.0,
        "Salaries And Wages": 1935000.0,
        "Total Revenue": 0.0,
        "Operating Revenue": 0.0
    },
    "2024-03-31": {
        "Tax Effect Of Unusual Items": 0.0,
        "Tax Rate For Calcs": 0.0,
        "Normalized EBITDA": -7602000.0,
        "Total Unusual Items": NaN,
        "Total Unusual Items Excluding Goodwill": NaN,
        "Net Income From Continuing Operation Net Minority Interest": -7850000.0,
        "Reconciled Depreciation": 248000.0,
        "EBITDA": -7602000.0,
        "EBIT": -7850000.0,
        "Net Interest Income": 265000.0,
        "Interest Expense": 0.0,
        "Interest Income": 265000.0,
        "Normalized Income": -7850000.0,
        "Net Income From Continuing And Discontinued Operation": -7850000.0,
        "Total Expenses": 8123000.0,
        "Total Operating Income As Reported": -8115000.0,
        "Diluted Average Shares": 26849737.0,
        "Basic Average Shares": 26849737.0,
        "Diluted EPS": -0.29,
        "Basic EPS": -0.29,
        "Diluted NI Availto Com Stockholders": -7850000.0,
        "Net Income Common Stockholders": -7850000.0,
        "Net Income": -7850000.0,
        "Net Income Including Noncontrolling Interests": -7850000.0,
        "Net Income Continuous Operations": -7850000.0,
        "Tax Provision": NaN,
        "Pretax Income": -7850000.0,
        "Other Income Expense": NaN,
        "Special Income Charges": NaN,
        "Other Special Charges": NaN,
        "Net Non Operating Interest Income Expense": 265000.0,
        "Total Other Finance Cost": NaN,
        "Interest Expense Non Operating": 0.0,
        "Interest Income Non Operating": 265000.0,
        "Operating Income": -8115000.0,
        "Operating Expense": 8123000.0,
        "Research And Development": 4010000.0,
        "Selling General And Administration": 4113000.0,
        "General And Administrative Expense": 4113000.0,
        "Other Gand A": 1539000.0,
        "Insurance And Claims": 236000.0,
        "Salaries And Wages": 2338000.0,
        "Total Revenue": 8000.0,
        "Operating Revenue": 8000.0
    },
    "2024-06-30": {
        "Tax Effect Of Unusual Items": 0.0,
        "Tax Rate For Calcs": 0.0,
        "Normalized EBITDA": -6372000.0,
        "Total Unusual Items": NaN,
        "Total Unusual Items Excluding Goodwill": NaN,
        "Net Income From Continuing Operation Net Minority Interest": -6576000.0,
        "Reconciled Depreciation": 204000.0,
        "EBITDA": -6372000.0,
        "EBIT": -6576000.0,
        "Net Interest Income": 316000.0,
        "Interest Expense": 0.0,
        "Interest Income": 316000.0,
        "Normalized Income": -6576000.0,
        "Net Income From Continuing And Discontinued Operation": -6576000.0,
        "Total Expenses": 6892000.0,
        "Total Operating Income As Reported": -6892000.0,
        "Diluted Average Shares": 29689344.0,
        "Basic Average Shares": 29689344.0,
        "Diluted EPS": -0.22,
        "Basic EPS": -0.22,
        "Diluted NI Availto Com Stockholders": -6576000.0,
        "Net Income Common Stockholders": -6576000.0,
        "Net Income": -6576000.0,
        "Net Income Including Noncontrolling Interests": -6576000.0,
        "Net Income Continuous Operations": -6576000.0,
        "Tax Provision": NaN,
        "Pretax Income": -6576000.0,
        "Other Income Expense": NaN,
        "Special Income Charges": NaN,
        "Other Special Charges": NaN,
        "Net Non Operating Interest Income Expense": 316000.0,
        "Total Other Finance Cost": NaN,
        "Interest Expense Non Operating": 0.0,
        "Interest Income Non Operating": 316000.0,
        "Operating Income": -6892000.0,
        "Operating Expense": 6892000.0,
        "Research And Development": 4417000.0,
        "Selling General And Administration": 2475000.0,
        "General And Administrative Expense": 2475000.0,
        "Other Gand A": 805000.0,
        "Insurance And Claims": 244000.0,
        "Salaries And Wages": 1426000.0,
        "Total Revenue": 0.0,
        "Operating Revenue": 0.0
    },
    "2024-09-30": {
        "Tax Effect Of Unusual Items": 0.0,
        "Tax Rate For Calcs": 0.0,
        "Normalized EBITDA": -6243000.0,
        "Total Unusual Items": 0.0,
        "Total Unusual Items Excluding Goodwill": 0.0,
        "Net Income From Continuing Operation Net Minority Interest": -6467000.0,
        "Reconciled Depreciation": 224000.0,
        "EBITDA": -6243000.0,
        "EBIT": -6467000.0,
        "Net Interest Income": 474000.0,
        "Interest Expense": 0.0,
        "Interest Income": 474000.0,
        "Normalized Income": -6467000.0,
        "Net Income From Continuing And Discontinued Operation": -6467000.0,
        "Total Expenses": 6941000.0,
        "Total Operating Income As Reported": -6941000.0,
        "Diluted Average Shares": 34532355.0,
        "Basic Average Shares": 34532355.0,
        "Diluted EPS": -0.19,
        "Basic EPS": -0.19,
        "Diluted NI Availto Com Stockholders": -6467000.0,
        "Net Income Common Stockholders": -6467000.0,
        "Net Income": -6467000.0,
        "Net Income Including Noncontrolling Interests": -6467000.0,
        "Net Income Continuous Operations": -6467000.0,
        "Tax Provision": NaN,
        "Pretax Income": -6467000.0,
        "Other Income Expense": NaN,
        "Special Income Charges": 0.0,
        "Other Special Charges": NaN,
        "Net Non Operating Interest Income Expense": 474000.0,
        "Total Other Finance Cost": NaN,
        "Interest Expense Non Operating": 0.0,
        "Interest Income Non Operating": 474000.0,
        "Operating Income": -6941000.0,
        "Operating Expense": 6941000.0,
        "Research And Development": 4051000.0,
        "Selling General And Administration": 2890000.0,
        "General And Administrative Expense": 2890000.0,
        "Other Gand A": 926000.0,
        "Insurance And Claims": 260000.0,
        "Salaries And Wages": 1704000.0,
        "Total Revenue": 0.0,
        "Operating Revenue": 0.0
    }
}