{
    "2023-03-31": {
        "Tax Effect Of Unusual Items": 0.0,
        "Tax Rate For Calcs": 0.21,
        "Normalized EBITDA": -3410000.0,
        "Total Unusual Items": NaN,
        "Total Unusual Items Excluding Goodwill": NaN,
        "Net Income From Continuing Operation Net Minority Interest": -3403000.0,
        "Reconciled Depreciation": 825000.0,
        "Reconciled Cost Of Revenue": 6288000.0,
        "EBITDA": -3410000.0,
        "EBIT": -3410000.0,
        "Normalized Income": -3403000.0,
        "Net Income From Continuing And Discontinued Operation": -3403000.0,
        "Total Expenses": 14623000.0,
        "Total Operating Income As Reported": -3410000.0,
        "Diluted Average Shares": 36817026.0,
        "Basic Average Shares": 36817026.0,
        "Diluted EPS": -0.09,
        "Basic EPS": -0.09,
        "Diluted NI Availto Com Stockholders": -3403000.0,
        "Net Income Common Stockholders": -3403000.0,
        "Net Income": -3403000.0,
        "Net Income Including Noncontrolling Interests": -3403000.0,
        "Net Income Continuous Operations": -3403000.0,
        "Tax Provision": 8000.0,
        "Pretax Income": -3395000.0,
        "Other Income Expense": 15000.0,
        "Other Non Operating Income Expenses": 15000.0,
        "Special Income Charges": NaN,
        "Impairment Of Capital Assets": NaN,
        "Operating Income": -3410000.0,
        "Operating Expense": 8335000.0,
        "Research And Development": 2281000.0,
        "Selling General And Administration": 6054000.0,
        "Gross Profit": 4925000.0,
        "Cost Of Revenue": 6288000.0,
        "Total Revenue": 11213000.0,
        "Operating Revenue": 11213000.0
    },
    "2022-12-31": {
        "Tax Effect Of Unusual Items": 0.0,
        "Tax Rate For Calcs": 0.0,
        "Normalized EBITDA": -2645000.0,
        "Total Unusual Items": NaN,
        "Total Unusual Items Excluding Goodwill": NaN,
        "Net Income From Continuing Operation Net Minority Interest": -3507000.0,
        "Reconciled Depreciation": 842000.0,
        "Reconciled Cost Of Revenue": 5944000.0,
        "EBITDA": -2645000.0,
        "EBIT": -3487000.0,
        "Normalized Income": -3507000.0,
        "Net Income From Continuing And Discontinued Operation": -3507000.0,
        "Total Expenses": 13974000.0,
        "Total Operating Income As Reported": -3487000.0,
        "Diluted Average Shares": 36696145.0,
        "Basic Average Shares": 36696145.0,
        "Diluted EPS": -0.1,
        "Basic EPS": -0.1,
        "Diluted NI Availto Com Stockholders": -3507000.0,
        "Net Income Common Stockholders": -3507000.0,
        "Net Income": -3507000.0,
        "Net Income Including Noncontrolling Interests": -3507000.0,
        "Net Income Continuous Operations": -3507000.0,
        "Tax Provision": 0.0,
        "Pretax Income": -3507000.0,
        "Other Income Expense": -20000.0,
        "Other Non Operating Income Expenses": -20000.0,
        "Special Income Charges": NaN,
        "Impairment Of Capital Assets": NaN,
        "Operating Income": -3487000.0,
        "Operating Expense": 8030000.0,
        "Research And Development": 1935000.0,
        "Selling General And Administration": 6095000.0,
        "Gross Profit": 4543000.0,
        "Cost Of Revenue": 5944000.0,
        "Total Revenue": 10487000.0,
        "Operating Revenue": 10487000.0
    },
    "2022-09-30": {
        "Tax Effect Of Unusual Items": -2764020.0,
        "Tax Rate For Calcs": 0.21,
        "Normalized EBITDA": 13558000.0,
        "Total Unusual Items": -13162000.0,
        "Total Unusual Items Excluding Goodwill": -13162000.0,
        "Net Income From Continuing Operation Net Minority Interest": -13826000.0,
        "Reconciled Depreciation": 839000.0,
        "Reconciled Cost Of Revenue": 8378000.0,
        "EBITDA": 396000.0,
        "EBIT": 396000.0,
        "Normalized Income": -3428020.0,
        "Net Income From Continuing And Discontinued Operation": -13826000.0,
        "Total Expenses": 15642000.0,
        "Total Operating Income As Reported": -12766000.0,
        "Diluted Average Shares": 36599000.0,
        "Basic Average Shares": 36599000.0,
        "Diluted EPS": -0.38,
        "Basic EPS": -0.38,
        "Diluted NI Availto Com Stockholders": -13826000.0,
        "Net Income Common Stockholders": -13826000.0,
        "Net Income": -13826000.0,
        "Net Income Including Noncontrolling Interests": -13826000.0,
        "Net Income Continuous Operations": -13826000.0,
        "Tax Provision": 1108000.0,
        "Pretax Income": -12718000.0,
        "Other Income Expense": -13114000.0,
        "Other Non Operating Income Expenses": 48000.0,
        "Special Income Charges": -13162000.0,
        "Impairment Of Capital Assets": 13162000.0,
        "Operating Income": 396000.0,
        "Operating Expense": 7264000.0,
        "Research And Development": 1696000.0,
        "Selling General And Administration": 5568000.0,
        "Gross Profit": 7660000.0,
        "Cost Of Revenue": 8378000.0,
        "Total Revenue": 16038000.0,
        "Operating Revenue": 16038000.0
    },
    "2022-06-30": {
        "Tax Effect Of Unusual Items": 0.0,
        "Tax Rate For Calcs": 0.05,
        "Normalized EBITDA": 192000.0,
        "Total Unusual Items": NaN,
        "Total Unusual Items Excluding Goodwill": NaN,
        "Net Income From Continuing Operation Net Minority Interest": -589000.0,
        "Reconciled Depreciation": 821000.0,
        "Reconciled Cost Of Revenue": 7572000.0,
        "EBITDA": 192000.0,
        "EBIT": -629000.0,
        "Normalized Income": -589000.0,
        "Net Income From Continuing And Discontinued Operation": -589000.0,
        "Total Expenses": 14781000.0,
        "Total Operating Income As Reported": -629000.0,
        "Diluted Average Shares": 36566900.0,
        "Basic Average Shares": 36566900.0,
        "Diluted EPS": -0.02,
        "Basic EPS": -0.02,
        "Diluted NI Availto Com Stockholders": -589000.0,
        "Net Income Common Stockholders": -589000.0,
        "Net Income": -589000.0,
        "Net Income Including Noncontrolling Interests": -589000.0,
        "Net Income Continuous Operations": -589000.0,
        "Tax Provision": -31000.0,
        "Pretax Income": -620000.0,
        "Other Income Expense": 9000.0,
        "Other Non Operating Income Expenses": 9000.0,
        "Special Income Charges": NaN,
        "Impairment Of Capital Assets": NaN,
        "Operating Income": -629000.0,
        "Operating Expense": 7209000.0,
        "Research And Development": 1707000.0,
        "Selling General And Administration": 5502000.0,
        "Gross Profit": 6580000.0,
        "Cost Of Revenue": 7572000.0,
        "Total Revenue": 14152000.0,
        "Operating Revenue": 14152000.0
    },
    "2022-03-31": {
        "Diluted EPS": -0.01,
        "Total Revenue": 13,
        "Gross Profit": 7,
        "Operating Income": -1,
        "EBIT": 0,
        "Net Income": 0
    },
    "2021-12-31": {
        "Diluted EPS": -0.04,
        "Total Revenue": 11,
        "Gross Profit": 5,
        "Operating Income": -2,
        "EBIT": -1,
        "Net Income": -1
    },
    "2021-09-30": {
        "Diluted EPS": 0.02,
        "Total Revenue": 15,
        "Gross Profit": 8,
        "Operating Income": 1,
        "EBIT": 2,
        "Net Income": 1
    },
    "2021-06-30": {
        "Diluted EPS": 0.01,
        "Total Revenue": 13,
        "Gross Profit": 6,
        "Operating Income": 1,
        "EBIT": 1,
        "Net Income": 0
    },
    "2021-03-31": {
        "Diluted EPS": 0.01,
        "Total Revenue": 11,
        "Gross Profit": 5,
        "Operating Income": 1,
        "EBIT": 1,
        "Net Income": 0
    },
    "2020-12-31": {
        "Diluted EPS": -0.02,
        "Total Revenue": 8,
        "Gross Profit": 4,
        "Operating Income": -1,
        "EBIT": 0,
        "Net Income": -1
    },
    "2020-09-30": {
        "Diluted EPS": 0.28,
        "Total Revenue": 14,
        "Gross Profit": 8,
        "Operating Income": 3,
        "EBIT": 3,
        "Net Income": 9
    },
    "2020-06-30": {
        "Diluted EPS": 0.04,
        "Total Revenue": 12,
        "Gross Profit": 6,
        "Operating Income": 2,
        "EBIT": 2,
        "Net Income": 2
    },
    "2020-03-31": {
        "Diluted EPS": 0.01,
        "Total Revenue": 8,
        "Gross Profit": 4,
        "Operating Income": 0,
        "EBIT": 1,
        "Net Income": 0
    },
    "2019-12-31": {
        "Diluted EPS": 0.02,
        "Total Revenue": 9,
        "Gross Profit": 5,
        "Operating Income": 1,
        "EBIT": 1,
        "Net Income": 1
    },
    "2019-09-30": {
        "Diluted EPS": -0.01,
        "Total Revenue": 8,
        "Gross Profit": 4,
        "Operating Income": 0,
        "EBIT": 0,
        "Net Income": 0
    },
    "2019-06-30": {
        "Diluted EPS": 0.02,
        "Total Revenue": 9,
        "Gross Profit": 5,
        "Operating Income": 1,
        "EBIT": 1,
        "Net Income": 1
    },
    "2019-03-31": {
        "Diluted EPS": 0.04,
        "Total Revenue": 10,
        "Gross Profit": 5,
        "Operating Income": 1,
        "EBIT": 2,
        "Net Income": 1
    },
    "2018-12-31": {
        "Diluted EPS": 0.03,
        "Total Revenue": 10,
        "Gross Profit": 5,
        "Operating Income": 1,
        "EBIT": 1,
        "Net Income": 1
    },
    "2018-09-30": {
        "Diluted EPS": -0.08,
        "Total Revenue": 3,
        "Gross Profit": 1,
        "Operating Income": -3,
        "EBIT": -3,
        "Net Income": -2
    },
    "2018-06-30": {
        "Diluted EPS": 0.0,
        "Total Revenue": 8,
        "Gross Profit": 4,
        "Operating Income": 0,
        "EBIT": 0,
        "Net Income": 0
    },
    "2018-03-31": {
        "Diluted EPS": 0.01,
        "Total Revenue": 8,
        "Gross Profit": 4,
        "Operating Income": 1,
        "EBIT": 1,
        "Net Income": 0
    },
    "2017-12-31": {
        "Diluted EPS": -0.05,
        "Total Revenue": 8,
        "Gross Profit": 4,
        "Operating Income": 1,
        "EBIT": 1,
        "Net Income": -2
    },
    "2017-09-30": {
        "Diluted EPS": 0.01,
        "Total Revenue": 8,
        "Gross Profit": 4,
        "Operating Income": 1,
        "EBIT": 1,
        "Net Income": 0
    },
    "2017-06-30": {
        "Diluted EPS": -0.02,
        "Total Revenue": 4,
        "Gross Profit": 2,
        "Operating Income": -1,
        "EBIT": -1,
        "Net Income": -1
    },
    "2017-03-31": {
        "Diluted EPS": 0.01,
        "Total Revenue": 6,
        "Gross Profit": 3,
        "Operating Income": 0,
        "EBIT": 0,
        "Net Income": 0
    },
    "2016-12-31": {
        "Diluted EPS": -0.03,
        "Total Revenue": 3,
        "Gross Profit": 1,
        "Operating Income": -1,
        "EBIT": -1,
        "Net Income": -1
    },
    "2016-09-30": {
        "Diluted EPS": -0.02,
        "Total Revenue": 5,
        "Gross Profit": 2,
        "Operating Income": 0,
        "EBIT": 0,
        "Net Income": -1
    },
    "2016-06-30": {
        "Diluted EPS": 0.01,
        "Total Revenue": 5,
        "Gross Profit": 2,
        "Operating Income": 0,
        "EBIT": 0,
        "Net Income": 0
    },
    "2016-03-31": {
        "Diluted EPS": -0.02,
        "Total Revenue": 4,
        "Gross Profit": 2,
        "Operating Income": -1,
        "EBIT": -1,
        "Net Income": -1
    },
    "2015-12-31": {
        "Diluted EPS": -0.01,
        "Total Revenue": 3,
        "Gross Profit": 1,
        "Operating Income": -1,
        "EBIT": -1,
        "Net Income": 0
    },
    "2015-09-30": {
        "Diluted EPS": 0.27,
        "Total Revenue": 4,
        "Gross Profit": 2,
        "Operating Income": 1,
        "EBIT": 1,
        "Net Income": 9
    },
    "2015-06-30": {
        "Diluted EPS": 0.0,
        "Total Revenue": 4,
        "Gross Profit": 2,
        "Operating Income": 0,
        "EBIT": 0,
        "Net Income": 0
    },
    "2015-03-31": {
        "Diluted EPS": 0.01,
        "Total Revenue": 4,
        "Gross Profit": 2,
        "Operating Income": 0,
        "EBIT": 0,
        "Net Income": 0
    },
    "2014-12-31": {
        "Diluted EPS": 0.01,
        "Total Revenue": 4,
        "Gross Profit": 2,
        "Operating Income": 0,
        "EBIT": 1,
        "Net Income": 1
    },
    "2014-09-30": {
        "Diluted EPS": 0.02,
        "Total Revenue": 7,
        "Gross Profit": 4,
        "Operating Income": 1,
        "EBIT": 1,
        "Net Income": 1
    },
    "2014-06-30": {
        "Diluted EPS": 0.06,
        "Total Revenue": 8,
        "Gross Profit": 5,
        "Operating Income": 2,
        "EBIT": 2,
        "Net Income": 2
    },
    "2014-03-31": {
        "Diluted EPS": 0.02,
        "Total Revenue": 5,
        "Gross Profit": 3,
        "Operating Income": 1,
        "EBIT": 1,
        "Net Income": 1
    },
    "2013-12-31": {
        "Diluted EPS": 0.0,
        "Total Revenue": 4,
        "Gross Profit": 2,
        "Operating Income": 0,
        "EBIT": 0,
        "Net Income": 0
    },
    "2013-09-30": {
        "Diluted EPS": 0.08,
        "Total Revenue": 9,
        "Gross Profit": 4,
        "Operating Income": 3,
        "EBIT": 3,
        "Net Income": 3
    },
    "2013-06-30": {
        "Diluted EPS": -0.03,
        "Total Revenue": 2,
        "Gross Profit": 1,
        "Operating Income": -1,
        "EBIT": -1,
        "Net Income": -1
    },
    "2013-03-31": {
        "Diluted EPS": -0.01,
        "Total Revenue": 3,
        "Gross Profit": 1,
        "Operating Income": 0,
        "EBIT": 0,
        "Net Income": 0
    },
    "2012-12-31": {
        "Diluted EPS": 0.0,
        "Total Revenue": 3,
        "Gross Profit": 1,
        "Operating Income": 0,
        "EBIT": 0,
        "Net Income": 0
    },
    "2012-09-30": {
        "Diluted EPS": 0.03,
        "Total Revenue": 6,
        "Gross Profit": 3,
        "Operating Income": 1,
        "EBIT": 1,
        "Net Income": 1
    },
    "2012-06-30": {
        "Diluted EPS": 0.01,
        "Total Revenue": 3,
        "Gross Profit": 2,
        "Operating Income": 0,
        "EBIT": 0,
        "Net Income": 0
    },
    "2012-03-31": {
        "Diluted EPS": -0.01,
        "Total Revenue": 2,
        "Gross Profit": 1,
        "Operating Income": 0,
        "EBIT": 0,
        "Net Income": 0
    },
    "2011-12-31": {
        "Diluted EPS": 0.01,
        "Total Revenue": 4,
        "Gross Profit": 2,
        "Operating Income": 0,
        "EBIT": 0,
        "Net Income": 0
    },
    "2011-09-30": {
        "Diluted EPS": 0.01,
        "Total Revenue": 6,
        "Gross Profit": 3,
        "Operating Income": 0,
        "EBIT": 0,
        "Net Income": 0
    },
    "2011-06-30": {
        "Diluted EPS": -0.02,
        "Total Revenue": 2,
        "Gross Profit": 1,
        "Operating Income": -1,
        "EBIT": -1,
        "Net Income": -1
    },
    "2011-03-31": {
        "Diluted EPS": 0.17,
        "Total Revenue": 16,
        "Gross Profit": 11,
        "Operating Income": 6,
        "EBIT": 6,
        "Net Income": 6
    },
    "2010-12-31": {
        "Diluted EPS": -0.01,
        "Total Revenue": 2,
        "Gross Profit": 1,
        "Operating Income": 0,
        "EBIT": 0,
        "Net Income": 0
    },
    "2010-09-30": {
        "Diluted EPS": 0.03,
        "Total Revenue": 5,
        "Gross Profit": 3,
        "Operating Income": 1,
        "EBIT": 1,
        "Net Income": 1
    },
    "2010-06-30": {
        "Diluted EPS": 0.0,
        "Total Revenue": 3,
        "Gross Profit": 1,
        "Operating Income": 0,
        "EBIT": 0,
        "Net Income": 0
    },
    "2010-03-31": {
        "Diluted EPS": 0.01,
        "Total Revenue": 3,
        "Gross Profit": 2,
        "Operating Income": 0,
        "EBIT": 0,
        "Net Income": 0
    },
    "2009-12-31": {
        "Diluted EPS": 0.06,
        "Total Revenue": 5,
        "Gross Profit": 3,
        "Operating Income": 1,
        "EBIT": 1,
        "Net Income": 2
    },
    "2009-09-30": {
        "Diluted EPS": -0.03,
        "Total Revenue": 2,
        "Gross Profit": 1,
        "Operating Income": 0,
        "EBIT": 0,
        "Net Income": -1
    },
    "2009-06-30": {
        "Diluted EPS": 0.0,
        "Total Revenue": 4,
        "Gross Profit": 2,
        "Operating Income": 0,
        "EBIT": 0,
        "Net Income": 0
    },
    "2009-03-31": {
        "Diluted EPS": 0.03,
        "Total Revenue": 6,
        "Gross Profit": 3,
        "Operating Income": 1,
        "EBIT": 1,
        "Net Income": 1
    },
    "2023-06-30": {
        "Tax Effect Of Unusual Items": 0.0,
        "Tax Rate For Calcs": 0.017943,
        "Normalized EBITDA": -1450000.0,
        "Total Unusual Items": NaN,
        "Total Unusual Items Excluding Goodwill": NaN,
        "Net Income From Continuing Operation Net Minority Interest": -1423000.0,
        "Reconciled Depreciation": 828000.0,
        "Reconciled Cost Of Revenue": 7567000.0,
        "EBITDA": -1450000.0,
        "EBIT": -1450000.0,
        "Normalized Income": -1423000.0,
        "Net Income From Continuing And Discontinued Operation": -1423000.0,
        "Total Expenses": 15712000.0,
        "Total Operating Income As Reported": -1450000.0,
        "Diluted Average Shares": 37053196.0,
        "Basic Average Shares": 37053196.0,
        "Diluted EPS": -0.04,
        "Basic EPS": -0.04,
        "Diluted NI Availto Com Stockholders": -1423000.0,
        "Net Income Common Stockholders": -1423000.0,
        "Net Income": -1423000.0,
        "Net Income Including Noncontrolling Interests": -1423000.0,
        "Net Income Continuous Operations": -1423000.0,
        "Tax Provision": -26000.0,
        "Pretax Income": -1449000.0,
        "Other Income Expense": 1000.0,
        "Other Non Operating Income Expenses": 1000.0,
        "Special Income Charges": NaN,
        "Impairment Of Capital Assets": NaN,
        "Operating Income": -1450000.0,
        "Operating Expense": 8145000.0,
        "Research And Development": 2141000.0,
        "Selling General And Administration": 6004000.0,
        "Gross Profit": 6695000.0,
        "Cost Of Revenue": 7567000.0,
        "Total Revenue": 14262000.0,
        "Operating Revenue": 14262000.0
    }
}