{
    "2023-03-31": {
        "Tax Effect Of Unusual Items": NaN,
        "Tax Rate For Calcs": NaN,
        "Normalized EBITDA": NaN,
        "Total Unusual Items": NaN,
        "Total Unusual Items Excluding Goodwill": NaN,
        "Net Income From Continuing Operation Net Minority Interest": NaN,
        "Reconciled Depreciation": NaN,
        "Reconciled Cost Of Revenue": NaN,
        "EBITDA": NaN,
        "EBIT": NaN,
        "Net Interest Income": NaN,
        "Interest Expense": NaN,
        "Interest Income": NaN,
        "Normalized Income": NaN,
        "Net Income From Continuing And Discontinued Operation": NaN,
        "Total Expenses": NaN,
        "Total Operating Income As Reported": NaN,
        "Diluted Average Shares": NaN,
        "Basic Average Shares": NaN,
        "Diluted EPS": NaN,
        "Basic EPS": NaN,
        "Diluted NI Availto Com Stockholders": NaN,
        "Net Income Common Stockholders": NaN,
        "Net Income": NaN,
        "Net Income Including Noncontrolling Interests": NaN,
        "Net Income Continuous Operations": NaN,
        "Tax Provision": NaN,
        "Pretax Income": NaN,
        "Other Income Expense": -5340000.0,
        "Special Income Charges": NaN,
        "Other Special Charges": 5340000.0,
        "Net Non Operating Interest Income Expense": NaN,
        "Total Other Finance Cost": NaN,
        "Interest Expense Non Operating": NaN,
        "Interest Income Non Operating": NaN,
        "Operating Income": NaN,
        "Operating Expense": NaN,
        "Selling General And Administration": NaN,
        "General And Administrative Expense": 267725000.0,
        "Other Gand A": 267725000.0,
        "Gross Profit": NaN,
        "Cost Of Revenue": NaN,
        "Total Revenue": NaN,
        "Operating Revenue": NaN
    },
    "2022-12-31": {
        "Tax Effect Of Unusual Items": NaN,
        "Tax Rate For Calcs": NaN,
        "Normalized EBITDA": NaN,
        "Total Unusual Items": NaN,
        "Total Unusual Items Excluding Goodwill": NaN,
        "Net Income From Continuing Operation Net Minority Interest": NaN,
        "Reconciled Depreciation": NaN,
        "Reconciled Cost Of Revenue": NaN,
        "EBITDA": NaN,
        "EBIT": NaN,
        "Net Interest Income": NaN,
        "Interest Expense": NaN,
        "Interest Income": NaN,
        "Normalized Income": NaN,
        "Net Income From Continuing And Discontinued Operation": NaN,
        "Total Expenses": NaN,
        "Total Operating Income As Reported": NaN,
        "Diluted Average Shares": NaN,
        "Basic Average Shares": NaN,
        "Diluted EPS": NaN,
        "Basic EPS": NaN,
        "Diluted NI Availto Com Stockholders": NaN,
        "Net Income Common Stockholders": NaN,
        "Net Income": NaN,
        "Net Income Including Noncontrolling Interests": NaN,
        "Net Income Continuous Operations": NaN,
        "Tax Provision": NaN,
        "Pretax Income": NaN,
        "Other Income Expense": 0.0,
        "Special Income Charges": NaN,
        "Other Special Charges": 0.0,
        "Net Non Operating Interest Income Expense": NaN,
        "Total Other Finance Cost": NaN,
        "Interest Expense Non Operating": NaN,
        "Interest Income Non Operating": NaN,
        "Operating Income": NaN,
        "Operating Expense": NaN,
        "Depreciation Amortization Depletion Income Statement": 18776000.0,
        "Depreciation And Amortization In Income Statement": 18776000.0,
        "Selling General And Administration": NaN,
        "General And Administrative Expense": 238424000.0,
        "Other Gand A": 230231000.0,
        "Salaries And Wages": 8193000.0,
        "Gross Profit": NaN,
        "Cost Of Revenue": NaN,
        "Total Revenue": NaN,
        "Operating Revenue": NaN
    },
    "2022-09-30": {
        "Tax Effect Of Unusual Items": NaN,
        "Tax Rate For Calcs": NaN,
        "Normalized EBITDA": NaN,
        "Total Unusual Items": NaN,
        "Total Unusual Items Excluding Goodwill": NaN,
        "Net Income From Continuing Operation Net Minority Interest": NaN,
        "Reconciled Depreciation": NaN,
        "Reconciled Cost Of Revenue": NaN,
        "EBITDA": NaN,
        "EBIT": NaN,
        "Net Interest Income": NaN,
        "Interest Expense": NaN,
        "Interest Income": NaN,
        "Normalized Income": NaN,
        "Net Income From Continuing And Discontinued Operation": NaN,
        "Total Expenses": NaN,
        "Total Operating Income As Reported": NaN,
        "Diluted Average Shares": NaN,
        "Basic Average Shares": NaN,
        "Diluted EPS": NaN,
        "Basic EPS": NaN,
        "Diluted NI Availto Com Stockholders": NaN,
        "Net Income Common Stockholders": NaN,
        "Net Income": NaN,
        "Net Income Including Noncontrolling Interests": NaN,
        "Net Income Continuous Operations": NaN,
        "Tax Provision": NaN,
        "Pretax Income": NaN,
        "Other Income Expense": NaN,
        "Special Income Charges": NaN,
        "Other Special Charges": NaN,
        "Net Non Operating Interest Income Expense": NaN,
        "Total Other Finance Cost": NaN,
        "Interest Expense Non Operating": NaN,
        "Interest Income Non Operating": NaN,
        "Operating Income": NaN,
        "Operating Expense": NaN,
        "Depreciation Amortization Depletion Income Statement": 19406000.0,
        "Depreciation And Amortization In Income Statement": 19406000.0,
        "Selling General And Administration": NaN,
        "General And Administrative Expense": 236542000.0,
        "Other Gand A": 227458000.0,
        "Salaries And Wages": 9084000.0,
        "Gross Profit": NaN,
        "Cost Of Revenue": NaN,
        "Total Revenue": NaN,
        "Operating Revenue": NaN
    },
    "2022-06-30": {
        "Tax Effect Of Unusual Items": -97648.74552,
        "Tax Rate For Calcs": 0.076647,
        "Normalized EBITDA": 45702000.0,
        "Total Unusual Items": -1274000.0,
        "Total Unusual Items Excluding Goodwill": -1274000.0,
        "Net Income From Continuing Operation Net Minority Interest": 20094000.0,
        "Reconciled Depreciation": 18791000.0,
        "Reconciled Cost Of Revenue": 618248000.0,
        "EBITDA": 44428000.0,
        "EBIT": 25637000.0,
        "Net Interest Income": -3875000.0,
        "Interest Expense": 3875000.0,
        "Interest Income": 570000.0,
        "Normalized Income": 21270351.25448,
        "Net Income From Continuing And Discontinued Operation": 20094000.0,
        "Total Expenses": 870748000.0,
        "Total Operating Income As Reported": 26911000.0,
        "Diluted Average Shares": 100140000.0,
        "Basic Average Shares": 96578000.0,
        "Diluted EPS": 0.2,
        "Basic EPS": 0.21,
        "Diluted NI Availto Com Stockholders": 20094000.0,
        "Net Income Common Stockholders": 20094000.0,
        "Net Income": 20094000.0,
        "Net Income Including Noncontrolling Interests": 20094000.0,
        "Net Income Continuous Operations": 20094000.0,
        "Tax Provision": 1668000.0,
        "Pretax Income": 21762000.0,
        "Other Income Expense": -1274000.0,
        "Special Income Charges": -1274000.0,
        "Other Special Charges": 1274000.0,
        "Net Non Operating Interest Income Expense": -3875000.0,
        "Total Other Finance Cost": 562000.0,
        "Interest Expense Non Operating": 3875000.0,
        "Interest Income Non Operating": 570000.0,
        "Operating Income": 26911000.0,
        "Operating Expense": 252500000.0,
        "Depreciation Amortization Depletion Income Statement": 18791000.0,
        "Depreciation And Amortization In Income Statement": 18791000.0,
        "Selling General And Administration": 233709000.0,
        "General And Administrative Expense": 233709000.0,
        "Other Gand A": 224225000.0,
        "Salaries And Wages": 9484000.0,
        "Gross Profit": 279411000.0,
        "Cost Of Revenue": 618248000.0,
        "Total Revenue": 897659000.0,
        "Operating Revenue": 897659000.0
    },
    "2023-06-30": {
        "Tax Effect Of Unusual Items": 0.0,
        "Tax Rate For Calcs": 0.228,
        "Normalized EBITDA": 58780000.0,
        "Total Unusual Items": 0.0,
        "Total Unusual Items Excluding Goodwill": 0.0,
        "Net Income From Continuing Operation Net Minority Interest": 24471000.0,
        "Reconciled Depreciation": 21120000.0,
        "Reconciled Cost Of Revenue": 683685000.0,
        "EBITDA": 58780000.0,
        "EBIT": 37660000.0,
        "Net Interest Income": -4766000.0,
        "Interest Expense": 5945000.0,
        "Interest Income": 1406000.0,
        "Normalized Income": 24471000.0,
        "Net Income From Continuing And Discontinued Operation": 24471000.0,
        "Total Expenses": 973774000.0,
        "Total Operating Income As Reported": 36481000.0,
        "Diluted Average Shares": 100639000.0,
        "Basic Average Shares": 98515000.0,
        "Diluted EPS": 0.24,
        "Basic EPS": 0.25,
        "Diluted NI Availto Com Stockholders": 24471000.0,
        "Net Income Common Stockholders": 24471000.0,
        "Net Income": 24471000.0,
        "Net Income Including Noncontrolling Interests": 24471000.0,
        "Net Income Continuous Operations": 24471000.0,
        "Tax Provision": 7244000.0,
        "Pretax Income": 31715000.0,
        "Other Income Expense": NaN,
        "Special Income Charges": 0.0,
        "Other Special Charges": NaN,
        "Net Non Operating Interest Income Expense": -4766000.0,
        "Total Other Finance Cost": 227000.0,
        "Interest Expense Non Operating": 5945000.0,
        "Interest Income Non Operating": 1406000.0,
        "Operating Income": 36481000.0,
        "Operating Expense": 290089000.0,
        "Selling General And Administration": 290089000.0,
        "General And Administrative Expense": NaN,
        "Other Gand A": NaN,
        "Gross Profit": 326570000.0,
        "Cost Of Revenue": 683685000.0,
        "Total Revenue": 1010255000.0,
        "Operating Revenue": 1010255000.0
    },
    "2023-09-30": {
        "Tax Effect Of Unusual Items": 0.0,
        "Tax Rate For Calcs": 0.186,
        "Normalized EBITDA": 61180000.0,
        "Total Unusual Items": 0.0,
        "Total Unusual Items Excluding Goodwill": 0.0,
        "Net Income From Continuing Operation Net Minority Interest": 27140000.0,
        "Reconciled Depreciation": 21886000.0,
        "Reconciled Cost Of Revenue": 688222000.0,
        "EBITDA": 61180000.0,
        "EBIT": 39294000.0,
        "Net Interest Income": -4226000.0,
        "Interest Expense": 5963000.0,
        "Interest Income": 1965000.0,
        "Normalized Income": 27140000.0,
        "Net Income From Continuing And Discontinued Operation": 27140000.0,
        "Total Expenses": 966356000.0,
        "Total Operating Income As Reported": 37557000.0,
        "Diluted Average Shares": 100973000.0,
        "Basic Average Shares": 99108000.0,
        "Diluted EPS": 0.27,
        "Basic EPS": 0.27,
        "Diluted NI Availto Com Stockholders": 27140000.0,
        "Net Income Common Stockholders": 27140000.0,
        "Net Income": 27140000.0,
        "Net Income Including Noncontrolling Interests": 27140000.0,
        "Net Income Continuous Operations": 27140000.0,
        "Tax Provision": 6191000.0,
        "Pretax Income": 33331000.0,
        "Other Income Expense": NaN,
        "Special Income Charges": 0.0,
        "Other Special Charges": NaN,
        "Net Non Operating Interest Income Expense": -4226000.0,
        "Total Other Finance Cost": 228000.0,
        "Interest Expense Non Operating": 5963000.0,
        "Interest Income Non Operating": 1965000.0,
        "Operating Income": 37557000.0,
        "Operating Expense": 278134000.0,
        "Selling General And Administration": 278134000.0,
        "General And Administrative Expense": NaN,
        "Other Gand A": NaN,
        "Gross Profit": 315691000.0,
        "Cost Of Revenue": 688222000.0,
        "Total Revenue": 1003913000.0,
        "Operating Revenue": 1003913000.0
    },
    "2023-12-31": {
        "Tax Effect Of Unusual Items": 0.0,
        "Tax Rate For Calcs": 0.192836,
        "Normalized EBITDA": 45598000.0,
        "Total Unusual Items": 0.0,
        "Total Unusual Items Excluding Goodwill": 0.0,
        "Net Income From Continuing Operation Net Minority Interest": 14106000.0,
        "Reconciled Depreciation": 24301000.0,
        "Reconciled Cost Of Revenue": 690943000.0,
        "EBITDA": 45598000.0,
        "EBIT": 21297000.0,
        "Net Interest Income": -1450000.0,
        "Interest Expense": 3821000.0,
        "Interest Income": 2599000.0,
        "Normalized Income": 14106000.0,
        "Net Income From Continuing And Discontinued Operation": 14106000.0,
        "Total Expenses": 970892000.0,
        "Total Operating Income As Reported": 18926000.0,
        "Diluted Average Shares": 101144000.0,
        "Basic Average Shares": 99292000.0,
        "Diluted EPS": 0.14,
        "Basic EPS": 0.14,
        "Diluted NI Availto Com Stockholders": 14106000.0,
        "Net Income Common Stockholders": 14106000.0,
        "Net Income": 14106000.0,
        "Net Income Including Noncontrolling Interests": 14106000.0,
        "Net Income Continuous Operations": 14106000.0,
        "Tax Provision": 3370000.0,
        "Pretax Income": 17476000.0,
        "Other Income Expense": 0.0,
        "Special Income Charges": 0.0,
        "Other Special Charges": 0.0,
        "Net Non Operating Interest Income Expense": -1450000.0,
        "Total Other Finance Cost": 228000.0,
        "Interest Expense Non Operating": 3821000.0,
        "Interest Income Non Operating": 2599000.0,
        "Operating Income": 18926000.0,
        "Operating Expense": 279949000.0,
        "Selling General And Administration": 279949000.0,
        "General And Administrative Expense": NaN,
        "Other Gand A": NaN,
        "Gross Profit": 298875000.0,
        "Cost Of Revenue": 690943000.0,
        "Total Revenue": 989818000.0,
        "Operating Revenue": 989818000.0
    },
    "2024-03-31": {
        "Tax Effect Of Unusual Items": 0.0,
        "Tax Rate For Calcs": 0.21,
        "Normalized EBITDA": 27716000.0,
        "Total Unusual Items": 0.0,
        "Total Unusual Items Excluding Goodwill": 0.0,
        "Net Income From Continuing Operation Net Minority Interest": -1025000.0,
        "Reconciled Depreciation": 24889000.0,
        "Reconciled Cost Of Revenue": 732999000.0,
        "EBITDA": 27716000.0,
        "EBIT": 2827000.0,
        "Net Interest Income": -3176000.0,
        "Interest Expense": 5440000.0,
        "Interest Income": 2492000.0,
        "Normalized Income": -1025000.0,
        "Net Income From Continuing And Discontinued Operation": -1025000.0,
        "Total Expenses": 1036381000.0,
        "Total Operating Income As Reported": 563000.0,
        "Diluted Average Shares": 99520000.0,
        "Basic Average Shares": 99520000.0,
        "Diluted EPS": -0.01,
        "Basic EPS": -0.01,
        "Diluted NI Availto Com Stockholders": -1025000.0,
        "Net Income Common Stockholders": -1025000.0,
        "Net Income": -1025000.0,
        "Net Income Including Noncontrolling Interests": -1025000.0,
        "Net Income Continuous Operations": -1025000.0,
        "Tax Provision": -1588000.0,
        "Pretax Income": -2613000.0,
        "Other Income Expense": NaN,
        "Special Income Charges": 0.0,
        "Other Special Charges": NaN,
        "Net Non Operating Interest Income Expense": -3176000.0,
        "Total Other Finance Cost": 228000.0,
        "Interest Expense Non Operating": 5440000.0,
        "Interest Income Non Operating": 2492000.0,
        "Operating Income": 563000.0,
        "Operating Expense": 303382000.0,
        "Selling General And Administration": 303382000.0,
        "General And Administrative Expense": 303382000.0,
        "Other Gand A": 303382000.0,
        "Gross Profit": 303945000.0,
        "Cost Of Revenue": 732999000.0,
        "Total Revenue": 1036944000.0,
        "Operating Revenue": 1036944000.0
    },
    "2024-06-30": {
        "Tax Effect Of Unusual Items": 0.0,
        "Tax Rate For Calcs": 0.319,
        "Normalized EBITDA": 53947000.0,
        "Total Unusual Items": 0.0,
        "Total Unusual Items Excluding Goodwill": 0.0,
        "Net Income From Continuing Operation Net Minority Interest": 14001000.0,
        "Reconciled Depreciation": 26545000.0,
        "Reconciled Cost Of Revenue": 779280000.0,
        "EBITDA": 53947000.0,
        "EBIT": 27402000.0,
        "Net Interest Income": -5559000.0,
        "Interest Expense": 6856000.0,
        "Interest Income": 1524000.0,
        "Normalized Income": 14001000.0,
        "Net Income From Continuing And Discontinued Operation": 14001000.0,
        "Total Expenses": 1102415000.0,
        "Total Operating Income As Reported": 26105000.0,
        "Diluted Average Shares": 100369000.0,
        "Basic Average Shares": 99542000.0,
        "Diluted EPS": 0.14,
        "Basic EPS": 0.14,
        "Diluted NI Availto Com Stockholders": 14001000.0,
        "Net Income Common Stockholders": 14001000.0,
        "Net Income": 14001000.0,
        "Net Income Including Noncontrolling Interests": 14001000.0,
        "Net Income Continuous Operations": 14001000.0,
        "Tax Provision": 6545000.0,
        "Pretax Income": 20546000.0,
        "Other Income Expense": NaN,
        "Special Income Charges": 0.0,
        "Other Special Charges": NaN,
        "Net Non Operating Interest Income Expense": -5559000.0,
        "Total Other Finance Cost": 227000.0,
        "Interest Expense Non Operating": 6856000.0,
        "Interest Income Non Operating": 1524000.0,
        "Operating Income": 26105000.0,
        "Operating Expense": 323135000.0,
        "Selling General And Administration": 323135000.0,
        "General And Administrative Expense": NaN,
        "Other Gand A": NaN,
        "Gross Profit": 349240000.0,
        "Cost Of Revenue": 779280000.0,
        "Total Revenue": 1128520000.0,
        "Operating Revenue": 1128520000.0
    }
}