{
    "2023-03-31": {
        "Tax Effect Of Unusual Items": 0.0,
        "Tax Rate For Calcs": 0.0,
        "Normalized EBITDA": -78969000.0,
        "Total Unusual Items": -6892000.0,
        "Total Unusual Items Excluding Goodwill": -6892000.0,
        "Net Income From Continuing Operation Net Minority Interest": -90732000.0,
        "Reconciled Depreciation": 4575000.0,
        "Reconciled Cost Of Revenue": 0.0,
        "EBITDA": -85861000.0,
        "EBIT": -90436000.0,
        "Net Interest Income": -296000.0,
        "Interest Expense": 296000.0,
        "Normalized Income": -83840000.0,
        "Net Income From Continuing And Discontinued Operation": -90732000.0,
        "Total Expenses": 81528000.0,
        "Total Operating Income As Reported": -81528000.0,
        "Diluted Average Shares": 18177000.0,
        "Basic Average Shares": 18177000.0,
        "Diluted EPS": -4.99,
        "Basic EPS": -4.99,
        "Diluted NI Availto Com Stockholders": -90732000.0,
        "Net Income Common Stockholders": -90732000.0,
        "Preferred Stock Dividends": NaN,
        "Net Income": -90732000.0,
        "Net Income Including Noncontrolling Interests": -90732000.0,
        "Net Income Continuous Operations": -90732000.0,
        "Tax Provision": 0.0,
        "Pretax Income": -90732000.0,
        "Other Income Expense": -8908000.0,
        "Other Non Operating Income Expenses": -2016000.0,
        "Special Income Charges": -24234000.0,
        "Other Special Charges": 26739000.0,
        "Restructuring And Mergern Acquisition": -2505000.0,
        "Gain On Sale Of Security": 17342000.0,
        "Net Non Operating Interest Income Expense": -296000.0,
        "Total Other Finance Cost": NaN,
        "Interest Expense Non Operating": 296000.0,
        "Operating Income": -81528000.0,
        "Operating Expense": 81528000.0,
        "Depreciation Amortization Depletion Income Statement": 4575000.0,
        "Depreciation And Amortization In Income Statement": 4575000.0,
        "Depreciation Income Statement": 4575000.0,
        "Research And Development": 47104000.0,
        "Selling General And Administration": 29849000.0,
        "Gross Profit": 0.0,
        "Cost Of Revenue": 0.0,
        "Total Revenue": 0.0,
        "Operating Revenue": 0.0
    },
    "2022-12-31": {
        "Tax Effect Of Unusual Items": NaN,
        "Tax Rate For Calcs": NaN,
        "Normalized EBITDA": NaN,
        "Total Unusual Items": NaN,
        "Total Unusual Items Excluding Goodwill": NaN,
        "Net Income From Continuing Operation Net Minority Interest": NaN,
        "Reconciled Depreciation": NaN,
        "Reconciled Cost Of Revenue": NaN,
        "EBITDA": NaN,
        "EBIT": NaN,
        "Net Interest Income": NaN,
        "Interest Expense": NaN,
        "Normalized Income": NaN,
        "Net Income From Continuing And Discontinued Operation": NaN,
        "Total Expenses": NaN,
        "Total Operating Income As Reported": NaN,
        "Diluted Average Shares": NaN,
        "Basic Average Shares": NaN,
        "Diluted EPS": NaN,
        "Basic EPS": NaN,
        "Diluted NI Availto Com Stockholders": NaN,
        "Net Income Common Stockholders": NaN,
        "Preferred Stock Dividends": NaN,
        "Net Income": NaN,
        "Net Income Including Noncontrolling Interests": NaN,
        "Net Income Continuous Operations": NaN,
        "Tax Provision": NaN,
        "Pretax Income": NaN,
        "Other Income Expense": NaN,
        "Other Non Operating Income Expenses": NaN,
        "Special Income Charges": NaN,
        "Other Special Charges": NaN,
        "Restructuring And Mergern Acquisition": NaN,
        "Gain On Sale Of Security": NaN,
        "Net Non Operating Interest Income Expense": NaN,
        "Total Other Finance Cost": 60000.0,
        "Interest Expense Non Operating": NaN,
        "Operating Income": NaN,
        "Operating Expense": NaN,
        "Depreciation Amortization Depletion Income Statement": NaN,
        "Depreciation And Amortization In Income Statement": NaN,
        "Depreciation Income Statement": NaN,
        "Research And Development": NaN,
        "Selling General And Administration": NaN,
        "Gross Profit": NaN,
        "Cost Of Revenue": NaN,
        "Total Revenue": NaN,
        "Operating Revenue": NaN
    },
    "2022-09-30": {
        "Tax Effect Of Unusual Items": NaN,
        "Tax Rate For Calcs": NaN,
        "Normalized EBITDA": NaN,
        "Total Unusual Items": NaN,
        "Total Unusual Items Excluding Goodwill": NaN,
        "Net Income From Continuing Operation Net Minority Interest": NaN,
        "Reconciled Depreciation": NaN,
        "Reconciled Cost Of Revenue": NaN,
        "EBITDA": NaN,
        "EBIT": NaN,
        "Net Interest Income": NaN,
        "Interest Expense": 2179000.0,
        "Normalized Income": NaN,
        "Net Income From Continuing And Discontinued Operation": NaN,
        "Total Expenses": NaN,
        "Total Operating Income As Reported": NaN,
        "Diluted Average Shares": NaN,
        "Basic Average Shares": NaN,
        "Diluted EPS": NaN,
        "Basic EPS": NaN,
        "Diluted NI Availto Com Stockholders": NaN,
        "Net Income Common Stockholders": NaN,
        "Preferred Stock Dividends": NaN,
        "Net Income": NaN,
        "Net Income Including Noncontrolling Interests": NaN,
        "Net Income Continuous Operations": NaN,
        "Tax Provision": NaN,
        "Pretax Income": NaN,
        "Other Income Expense": NaN,
        "Other Non Operating Income Expenses": NaN,
        "Special Income Charges": NaN,
        "Other Special Charges": NaN,
        "Restructuring And Mergern Acquisition": NaN,
        "Gain On Sale Of Security": NaN,
        "Net Non Operating Interest Income Expense": NaN,
        "Total Other Finance Cost": 2179000.0,
        "Interest Expense Non Operating": 2179000.0,
        "Operating Income": NaN,
        "Operating Expense": NaN,
        "Depreciation Amortization Depletion Income Statement": NaN,
        "Depreciation And Amortization In Income Statement": NaN,
        "Depreciation Income Statement": NaN,
        "Research And Development": NaN,
        "Selling General And Administration": NaN,
        "Gross Profit": NaN,
        "Cost Of Revenue": NaN,
        "Total Revenue": NaN,
        "Operating Revenue": NaN
    },
    "2022-06-30": {
        "Tax Effect Of Unusual Items": 0.0,
        "Tax Rate For Calcs": 0.0,
        "Normalized EBITDA": -180083000.0,
        "Total Unusual Items": 9471000.0,
        "Total Unusual Items Excluding Goodwill": 9471000.0,
        "Net Income From Continuing Operation Net Minority Interest": -164392000.0,
        "Reconciled Depreciation": 2892000.0,
        "Reconciled Cost Of Revenue": 0.0,
        "EBITDA": -170612000.0,
        "EBIT": -173504000.0,
        "Net Interest Income": 19000.0,
        "Interest Expense": NaN,
        "Normalized Income": -173863000.0,
        "Net Income From Continuing And Discontinued Operation": -164392000.0,
        "Total Expenses": 173504000.0,
        "Total Operating Income As Reported": -173504000.0,
        "Diluted Average Shares": 242772000.0,
        "Basic Average Shares": 242772000.0,
        "Diluted EPS": -0.68,
        "Basic EPS": -0.68,
        "Diluted NI Availto Com Stockholders": -164392000.0,
        "Net Income Common Stockholders": -164392000.0,
        "Net Income": -164392000.0,
        "Net Income Including Noncontrolling Interests": -164392000.0,
        "Net Income Continuous Operations": -164392000.0,
        "Tax Provision": 0.0,
        "Pretax Income": -164392000.0,
        "Other Income Expense": 9093000.0,
        "Other Non Operating Income Expenses": -378000.0,
        "Special Income Charges": 9471000.0,
        "Other Special Charges": NaN,
        "Restructuring And Mergern Acquisition": -9471000.0,
        "Gain On Sale Of Security": NaN,
        "Net Non Operating Interest Income Expense": 19000.0,
        "Total Other Finance Cost": -19000.0,
        "Interest Expense Non Operating": NaN,
        "Operating Income": -173504000.0,
        "Operating Expense": 173504000.0,
        "Depreciation Amortization Depletion Income Statement": 2892000.0,
        "Depreciation And Amortization In Income Statement": 2892000.0,
        "Depreciation Income Statement": 2892000.0,
        "Research And Development": 115460000.0,
        "Selling General And Administration": 55152000.0,
        "Gross Profit": 0.0,
        "Cost Of Revenue": 0.0,
        "Total Revenue": 0.0,
        "Operating Revenue": 0.0
    },
    "2022-03-31": {
        "Diluted EPS": -0.54,
        "Total Revenue": NaN,
        "Gross Profit": NaN,
        "Operating Income": -141,
        "EBIT": -138,
        "Net Income": -125
    },
    "2021-12-31": {
        "Diluted EPS": -0.6,
        "Total Revenue": NaN,
        "Gross Profit": NaN,
        "Operating Income": -141,
        "EBIT": -139,
        "Net Income": -138
    },
    "2021-09-30": {
        "Diluted EPS": -0.35,
        "Total Revenue": NaN,
        "Gross Profit": NaN,
        "Operating Income": -107,
        "EBIT": -105,
        "Net Income": -81
    },
    "2021-06-30": {
        "Diluted EPS": -0.5,
        "Total Revenue": NaN,
        "Gross Profit": NaN,
        "Operating Income": -104,
        "EBIT": -102,
        "Net Income": -113
    },
    "2021-03-31": {
        "Diluted EPS": -0.07,
        "Total Revenue": NaN,
        "Gross Profit": NaN,
        "Operating Income": -97,
        "EBIT": -95,
        "Net Income": -15
    },
    "2020-12-31": {
        "Diluted EPS": 0.06,
        "Total Revenue": NaN,
        "Gross Profit": NaN,
        "Operating Income": -128,
        "EBIT": -126,
        "Net Income": -9
    },
    "2020-09-30": {
        "Diluted EPS": -0.2,
        "Total Revenue": 3,
        "Gross Profit": 2,
        "Operating Income": -27,
        "EBIT": -25,
        "Net Income": -23
    },
    "2020-06-30": {
        "Diluted EPS": -0.28,
        "Total Revenue": NaN,
        "Gross Profit": NaN,
        "Operating Income": -20,
        "EBIT": -18,
        "Net Income": -23
    },
    "2020-03-31": {
        "Diluted EPS": -0.37,
        "Total Revenue": NaN,
        "Gross Profit": NaN,
        "Operating Income": -25,
        "EBIT": -23,
        "Net Income": -31
    },
    "2019-12-31": {
        "Diluted EPS": -2.5,
        "Total Revenue": NaN,
        "Gross Profit": NaN,
        "Operating Income": -171,
        "EBIT": -171,
        "Net Income": -183
    },
    "2019-09-30": {
        "Diluted EPS": -0.03,
        "Total Revenue": NaN,
        "Gross Profit": NaN,
        "Operating Income": -2,
        "EBIT": -2,
        "Net Income": -1
    },
    "2019-06-30": {
        "Diluted EPS": 0.04,
        "Total Revenue": NaN,
        "Gross Profit": NaN,
        "Operating Income": 0,
        "EBIT": 0,
        "Net Income": 1
    },
    "2019-03-31": {
        "Diluted EPS": 0.01,
        "Total Revenue": NaN,
        "Gross Profit": NaN,
        "Operating Income": 0,
        "EBIT": 0,
        "Net Income": 0
    },
    "2018-12-31": {
        "Diluted EPS": 0.0,
        "Total Revenue": NaN,
        "Gross Profit": NaN,
        "Operating Income": NaN,
        "EBIT": NaN,
        "Net Income": NaN
    },
    "2023-06-30": {
        "Tax Effect Of Unusual Items": 0.0,
        "Tax Rate For Calcs": 0.0,
        "Normalized EBITDA": -68777000.0,
        "Total Unusual Items": 4733000.0,
        "Total Unusual Items Excluding Goodwill": 4733000.0,
        "Net Income From Continuing Operation Net Minority Interest": -70870000.0,
        "Reconciled Depreciation": 4562000.0,
        "Reconciled Cost Of Revenue": 0.0,
        "EBITDA": -64044000.0,
        "EBIT": -68606000.0,
        "Net Interest Income": -2264000.0,
        "Interest Expense": 2264000.0,
        "Normalized Income": -75603000.0,
        "Net Income From Continuing And Discontinued Operation": -70870000.0,
        "Total Expenses": 73565000.0,
        "Total Operating Income As Reported": -73565000.0,
        "Diluted Average Shares": 21982000.0,
        "Basic Average Shares": 21982000.0,
        "Diluted EPS": -0.14,
        "Basic EPS": -0.14,
        "Diluted NI Availto Com Stockholders": -70870000.0,
        "Net Income Common Stockholders": -70870000.0,
        "Preferred Stock Dividends": NaN,
        "Net Income": -70870000.0,
        "Net Income Including Noncontrolling Interests": -70870000.0,
        "Net Income Continuous Operations": -70870000.0,
        "Tax Provision": 0.0,
        "Pretax Income": -70870000.0,
        "Other Income Expense": 4959000.0,
        "Other Non Operating Income Expenses": 226000.0,
        "Special Income Charges": -890000.0,
        "Other Special Charges": 949000.0,
        "Restructuring And Mergern Acquisition": -59000.0,
        "Gain On Sale Of Security": 5623000.0,
        "Net Non Operating Interest Income Expense": -2264000.0,
        "Total Other Finance Cost": 2264000.0,
        "Interest Expense Non Operating": 2264000.0,
        "Operating Income": -73565000.0,
        "Operating Expense": 73565000.0,
        "Depreciation Amortization Depletion Income Statement": 4562000.0,
        "Depreciation And Amortization In Income Statement": 4562000.0,
        "Depreciation Income Statement": 4562000.0,
        "Research And Development": 38582000.0,
        "Selling General And Administration": 30421000.0,
        "Gross Profit": 0.0,
        "Cost Of Revenue": 0.0,
        "Total Revenue": 0.0,
        "Operating Revenue": 0.0
    },
    "2023-09-30": {
        "Tax Effect Of Unusual Items": 0.0,
        "Tax Rate For Calcs": 0.0,
        "Normalized EBITDA": -47740000.0,
        "Total Unusual Items": -58544000.0,
        "Total Unusual Items Excluding Goodwill": -58544000.0,
        "Net Income From Continuing Operation Net Minority Interest": -111974000.0,
        "Reconciled Depreciation": 1495000.0,
        "Reconciled Cost Of Revenue": 903000.0,
        "EBITDA": -106284000.0,
        "EBIT": -107779000.0,
        "Net Interest Income": -4195000.0,
        "Interest Expense": 4195000.0,
        "Normalized Income": -53430000.0,
        "Net Income From Continuing And Discontinued Operation": -111974000.0,
        "Total Expenses": 49288000.0,
        "Total Operating Income As Reported": -48769000.0,
        "Diluted Average Shares": 27012000.0,
        "Basic Average Shares": 27012000.0,
        "Diluted EPS": -4.15,
        "Basic EPS": -4.15,
        "Diluted NI Availto Com Stockholders": -111974000.0,
        "Net Income Common Stockholders": -111974000.0,
        "Preferred Stock Dividends": NaN,
        "Net Income": -111974000.0,
        "Net Income Including Noncontrolling Interests": -111974000.0,
        "Net Income Continuous Operations": -111974000.0,
        "Tax Provision": 0.0,
        "Pretax Income": -111974000.0,
        "Other Income Expense": -59010000.0,
        "Other Non Operating Income Expenses": -466000.0,
        "Special Income Charges": -2294000.0,
        "Other Special Charges": 2573000.0,
        "Restructuring And Mergern Acquisition": -279000.0,
        "Gain On Sale Of Security": -56250000.0,
        "Net Non Operating Interest Income Expense": -4195000.0,
        "Total Other Finance Cost": NaN,
        "Interest Expense Non Operating": 4195000.0,
        "Operating Income": -48769000.0,
        "Operating Expense": 48385000.0,
        "Depreciation Amortization Depletion Income Statement": 1495000.0,
        "Depreciation And Amortization In Income Statement": 1495000.0,
        "Depreciation Income Statement": 1495000.0,
        "Research And Development": 21965000.0,
        "Selling General And Administration": 24925000.0,
        "Gross Profit": -384000.0,
        "Cost Of Revenue": 903000.0,
        "Total Revenue": 519000.0,
        "Operating Revenue": 519000.0
    },
    "2024-03-31": {
        "Tax Effect Of Unusual Items": 0.0,
        "Tax Rate For Calcs": 0.0,
        "Normalized EBITDA": -116694000.0,
        "Total Unusual Items": 15021000.0,
        "Total Unusual Items Excluding Goodwill": 15021000.0,
        "Net Income From Continuing Operation Net Minority Interest": -110687000.0,
        "Reconciled Depreciation": 3390000.0,
        "Reconciled Cost Of Revenue": 0.0,
        "EBITDA": -101673000.0,
        "EBIT": -105063000.0,
        "Net Interest Income": -5624000.0,
        "Interest Expense": 5624000.0,
        "Normalized Income": -125708000.0,
        "Net Income From Continuing And Discontinued Operation": -110687000.0,
        "Total Expenses": 62648000.0,
        "Total Operating Income As Reported": -62648000.0,
        "Diluted Average Shares": 50746000.0,
        "Basic Average Shares": 50746000.0,
        "Diluted EPS": -2.2,
        "Basic EPS": -2.2,
        "Diluted NI Availto Com Stockholders": -111549000.0,
        "Net Income Common Stockholders": -111549000.0,
        "Preferred Stock Dividends": 862000.0,
        "Net Income": -110687000.0,
        "Net Income Including Noncontrolling Interests": -110687000.0,
        "Net Income Continuous Operations": -110687000.0,
        "Tax Provision": 0.0,
        "Pretax Income": -110687000.0,
        "Other Income Expense": -42415000.0,
        "Other Non Operating Income Expenses": -57436000.0,
        "Special Income Charges": 24492000.0,
        "Other Special Charges": -24466000.0,
        "Restructuring And Mergern Acquisition": -26000.0,
        "Gain On Sale Of Security": -9471000.0,
        "Net Non Operating Interest Income Expense": -5624000.0,
        "Total Other Finance Cost": NaN,
        "Interest Expense Non Operating": 5624000.0,
        "Operating Income": -62648000.0,
        "Operating Expense": 62648000.0,
        "Depreciation Amortization Depletion Income Statement": 3390000.0,
        "Depreciation And Amortization In Income Statement": 3390000.0,
        "Depreciation Income Statement": 3390000.0,
        "Research And Development": 26390000.0,
        "Selling General And Administration": 32868000.0,
        "Gross Profit": 0.0,
        "Cost Of Revenue": 0.0,
        "Total Revenue": 0.0,
        "Operating Revenue": 0.0
    },
    "2024-06-30": {
        "Tax Effect Of Unusual Items": 0.0,
        "Tax Rate For Calcs": 0.0,
        "Normalized EBITDA": -48273000.0,
        "Total Unusual Items": 48319000.0,
        "Total Unusual Items Excluding Goodwill": 48319000.0,
        "Net Income From Continuing Operation Net Minority Interest": -4960000.0,
        "Reconciled Depreciation": 3455000.0,
        "Reconciled Cost Of Revenue": 1754000.0,
        "EBITDA": 46000.0,
        "EBIT": -3409000.0,
        "Net Interest Income": -1551000.0,
        "Interest Expense": 1551000.0,
        "Normalized Income": -53279000.0,
        "Net Income From Continuing And Discontinued Operation": -4960000.0,
        "Total Expenses": 43797000.0,
        "Total Operating Income As Reported": -43192000.0,
        "Diluted Average Shares": 69619000.0,
        "Basic Average Shares": 69619000.0,
        "Diluted EPS": -0.09,
        "Basic EPS": -0.09,
        "Diluted NI Availto Com Stockholders": -6037000.0,
        "Net Income Common Stockholders": -6037000.0,
        "Preferred Stock Dividends": 1077000.0,
        "Net Income": -4960000.0,
        "Net Income Including Noncontrolling Interests": -4960000.0,
        "Net Income Continuous Operations": -4960000.0,
        "Tax Provision": 0.0,
        "Pretax Income": -4960000.0,
        "Other Income Expense": 39783000.0,
        "Other Non Operating Income Expenses": -8536000.0,
        "Special Income Charges": 11000.0,
        "Other Special Charges": 4000.0,
        "Restructuring And Mergern Acquisition": -15000.0,
        "Gain On Sale Of Security": 48308000.0,
        "Net Non Operating Interest Income Expense": -1551000.0,
        "Total Other Finance Cost": NaN,
        "Interest Expense Non Operating": 1551000.0,
        "Operating Income": -43192000.0,
        "Operating Expense": 41952000.0,
        "Depreciation Amortization Depletion Income Statement": 3364000.0,
        "Depreciation And Amortization In Income Statement": 3364000.0,
        "Depreciation Income Statement": 3364000.0,
        "Research And Development": 16784000.0,
        "Selling General And Administration": 21804000.0,
        "Gross Profit": -1240000.0,
        "Cost Of Revenue": 1845000.0,
        "Total Revenue": 605000.0,
        "Operating Revenue": 605000.0
    },
    "2024-09-30": {
        "Tax Effect Of Unusual Items": 0.0,
        "Tax Rate For Calcs": 0.0,
        "Normalized EBITDA": -34496000.0,
        "Total Unusual Items": 43904000.0,
        "Total Unusual Items Excluding Goodwill": 43904000.0,
        "Net Income From Continuing Operation Net Minority Interest": 3258000.0,
        "Reconciled Depreciation": 3752000.0,
        "Reconciled Cost Of Revenue": 170000.0,
        "EBITDA": 9408000.0,
        "EBIT": 5656000.0,
        "Net Interest Income": -2398000.0,
        "Interest Expense": 2398000.0,
        "Normalized Income": -40646000.0,
        "Net Income From Continuing And Discontinued Operation": 3258000.0,
        "Total Expenses": 44028000.0,
        "Total Operating Income As Reported": -59192000.0,
        "Diluted Average Shares": 93004000.0,
        "Basic Average Shares": 79395000.0,
        "Diluted EPS": 0.03,
        "Basic EPS": 0.03,
        "Diluted NI Availto Com Stockholders": 2023000.0,
        "Net Income Common Stockholders": 2023000.0,
        "Preferred Stock Dividends": 1235000.0,
        "Net Income": 3258000.0,
        "Net Income Including Noncontrolling Interests": 3258000.0,
        "Net Income Continuous Operations": 3258000.0,
        "Tax Provision": 0.0,
        "Pretax Income": 3258000.0,
        "Other Income Expense": 48793000.0,
        "Other Non Operating Income Expenses": 4889000.0,
        "Special Income Charges": -17867000.0,
        "Other Special Charges": 1812000.0,
        "Restructuring And Mergern Acquisition": 16055000.0,
        "Gain On Sale Of Security": 61771000.0,
        "Net Non Operating Interest Income Expense": -2398000.0,
        "Total Other Finance Cost": NaN,
        "Interest Expense Non Operating": 2398000.0,
        "Operating Income": -43137000.0,
        "Operating Expense": 43858000.0,
        "Depreciation Amortization Depletion Income Statement": 3752000.0,
        "Depreciation And Amortization In Income Statement": 3752000.0,
        "Depreciation Income Statement": 3752000.0,
        "Research And Development": 17502000.0,
        "Selling General And Administration": 22604000.0,
        "Gross Profit": 721000.0,
        "Cost Of Revenue": 170000.0,
        "Total Revenue": 891000.0,
        "Operating Revenue": 891000.0
    }
}