{
    "2023-06-30": {
        "Tax Effect Of Unusual Items": -125097000.0,
        "Tax Rate For Calcs": 0.161,
        "Normalized EBITDA": 26671000000.0,
        "Total Unusual Items": -777000000.0,
        "Total Unusual Items Excluding Goodwill": -777000000.0,
        "Net Income From Continuing Operation Net Minority Interest": 18368000000.0,
        "Reconciled Depreciation": 3948000000.0,
        "Reconciled Cost Of Revenue": 31916000000.0,
        "EBITDA": 25894000000.0,
        "EBIT": 21946000000.0,
        "Net Interest Income": 849000000.0,
        "Interest Expense": 43000000.0,
        "Interest Income": 892000000.0,
        "Normalized Income": 19019903000.0,
        "Net Income From Continuing And Discontinued Operation": 18368000000.0,
        "Total Expenses": 52766000000.0,
        "Total Operating Income As Reported": 21838000000.0,
        "Diluted Average Shares": 13674000000.0,
        "Basic Average Shares": 12725000000.0,
        "Diluted EPS": 1.44,
        "Basic EPS": 1.45,
        "Diluted NI Availto Com Stockholders": 18368000000.0,
        "Average Dilution Earnings": NaN,
        "Net Income Common Stockholders": 18368000000.0,
        "Net Income": 18368000000.0,
        "Net Income Including Noncontrolling Interests": 18368000000.0,
        "Net Income Continuous Operations": 18368000000.0,
        "Tax Provision": 3535000000.0,
        "Pretax Income": 21903000000.0,
        "Other Income Expense": -784000000.0,
        "Other Non Operating Income Expenses": 99000000.0,
        "Earnings From Equity Interest": -106000000.0,
        "Gain On Sale Of Security": -777000000.0,
        "Net Non Operating Interest Income Expense": 849000000.0,
        "Interest Expense Non Operating": 43000000.0,
        "Interest Income Non Operating": 892000000.0,
        "Operating Income": 21838000000.0,
        "Operating Expense": 20850000000.0,
        "Research And Development": 10588000000.0,
        "Selling General And Administration": 10262000000.0,
        "Selling And Marketing Expense": 6781000000.0,
        "General And Administrative Expense": 3481000000.0,
        "Other Gand A": 3481000000.0,
        "Gross Profit": 42688000000.0,
        "Cost Of Revenue": 31916000000.0,
        "Total Revenue": 74604000000.0,
        "Operating Revenue": 74604000000.0
    },
    "2023-03-31": {
        "Tax Effect Of Unusual Items": -21798000.0,
        "Tax Rate For Calcs": 0.173,
        "Normalized EBITDA": 21046000000.0,
        "Total Unusual Items": -126000000.0,
        "Total Unusual Items Excluding Goodwill": -126000000.0,
        "Net Income From Continuing Operation Net Minority Interest": 15051000000.0,
        "Reconciled Depreciation": 2635000000.0,
        "Reconciled Cost Of Revenue": 30612000000.0,
        "EBITDA": 20920000000.0,
        "EBIT": 18285000000.0,
        "Net Interest Income": 717000000.0,
        "Interest Expense": 80000000.0,
        "Interest Income": 797000000.0,
        "Normalized Income": 15155202000.0,
        "Net Income From Continuing And Discontinued Operation": 15051000000.0,
        "Total Expenses": 52372000000.0,
        "Total Operating Income As Reported": 17415000000.0,
        "Diluted Average Shares": 13706000000.0,
        "Basic Average Shares": 12781000000.0,
        "Diluted EPS": 1.17,
        "Basic EPS": 1.18,
        "Diluted NI Availto Com Stockholders": 16087000000.0,
        "Average Dilution Earnings": 1036000000.0,
        "Net Income Common Stockholders": 15051000000.0,
        "Net Income": 15051000000.0,
        "Net Income Including Noncontrolling Interests": 15051000000.0,
        "Net Income Continuous Operations": 15051000000.0,
        "Tax Provision": 3154000000.0,
        "Pretax Income": 18205000000.0,
        "Other Income Expense": 73000000.0,
        "Other Non Operating Income Expenses": 250000000.0,
        "Earnings From Equity Interest": -51000000.0,
        "Gain On Sale Of Security": -126000000.0,
        "Net Non Operating Interest Income Expense": 717000000.0,
        "Interest Expense Non Operating": 80000000.0,
        "Interest Income Non Operating": 797000000.0,
        "Operating Income": 17415000000.0,
        "Operating Expense": 21760000000.0,
        "Research And Development": 11468000000.0,
        "Selling General And Administration": 10292000000.0,
        "Selling And Marketing Expense": 6533000000.0,
        "General And Administrative Expense": 3759000000.0,
        "Other Gand A": 3759000000.0,
        "Gross Profit": 39175000000.0,
        "Cost Of Revenue": 30612000000.0,
        "Total Revenue": 69787000000.0,
        "Operating Revenue": 69787000000.0
    },
    "2022-12-31": {
        "Tax Effect Of Unusual Items": -379687642.153146,
        "Tax Rate For Calcs": 0.205459,
        "Normalized EBITDA": 23286000000.0,
        "Total Unusual Items": -1848000000.0,
        "Total Unusual Items Excluding Goodwill": -1848000000.0,
        "Net Income From Continuing Operation Net Minority Interest": 13624000000.0,
        "Reconciled Depreciation": 4201000000.0,
        "Reconciled Cost Of Revenue": 35342000000.0,
        "EBITDA": 21438000000.0,
        "EBIT": 17237000000.0,
        "Net Interest Income": 569000000.0,
        "Interest Expense": 90000000.0,
        "Interest Income": 659000000.0,
        "Normalized Income": 15092312357.846853,
        "Net Income From Continuing And Discontinued Operation": 13624000000.0,
        "Total Expenses": 57888000000.0,
        "Total Operating Income As Reported": 18160000000.0,
        "Diluted Average Shares": 12947000000.0,
        "Basic Average Shares": 12897000000.0,
        "Diluted EPS": 1.05,
        "Basic EPS": 1.06,
        "Diluted NI Availto Com Stockholders": 13624000000.0,
        "Net Income Common Stockholders": 13624000000.0,
        "Net Income": 13624000000.0,
        "Net Income Including Noncontrolling Interests": 13624000000.0,
        "Net Income Continuous Operations": 13624000000.0,
        "Tax Provision": 3523000000.0,
        "Pretax Income": 17147000000.0,
        "Other Income Expense": -1582000000.0,
        "Other Non Operating Income Expenses": 297000000.0,
        "Earnings From Equity Interest": -31000000.0,
        "Gain On Sale Of Security": -1848000000.0,
        "Net Non Operating Interest Income Expense": 569000000.0,
        "Interest Expense Non Operating": 90000000.0,
        "Interest Income Non Operating": 659000000.0,
        "Operating Income": 18160000000.0,
        "Operating Expense": 22546000000.0,
        "Research And Development": 10267000000.0,
        "Selling General And Administration": 12279000000.0,
        "Selling And Marketing Expense": 7183000000.0,
        "General And Administrative Expense": 5096000000.0,
        "Other Gand A": 5096000000.0,
        "Gross Profit": 40706000000.0,
        "Cost Of Revenue": 35342000000.0,
        "Total Revenue": 76048000000.0,
        "Operating Revenue": 76048000000.0
    },
    "2022-09-30": {
        "Tax Effect Of Unusual Items": -216658781.494487,
        "Tax Rate For Calcs": 0.143104,
        "Normalized EBITDA": 21894000000.0,
        "Total Unusual Items": -1514000000.0,
        "Total Unusual Items Excluding Goodwill": -1514000000.0,
        "Net Income From Continuing Operation Net Minority Interest": 13910000000.0,
        "Reconciled Depreciation": 4046000000.0,
        "Reconciled Cost Of Revenue": 31158000000.0,
        "EBITDA": 20380000000.0,
        "EBIT": 16334000000.0,
        "Net Interest Income": 514000000.0,
        "Interest Expense": 101000000.0,
        "Interest Income": 615000000.0,
        "Normalized Income": 15207341218.505512,
        "Net Income From Continuing And Discontinued Operation": 13910000000.0,
        "Total Expenses": 51957000000.0,
        "Total Operating Income As Reported": 17135000000.0,
        "Diluted Average Shares": 13122641509.0,
        "Basic Average Shares": 13000000000.0,
        "Diluted EPS": 1.06,
        "Basic EPS": 1.07,
        "Diluted NI Availto Com Stockholders": 13910000000.0,
        "Net Income Common Stockholders": 13910000000.0,
        "Net Income": 13910000000.0,
        "Net Income Including Noncontrolling Interests": 13910000000.0,
        "Net Income Continuous Operations": 13910000000.0,
        "Tax Provision": 2323000000.0,
        "Pretax Income": 16233000000.0,
        "Other Income Expense": -1416000000.0,
        "Other Non Operating Income Expenses": 197000000.0,
        "Earnings From Equity Interest": -99000000.0,
        "Gain On Sale Of Security": -1514000000.0,
        "Net Non Operating Interest Income Expense": 514000000.0,
        "Interest Expense Non Operating": 101000000.0,
        "Interest Income Non Operating": 615000000.0,
        "Operating Income": 17135000000.0,
        "Operating Expense": 20799000000.0,
        "Research And Development": 10273000000.0,
        "Selling General And Administration": 10526000000.0,
        "Selling And Marketing Expense": 6929000000.0,
        "General And Administrative Expense": 3597000000.0,
        "Other Gand A": 3597000000.0,
        "Gross Profit": 37934000000.0,
        "Cost Of Revenue": 31158000000.0,
        "Total Revenue": 69092000000.0,
        "Operating Revenue": 69092000000.0
    },
    "2022-06-30": {
        "Tax Effect Of Unusual Items": -206090880.403913,
        "Tax Rate For Calcs": 0.15841,
        "Normalized EBITDA": 24297000000.0,
        "Total Unusual Items": -1301000000.0,
        "Total Unusual Items Excluding Goodwill": -1301000000.0,
        "Net Income From Continuing Operation Net Minority Interest": 16002000000.0,
        "Reconciled Depreciation": 3899000000.0,
        "Reconciled Cost Of Revenue": 30104000000.0,
        "EBITDA": 22996000000.0,
        "EBIT": 19097000000.0,
        "Net Interest Income": 403000000.0,
        "Interest Expense": 83000000.0,
        "Interest Income": 486000000.0,
        "Normalized Income": 17096909119.596087,
        "Net Income From Continuing And Discontinued Operation": 16002000000.0,
        "Total Expenses": 50232000000.0,
        "Total Operating Income As Reported": 19453000000.0,
        "Diluted Average Shares": 14184000000.0,
        "Basic Average Shares": 13168000000.0,
        "Diluted EPS": 1.21,
        "Basic EPS": 1.22,
        "Diluted NI Availto Com Stockholders": 16002000000.0,
        "Average Dilution Earnings": 1072000000.0,
        "Net Income Common Stockholders": 16002000000.0,
        "Otherunder Preferred Stock Dividend": 0.0,
        "Net Income": 16002000000.0,
        "Net Income Including Noncontrolling Interests": 16002000000.0,
        "Net Income Continuous Operations": 16002000000.0,
        "Tax Provision": 3012000000.0,
        "Pretax Income": 19014000000.0,
        "Other Income Expense": -842000000.0,
        "Other Non Operating Income Expenses": 577000000.0,
        "Earnings From Equity Interest": -118000000.0,
        "Gain On Sale Of Security": -1301000000.0,
        "Net Non Operating Interest Income Expense": 403000000.0,
        "Interest Expense Non Operating": 83000000.0,
        "Interest Income Non Operating": 486000000.0,
        "Operating Income": 19453000000.0,
        "Operating Expense": 20128000000.0,
        "Research And Development": 9841000000.0,
        "Selling General And Administration": 10287000000.0,
        "Selling And Marketing Expense": 6630000000.0,
        "General And Administrative Expense": 3657000000.0,
        "Other Gand A": 3657000000.0,
        "Gross Profit": 39581000000.0,
        "Cost Of Revenue": 30104000000.0,
        "Total Revenue": 69685000000.0,
        "Operating Revenue": 69685000000.0
    },
    "2022-03-31": {
        "Diluted EPS": 1.23,
        "Total Revenue": NaN,
        "Gross Profit": NaN,
        "Operating Income": NaN,
        "EBIT": NaN,
        "Net Income": NaN
    },
    "2021-12-31": {
        "Diluted EPS": 1.54,
        "Total Revenue": NaN,
        "Gross Profit": NaN,
        "Operating Income": NaN,
        "EBIT": NaN,
        "Net Income": NaN
    },
    "2021-09-30": {
        "Diluted EPS": 1.4,
        "Total Revenue": NaN,
        "Gross Profit": NaN,
        "Operating Income": NaN,
        "EBIT": NaN,
        "Net Income": NaN
    },
    "2021-06-30": {
        "Diluted EPS": 1.36,
        "Total Revenue": NaN,
        "Gross Profit": NaN,
        "Operating Income": NaN,
        "EBIT": NaN,
        "Net Income": NaN
    },
    "2021-03-31": {
        "Diluted EPS": 1.32,
        "Total Revenue": NaN,
        "Gross Profit": NaN,
        "Operating Income": NaN,
        "EBIT": NaN,
        "Net Income": NaN
    },
    "2020-12-31": {
        "Diluted EPS": 1.11,
        "Total Revenue": NaN,
        "Gross Profit": NaN,
        "Operating Income": NaN,
        "EBIT": NaN,
        "Net Income": NaN
    },
    "2020-09-30": {
        "Diluted EPS": 0.82,
        "Total Revenue": NaN,
        "Gross Profit": NaN,
        "Operating Income": NaN,
        "EBIT": NaN,
        "Net Income": NaN
    },
    "2020-06-30": {
        "Diluted EPS": 0.51,
        "Total Revenue": NaN,
        "Gross Profit": NaN,
        "Operating Income": NaN,
        "EBIT": NaN,
        "Net Income": NaN
    },
    "2020-03-31": {
        "Diluted EPS": 0.49,
        "Total Revenue": NaN,
        "Gross Profit": NaN,
        "Operating Income": NaN,
        "EBIT": NaN,
        "Net Income": NaN
    },
    "2019-12-31": {
        "Diluted EPS": 0.77,
        "Total Revenue": NaN,
        "Gross Profit": NaN,
        "Operating Income": NaN,
        "EBIT": NaN,
        "Net Income": NaN
    },
    "2019-09-30": {
        "Diluted EPS": 0.51,
        "Total Revenue": NaN,
        "Gross Profit": NaN,
        "Operating Income": NaN,
        "EBIT": NaN,
        "Net Income": NaN
    },
    "2019-06-30": {
        "Diluted EPS": 0.71,
        "Total Revenue": NaN,
        "Gross Profit": NaN,
        "Operating Income": NaN,
        "EBIT": NaN,
        "Net Income": NaN
    },
    "2019-03-31": {
        "Diluted EPS": 0.48,
        "Total Revenue": NaN,
        "Gross Profit": NaN,
        "Operating Income": NaN,
        "EBIT": NaN,
        "Net Income": NaN
    },
    "2018-12-31": {
        "Diluted EPS": 0.64,
        "Total Revenue": NaN,
        "Gross Profit": NaN,
        "Operating Income": NaN,
        "EBIT": NaN,
        "Net Income": NaN
    },
    "2018-09-30": {
        "Diluted EPS": 0.65,
        "Total Revenue": NaN,
        "Gross Profit": NaN,
        "Operating Income": NaN,
        "EBIT": NaN,
        "Net Income": NaN
    },
    "2018-06-30": {
        "Diluted EPS": 0.23,
        "Total Revenue": NaN,
        "Gross Profit": NaN,
        "Operating Income": NaN,
        "EBIT": NaN,
        "Net Income": NaN
    },
    "2018-03-31": {
        "Diluted EPS": 0.67,
        "Total Revenue": NaN,
        "Gross Profit": NaN,
        "Operating Income": NaN,
        "EBIT": NaN,
        "Net Income": NaN
    },
    "2017-12-31": {
        "Diluted EPS": -0.22,
        "Total Revenue": NaN,
        "Gross Profit": NaN,
        "Operating Income": NaN,
        "EBIT": NaN,
        "Net Income": NaN
    },
    "2017-09-30": {
        "Diluted EPS": 0.48,
        "Total Revenue": NaN,
        "Gross Profit": NaN,
        "Operating Income": NaN,
        "EBIT": NaN,
        "Net Income": NaN
    },
    "2017-06-30": {
        "Diluted EPS": 0.25,
        "Total Revenue": NaN,
        "Gross Profit": NaN,
        "Operating Income": NaN,
        "EBIT": NaN,
        "Net Income": NaN
    },
    "2017-03-31": {
        "Diluted EPS": 0.39,
        "Total Revenue": NaN,
        "Gross Profit": NaN,
        "Operating Income": NaN,
        "EBIT": NaN,
        "Net Income": NaN
    },
    "2016-12-31": {
        "Diluted EPS": 0.38,
        "Total Revenue": NaN,
        "Gross Profit": NaN,
        "Operating Income": NaN,
        "EBIT": NaN,
        "Net Income": NaN
    },
    "2016-09-30": {
        "Diluted EPS": 0.36,
        "Total Revenue": NaN,
        "Gross Profit": NaN,
        "Operating Income": NaN,
        "EBIT": NaN,
        "Net Income": NaN
    },
    "2016-06-30": {
        "Diluted EPS": 0.35,
        "Total Revenue": NaN,
        "Gross Profit": NaN,
        "Operating Income": NaN,
        "EBIT": NaN,
        "Net Income": NaN
    },
    "2016-03-31": {
        "Diluted EPS": 0.3,
        "Total Revenue": NaN,
        "Gross Profit": NaN,
        "Operating Income": NaN,
        "EBIT": NaN,
        "Net Income": NaN
    },
    "2015-12-31": {
        "Diluted EPS": 0.37,
        "Total Revenue": NaN,
        "Gross Profit": NaN,
        "Operating Income": NaN,
        "EBIT": NaN,
        "Net Income": NaN
    },
    "2015-09-30": {
        "Diluted EPS": 0.27,
        "Total Revenue": NaN,
        "Gross Profit": NaN,
        "Operating Income": NaN,
        "EBIT": NaN,
        "Net Income": NaN
    },
    "2015-06-30": {
        "Diluted EPS": 0.25,
        "Total Revenue": NaN,
        "Gross Profit": NaN,
        "Operating Income": NaN,
        "EBIT": NaN,
        "Net Income": NaN
    },
    "2015-03-31": {
        "Diluted EPS": 0.26,
        "Total Revenue": NaN,
        "Gross Profit": NaN,
        "Operating Income": NaN,
        "EBIT": NaN,
        "Net Income": NaN
    },
    "2014-12-31": {
        "Diluted EPS": 0.33,
        "Total Revenue": NaN,
        "Gross Profit": NaN,
        "Operating Income": NaN,
        "EBIT": NaN,
        "Net Income": NaN
    },
    "2014-09-30": {
        "Diluted EPS": 0.2,
        "Total Revenue": NaN,
        "Gross Profit": NaN,
        "Operating Income": NaN,
        "EBIT": NaN,
        "Net Income": NaN
    },
    "2014-06-30": {
        "Diluted EPS": 0.24,
        "Total Revenue": NaN,
        "Gross Profit": NaN,
        "Operating Income": NaN,
        "EBIT": NaN,
        "Net Income": NaN
    },
    "2014-03-31": {
        "Diluted EPS": 0.25,
        "Total Revenue": NaN,
        "Gross Profit": NaN,
        "Operating Income": NaN,
        "EBIT": NaN,
        "Net Income": NaN
    },
    "2013-12-31": {
        "Diluted EPS": 0.23,
        "Total Revenue": NaN,
        "Gross Profit": NaN,
        "Operating Income": NaN,
        "EBIT": NaN,
        "Net Income": NaN
    },
    "2013-09-30": {
        "Diluted EPS": 0.22,
        "Total Revenue": NaN,
        "Gross Profit": NaN,
        "Operating Income": NaN,
        "EBIT": NaN,
        "Net Income": NaN
    },
    "2013-06-30": {
        "Diluted EPS": 0.24,
        "Total Revenue": NaN,
        "Gross Profit": NaN,
        "Operating Income": NaN,
        "EBIT": NaN,
        "Net Income": NaN
    },
    "2013-03-31": {
        "Diluted EPS": 0.25,
        "Total Revenue": NaN,
        "Gross Profit": NaN,
        "Operating Income": NaN,
        "EBIT": NaN,
        "Net Income": NaN
    },
    "2012-12-31": {
        "Diluted EPS": 0.22,
        "Total Revenue": NaN,
        "Gross Profit": NaN,
        "Operating Income": NaN,
        "EBIT": NaN,
        "Net Income": NaN
    },
    "2012-09-30": {
        "Diluted EPS": 0.16,
        "Total Revenue": NaN,
        "Gross Profit": NaN,
        "Operating Income": NaN,
        "EBIT": NaN,
        "Net Income": NaN
    },
    "2012-06-30": {
        "Diluted EPS": 0.21,
        "Total Revenue": NaN,
        "Gross Profit": NaN,
        "Operating Income": NaN,
        "EBIT": NaN,
        "Net Income": NaN
    },
    "2012-03-31": {
        "Diluted EPS": 0.22,
        "Total Revenue": NaN,
        "Gross Profit": NaN,
        "Operating Income": NaN,
        "EBIT": NaN,
        "Net Income": NaN
    },
    "2011-12-31": {
        "Diluted EPS": 0.21,
        "Total Revenue": NaN,
        "Gross Profit": NaN,
        "Operating Income": NaN,
        "EBIT": NaN,
        "Net Income": NaN
    },
    "2011-09-30": {
        "Diluted EPS": 0.21,
        "Total Revenue": NaN,
        "Gross Profit": NaN,
        "Operating Income": NaN,
        "EBIT": NaN,
        "Net Income": NaN
    },
    "2011-06-30": {
        "Diluted EPS": 0.19,
        "Total Revenue": NaN,
        "Gross Profit": NaN,
        "Operating Income": NaN,
        "EBIT": NaN,
        "Net Income": NaN
    },
    "2011-03-31": {
        "Diluted EPS": 0.14,
        "Total Revenue": NaN,
        "Gross Profit": NaN,
        "Operating Income": NaN,
        "EBIT": NaN,
        "Net Income": NaN
    },
    "2010-12-31": {
        "Diluted EPS": 0.2,
        "Total Revenue": NaN,
        "Gross Profit": NaN,
        "Operating Income": NaN,
        "EBIT": NaN,
        "Net Income": NaN
    },
    "2010-09-30": {
        "Diluted EPS": 0.17,
        "Total Revenue": NaN,
        "Gross Profit": NaN,
        "Operating Income": NaN,
        "EBIT": NaN,
        "Net Income": NaN
    },
    "2010-06-30": {
        "Diluted EPS": 0.14,
        "Total Revenue": NaN,
        "Gross Profit": NaN,
        "Operating Income": NaN,
        "EBIT": NaN,
        "Net Income": NaN
    },
    "2010-03-31": {
        "Diluted EPS": 0.15,
        "Total Revenue": NaN,
        "Gross Profit": NaN,
        "Operating Income": NaN,
        "EBIT": NaN,
        "Net Income": NaN
    },
    "2009-12-31": {
        "Diluted EPS": 0.15,
        "Total Revenue": NaN,
        "Gross Profit": NaN,
        "Operating Income": NaN,
        "EBIT": NaN,
        "Net Income": NaN
    },
    "2009-09-30": {
        "Diluted EPS": 0.13,
        "Total Revenue": NaN,
        "Gross Profit": NaN,
        "Operating Income": NaN,
        "EBIT": NaN,
        "Net Income": NaN
    },
    "2009-06-30": {
        "Diluted EPS": 0.12,
        "Total Revenue": NaN,
        "Gross Profit": NaN,
        "Operating Income": NaN,
        "EBIT": NaN,
        "Net Income": NaN
    },
    "2009-03-31": {
        "Diluted EPS": 0.11,
        "Total Revenue": NaN,
        "Gross Profit": NaN,
        "Operating Income": NaN,
        "EBIT": NaN,
        "Net Income": NaN
    },
    "2023-09-30": {
        "Tax Effect Of Unusual Items": -83780000.0,
        "Tax Rate For Calcs": 0.071,
        "Normalized EBITDA": 26293000000.0,
        "Total Unusual Items": -1180000000.0,
        "Total Unusual Items Excluding Goodwill": -1180000000.0,
        "Net Income From Continuing Operation Net Minority Interest": 19689000000.0,
        "Reconciled Depreciation": 3800000000.0,
        "Reconciled Cost Of Revenue": 33229000000.0,
        "EBITDA": 25113000000.0,
        "EBIT": 21313000000.0,
        "Net Interest Income": 950000000.0,
        "Interest Expense": 116000000.0,
        "Interest Income": 1066000000.0,
        "Normalized Income": 20785220000.0,
        "Net Income From Continuing And Discontinued Operation": 19689000000.0,
        "Total Expenses": 55350000000.0,
        "Total Operating Income As Reported": 21343000000.0,
        "Diluted Average Shares": 12702580645.0,
        "Basic Average Shares": 12621153846.0,
        "Diluted EPS": 1.55,
        "Basic EPS": 1.56,
        "Diluted NI Availto Com Stockholders": 19689000000.0,
        "Average Dilution Earnings": NaN,
        "Net Income Common Stockholders": 19689000000.0,
        "Net Income": 19689000000.0,
        "Net Income Including Noncontrolling Interests": 19689000000.0,
        "Net Income Continuous Operations": 19689000000.0,
        "Tax Provision": 1508000000.0,
        "Pretax Income": 21197000000.0,
        "Other Income Expense": -1096000000.0,
        "Other Non Operating Income Expenses": 299000000.0,
        "Earnings From Equity Interest": -215000000.0,
        "Gain On Sale Of Security": -1180000000.0,
        "Net Non Operating Interest Income Expense": 950000000.0,
        "Interest Expense Non Operating": 116000000.0,
        "Interest Income Non Operating": 1066000000.0,
        "Operating Income": 21343000000.0,
        "Operating Expense": 22121000000.0,
        "Research And Development": 11258000000.0,
        "Selling General And Administration": 10863000000.0,
        "Selling And Marketing Expense": 6884000000.0,
        "General And Administrative Expense": 3979000000.0,
        "Other Gand A": 3979000000.0,
        "Gross Profit": 43464000000.0,
        "Cost Of Revenue": 33229000000.0,
        "Total Revenue": 76693000000.0,
        "Operating Revenue": 76693000000.0
    },
    "2023-12-31": {
        "Tax Effect Of Unusual Items": 3356955.595609,
        "Tax Rate For Calcs": 0.152589,
        "Normalized EBITDA": 26022000000.0,
        "Total Unusual Items": 22000000.0,
        "Total Unusual Items Excluding Goodwill": 22000000.0,
        "Net Income From Continuing Operation Net Minority Interest": 20687000000.0,
        "Reconciled Depreciation": 1563000000.0,
        "Reconciled Cost Of Revenue": 37575000000.0,
        "EBITDA": 26044000000.0,
        "EBIT": 24481000000.0,
        "Net Interest Income": 1041000000.0,
        "Interest Expense": 69000000.0,
        "Interest Income": 1110000000.0,
        "Normalized Income": 20668356955.595608,
        "Net Income From Continuing And Discontinued Operation": 20687000000.0,
        "Total Expenses": 62613000000.0,
        "Total Operating Income As Reported": 23697000000.0,
        "Diluted Average Shares": 12602000000.0,
        "Basic Average Shares": 12488000000.0,
        "Diluted EPS": 1.64,
        "Basic EPS": 1.66,
        "Diluted NI Availto Com Stockholders": 20687000000.0,
        "Average Dilution Earnings": NaN,
        "Net Income Common Stockholders": 20687000000.0,
        "Net Income": 20687000000.0,
        "Net Income Including Noncontrolling Interests": 20687000000.0,
        "Net Income Continuous Operations": 20687000000.0,
        "Tax Provision": 3725000000.0,
        "Pretax Income": 24412000000.0,
        "Other Income Expense": -326000000.0,
        "Other Non Operating Income Expenses": -92000000.0,
        "Earnings From Equity Interest": -256000000.0,
        "Gain On Sale Of Security": 22000000.0,
        "Net Non Operating Interest Income Expense": 1041000000.0,
        "Interest Expense Non Operating": 69000000.0,
        "Interest Income Non Operating": 1110000000.0,
        "Operating Income": 23697000000.0,
        "Operating Expense": 25038000000.0,
        "Research And Development": 12113000000.0,
        "Selling General And Administration": 12925000000.0,
        "Selling And Marketing Expense": 7719000000.0,
        "General And Administrative Expense": 5206000000.0,
        "Other Gand A": 5206000000.0,
        "Gross Profit": 48735000000.0,
        "Cost Of Revenue": 37575000000.0,
        "Total Revenue": 86310000000.0,
        "Operating Revenue": 86310000000.0
    },
    "2024-03-31": {
        "Tax Effect Of Unusual Items": 253052000.0,
        "Tax Rate For Calcs": 0.164,
        "Normalized EBITDA": 30279000000.0,
        "Total Unusual Items": 1543000000.0,
        "Total Unusual Items Excluding Goodwill": 1543000000.0,
        "Net Income From Continuing Operation Net Minority Interest": 23662000000.0,
        "Reconciled Depreciation": 3413000000.0,
        "Reconciled Cost Of Revenue": 33712000000.0,
        "EBITDA": 31822000000.0,
        "EBIT": 28409000000.0,
        "Net Interest Income": 967000000.0,
        "Interest Expense": 94000000.0,
        "Interest Income": 1061000000.0,
        "Normalized Income": 22372052000.0,
        "Net Income From Continuing And Discontinued Operation": 23662000000.0,
        "Total Expenses": 55067000000.0,
        "Total Operating Income As Reported": 25472000000.0,
        "Diluted Average Shares": 12527000000.0,
        "Basic Average Shares": 12415000000.0,
        "Diluted EPS": 1.89,
        "Basic EPS": 1.91,
        "Diluted NI Availto Com Stockholders": 25303000000.0,
        "Average Dilution Earnings": 1641000000.0,
        "Net Income Common Stockholders": 23662000000.0,
        "Net Income": 23662000000.0,
        "Net Income Including Noncontrolling Interests": 23662000000.0,
        "Net Income Continuous Operations": 23662000000.0,
        "Tax Provision": 4653000000.0,
        "Pretax Income": 28315000000.0,
        "Other Income Expense": 1876000000.0,
        "Other Non Operating Income Expenses": 359000000.0,
        "Earnings From Equity Interest": -26000000.0,
        "Gain On Sale Of Security": 1543000000.0,
        "Net Non Operating Interest Income Expense": 967000000.0,
        "Interest Expense Non Operating": 94000000.0,
        "Interest Income Non Operating": 1061000000.0,
        "Operating Income": 25472000000.0,
        "Operating Expense": 21355000000.0,
        "Research And Development": 11903000000.0,
        "Selling General And Administration": 9452000000.0,
        "Selling And Marketing Expense": 6426000000.0,
        "General And Administrative Expense": 3026000000.0,
        "Other Gand A": 3026000000.0,
        "Gross Profit": 46827000000.0,
        "Cost Of Revenue": 33712000000.0,
        "Total Revenue": 80539000000.0,
        "Operating Revenue": 80539000000.0
    }
}