{
    "2023-03-31": {
        "Tax Effect Of Unusual Items": NaN,
        "Tax Rate For Calcs": NaN,
        "Normalized EBITDA": NaN,
        "Total Unusual Items": NaN,
        "Total Unusual Items Excluding Goodwill": NaN,
        "Net Income From Continuing Operation Net Minority Interest": NaN,
        "Reconciled Depreciation": NaN,
        "Reconciled Cost Of Revenue": NaN,
        "EBITDA": NaN,
        "EBIT": NaN,
        "Net Interest Income": NaN,
        "Interest Expense": NaN,
        "Normalized Income": NaN,
        "Net Income From Continuing And Discontinued Operation": NaN,
        "Total Expenses": NaN,
        "Rent Expense Supplemental": 227118.0,
        "Total Operating Income As Reported": NaN,
        "Diluted Average Shares": NaN,
        "Basic Average Shares": NaN,
        "Diluted EPS": NaN,
        "Basic EPS": NaN,
        "Diluted NI Availto Com Stockholders": NaN,
        "Net Income Common Stockholders": NaN,
        "Net Income": NaN,
        "Net Income Including Noncontrolling Interests": NaN,
        "Net Income Continuous Operations": NaN,
        "Pretax Income": NaN,
        "Other Income Expense": NaN,
        "Other Non Operating Income Expenses": 0.0,
        "Special Income Charges": NaN,
        "Write Off": NaN,
        "Gain On Sale Of Security": NaN,
        "Net Non Operating Interest Income Expense": NaN,
        "Interest Expense Non Operating": NaN,
        "Operating Income": NaN,
        "Operating Expense": NaN,
        "Other Operating Expenses": -169460.0,
        "Provision For Doubtful Accounts": NaN,
        "Depreciation Amortization Depletion Income Statement": NaN,
        "Depreciation And Amortization In Income Statement": NaN,
        "Depreciation Income Statement": NaN,
        "Research And Development": NaN,
        "Selling General And Administration": NaN,
        "Selling And Marketing Expense": NaN,
        "General And Administrative Expense": NaN,
        "Other Gand A": NaN,
        "Insurance And Claims": NaN,
        "Rent And Landing Fees": 227118.0,
        "Salaries And Wages": NaN,
        "Gross Profit": NaN,
        "Cost Of Revenue": NaN,
        "Total Revenue": NaN,
        "Operating Revenue": NaN
    },
    "2022-12-31": {
        "Tax Effect Of Unusual Items": NaN,
        "Tax Rate For Calcs": NaN,
        "Normalized EBITDA": NaN,
        "Total Unusual Items": NaN,
        "Total Unusual Items Excluding Goodwill": NaN,
        "Net Income From Continuing Operation Net Minority Interest": NaN,
        "Reconciled Depreciation": NaN,
        "Reconciled Cost Of Revenue": NaN,
        "EBITDA": NaN,
        "EBIT": NaN,
        "Net Interest Income": NaN,
        "Interest Expense": NaN,
        "Normalized Income": NaN,
        "Net Income From Continuing And Discontinued Operation": NaN,
        "Total Expenses": NaN,
        "Rent Expense Supplemental": 204104.0,
        "Total Operating Income As Reported": NaN,
        "Diluted Average Shares": 23401591.0,
        "Basic Average Shares": 23401591.0,
        "Diluted EPS": -0.14,
        "Basic EPS": -0.14,
        "Diluted NI Availto Com Stockholders": NaN,
        "Net Income Common Stockholders": NaN,
        "Net Income": NaN,
        "Net Income Including Noncontrolling Interests": NaN,
        "Net Income Continuous Operations": NaN,
        "Pretax Income": NaN,
        "Other Income Expense": NaN,
        "Other Non Operating Income Expenses": 72867.0,
        "Special Income Charges": 0.0,
        "Write Off": 0.0,
        "Gain On Sale Of Security": NaN,
        "Net Non Operating Interest Income Expense": NaN,
        "Interest Expense Non Operating": NaN,
        "Operating Income": NaN,
        "Operating Expense": NaN,
        "Other Operating Expenses": 425759.0,
        "Provision For Doubtful Accounts": NaN,
        "Depreciation Amortization Depletion Income Statement": NaN,
        "Depreciation And Amortization In Income Statement": NaN,
        "Depreciation Income Statement": NaN,
        "Research And Development": NaN,
        "Selling General And Administration": NaN,
        "Selling And Marketing Expense": NaN,
        "General And Administrative Expense": NaN,
        "Other Gand A": NaN,
        "Insurance And Claims": NaN,
        "Rent And Landing Fees": 204104.0,
        "Salaries And Wages": NaN,
        "Gross Profit": NaN,
        "Cost Of Revenue": NaN,
        "Total Revenue": NaN,
        "Operating Revenue": NaN
    },
    "2022-09-30": {
        "Tax Effect Of Unusual Items": NaN,
        "Tax Rate For Calcs": NaN,
        "Normalized EBITDA": NaN,
        "Total Unusual Items": NaN,
        "Total Unusual Items Excluding Goodwill": NaN,
        "Net Income From Continuing Operation Net Minority Interest": NaN,
        "Reconciled Depreciation": NaN,
        "Reconciled Cost Of Revenue": NaN,
        "EBITDA": NaN,
        "EBIT": NaN,
        "Net Interest Income": NaN,
        "Interest Expense": NaN,
        "Normalized Income": NaN,
        "Net Income From Continuing And Discontinued Operation": NaN,
        "Total Expenses": NaN,
        "Rent Expense Supplemental": NaN,
        "Total Operating Income As Reported": -3093394.0,
        "Diluted Average Shares": 23151360.0,
        "Basic Average Shares": 23151360.0,
        "Diluted EPS": -0.15,
        "Basic EPS": -0.15,
        "Diluted NI Availto Com Stockholders": NaN,
        "Net Income Common Stockholders": NaN,
        "Net Income": NaN,
        "Net Income Including Noncontrolling Interests": NaN,
        "Net Income Continuous Operations": NaN,
        "Pretax Income": NaN,
        "Other Income Expense": NaN,
        "Other Non Operating Income Expenses": NaN,
        "Special Income Charges": NaN,
        "Write Off": NaN,
        "Gain On Sale Of Security": -1108.0,
        "Net Non Operating Interest Income Expense": NaN,
        "Interest Expense Non Operating": NaN,
        "Operating Income": NaN,
        "Operating Expense": NaN,
        "Other Operating Expenses": NaN,
        "Provision For Doubtful Accounts": NaN,
        "Depreciation Amortization Depletion Income Statement": NaN,
        "Depreciation And Amortization In Income Statement": NaN,
        "Depreciation Income Statement": NaN,
        "Research And Development": NaN,
        "Selling General And Administration": NaN,
        "Selling And Marketing Expense": NaN,
        "General And Administrative Expense": NaN,
        "Other Gand A": NaN,
        "Insurance And Claims": NaN,
        "Rent And Landing Fees": NaN,
        "Salaries And Wages": NaN,
        "Gross Profit": NaN,
        "Cost Of Revenue": NaN,
        "Total Revenue": NaN,
        "Operating Revenue": NaN
    },
    "2022-06-30": {
        "Tax Effect Of Unusual Items": 0.0,
        "Tax Rate For Calcs": 0.0,
        "Normalized EBITDA": -4029713.0,
        "Total Unusual Items": 1072.0,
        "Total Unusual Items Excluding Goodwill": 1072.0,
        "Net Income From Continuing Operation Net Minority Interest": -4346185.0,
        "Reconciled Depreciation": 195608.0,
        "Reconciled Cost Of Revenue": 2743431.0,
        "EBITDA": -4028641.0,
        "EBIT": -4224249.0,
        "Net Interest Income": -121936.0,
        "Interest Expense": 121936.0,
        "Normalized Income": -4347257.0,
        "Net Income From Continuing And Discontinued Operation": -4346185.0,
        "Total Expenses": 8076426.0,
        "Rent Expense Supplemental": 162605.0,
        "Total Operating Income As Reported": NaN,
        "Diluted Average Shares": 23150353.0,
        "Basic Average Shares": 23150353.0,
        "Diluted EPS": -0.19,
        "Basic EPS": -0.19,
        "Diluted NI Availto Com Stockholders": -4346185.0,
        "Net Income Common Stockholders": -4346185.0,
        "Net Income": -4346185.0,
        "Net Income Including Noncontrolling Interests": -4346185.0,
        "Net Income Continuous Operations": -4346185.0,
        "Pretax Income": -4346185.0,
        "Other Income Expense": 1072.0,
        "Other Non Operating Income Expenses": NaN,
        "Gain On Sale Of Security": 1072.0,
        "Net Non Operating Interest Income Expense": -121936.0,
        "Interest Expense Non Operating": 121936.0,
        "Operating Income": -4225321.0,
        "Operating Expense": 5332995.0,
        "Other Operating Expenses": 224640.0,
        "Provision For Doubtful Accounts": 28957.0,
        "Depreciation Amortization Depletion Income Statement": 195608.0,
        "Depreciation And Amortization In Income Statement": 195608.0,
        "Depreciation Income Statement": 195608.0,
        "Research And Development": 245118.0,
        "Selling General And Administration": 4863312.0,
        "Selling And Marketing Expense": 366871.0,
        "General And Administrative Expense": 4496441.0,
        "Other Gand A": 2436732.0,
        "Insurance And Claims": 350534.0,
        "Rent And Landing Fees": 162605.0,
        "Salaries And Wages": 1709175.0,
        "Gross Profit": 1107674.0,
        "Cost Of Revenue": 2743431.0,
        "Total Revenue": 3851105.0,
        "Operating Revenue": 3851105.0
    },
    "2023-06-30": {
        "Tax Effect Of Unusual Items": NaN,
        "Tax Rate For Calcs": NaN,
        "Normalized EBITDA": NaN,
        "Total Unusual Items": NaN,
        "Total Unusual Items Excluding Goodwill": NaN,
        "Net Income From Continuing Operation Net Minority Interest": NaN,
        "Reconciled Depreciation": NaN,
        "Reconciled Cost Of Revenue": NaN,
        "EBITDA": NaN,
        "EBIT": NaN,
        "Net Interest Income": NaN,
        "Interest Expense": NaN,
        "Normalized Income": NaN,
        "Net Income From Continuing And Discontinued Operation": NaN,
        "Total Expenses": NaN,
        "Rent Expense Supplemental": 205728.0,
        "Total Operating Income As Reported": NaN,
        "Diluted Average Shares": 24902192.0,
        "Basic Average Shares": 24902192.0,
        "Diluted EPS": -0.11,
        "Basic EPS": -0.11,
        "Diluted NI Availto Com Stockholders": NaN,
        "Net Income Common Stockholders": NaN,
        "Net Income": NaN,
        "Net Income Including Noncontrolling Interests": NaN,
        "Net Income Continuous Operations": NaN,
        "Pretax Income": NaN,
        "Other Income Expense": NaN,
        "Other Non Operating Income Expenses": NaN,
        "Special Income Charges": NaN,
        "Write Off": NaN,
        "Gain On Sale Of Security": NaN,
        "Net Non Operating Interest Income Expense": NaN,
        "Interest Expense Non Operating": NaN,
        "Operating Income": NaN,
        "Operating Expense": NaN,
        "Other Operating Expenses": 419720.0,
        "Provision For Doubtful Accounts": NaN,
        "Depreciation Amortization Depletion Income Statement": NaN,
        "Depreciation And Amortization In Income Statement": NaN,
        "Depreciation Income Statement": NaN,
        "Research And Development": NaN,
        "Selling General And Administration": NaN,
        "Selling And Marketing Expense": NaN,
        "General And Administrative Expense": NaN,
        "Other Gand A": NaN,
        "Insurance And Claims": NaN,
        "Rent And Landing Fees": 205728.0,
        "Salaries And Wages": NaN,
        "Gross Profit": NaN,
        "Cost Of Revenue": NaN,
        "Total Revenue": NaN,
        "Operating Revenue": NaN
    },
    "2023-09-30": {
        "Tax Effect Of Unusual Items": 0.0,
        "Tax Rate For Calcs": 0.0,
        "Normalized EBITDA": -3541822.0,
        "Total Unusual Items": -5083.0,
        "Total Unusual Items Excluding Goodwill": -5083.0,
        "Net Income From Continuing Operation Net Minority Interest": -4257643.0,
        "Reconciled Depreciation": 444703.0,
        "Reconciled Cost Of Revenue": 7210641.0,
        "EBITDA": -3546905.0,
        "EBIT": -3991608.0,
        "Net Interest Income": -266035.0,
        "Interest Expense": 266035.0,
        "Normalized Income": -4252560.0,
        "Net Income From Continuing And Discontinued Operation": -4257643.0,
        "Total Expenses": 12426535.0,
        "Rent Expense Supplemental": 65207.0,
        "Total Operating Income As Reported": -3986525.0,
        "Diluted Average Shares": 24949310.0,
        "Basic Average Shares": 24949310.0,
        "Diluted EPS": -0.17,
        "Basic EPS": -0.17,
        "Diluted NI Availto Com Stockholders": -4257643.0,
        "Net Income Common Stockholders": -4257643.0,
        "Net Income": -4257643.0,
        "Net Income Including Noncontrolling Interests": -4257643.0,
        "Net Income Continuous Operations": -4257643.0,
        "Pretax Income": -4257643.0,
        "Other Income Expense": -5083.0,
        "Other Non Operating Income Expenses": NaN,
        "Special Income Charges": NaN,
        "Write Off": NaN,
        "Gain On Sale Of Security": -5083.0,
        "Net Non Operating Interest Income Expense": -266035.0,
        "Interest Expense Non Operating": 266035.0,
        "Operating Income": -3986525.0,
        "Operating Expense": 5215894.0,
        "Other Operating Expenses": 423780.0,
        "Provision For Doubtful Accounts": 193004.0,
        "Depreciation Amortization Depletion Income Statement": 444703.0,
        "Depreciation And Amortization In Income Statement": 444703.0,
        "Depreciation Income Statement": 444703.0,
        "Research And Development": 322200.0,
        "Selling General And Administration": 4255987.0,
        "Selling And Marketing Expense": 155257.0,
        "General And Administrative Expense": 4100730.0,
        "Other Gand A": 1058055.0,
        "Insurance And Claims": 399005.0,
        "Rent And Landing Fees": 65207.0,
        "Salaries And Wages": 2643670.0,
        "Gross Profit": 1229369.0,
        "Cost Of Revenue": 7210641.0,
        "Total Revenue": 8440010.0,
        "Operating Revenue": 8440010.0
    },
    "2023-12-31": {
        "Tax Effect Of Unusual Items": 0.0,
        "Tax Rate For Calcs": 0.0,
        "Normalized EBITDA": -3432818.0,
        "Total Unusual Items": -399549.0,
        "Total Unusual Items Excluding Goodwill": -399549.0,
        "Net Income From Continuing Operation Net Minority Interest": -4641720.0,
        "Reconciled Depreciation": 466763.0,
        "Reconciled Cost Of Revenue": 6802965.0,
        "EBITDA": -3832367.0,
        "EBIT": -4299130.0,
        "Net Interest Income": -342590.0,
        "Interest Expense": 342590.0,
        "Normalized Income": -4242171.0,
        "Net Income From Continuing And Discontinued Operation": -4641720.0,
        "Total Expenses": 12057512.0,
        "Rent Expense Supplemental": 143663.0,
        "Total Operating Income As Reported": -4322848.0,
        "Diluted Average Shares": 24962086.0,
        "Basic Average Shares": 24962086.0,
        "Diluted EPS": -0.19,
        "Basic EPS": -0.19,
        "Diluted NI Availto Com Stockholders": -4641720.0,
        "Net Income Common Stockholders": -4641720.0,
        "Net Income": -4641720.0,
        "Net Income Including Noncontrolling Interests": -4641720.0,
        "Net Income Continuous Operations": -4641720.0,
        "Pretax Income": -4641720.0,
        "Other Income Expense": -399549.0,
        "Other Non Operating Income Expenses": NaN,
        "Special Income Charges": -423267.0,
        "Write Off": 423267.0,
        "Gain On Sale Of Security": 23718.0,
        "Net Non Operating Interest Income Expense": -342590.0,
        "Interest Expense Non Operating": 342590.0,
        "Operating Income": -3899581.0,
        "Operating Expense": 5254547.0,
        "Other Operating Expenses": 509335.0,
        "Provision For Doubtful Accounts": 121097.0,
        "Depreciation Amortization Depletion Income Statement": 466763.0,
        "Depreciation And Amortization In Income Statement": 466763.0,
        "Depreciation Income Statement": 466763.0,
        "Research And Development": 442387.0,
        "Selling General And Administration": 4224300.0,
        "Selling And Marketing Expense": 163806.0,
        "General And Administrative Expense": 4060494.0,
        "Other Gand A": 1042984.0,
        "Insurance And Claims": 435017.0,
        "Rent And Landing Fees": 143663.0,
        "Salaries And Wages": 2582493.0,
        "Gross Profit": 1354966.0,
        "Cost Of Revenue": 6802965.0,
        "Total Revenue": 8157931.0,
        "Operating Revenue": 8157931.0
    },
    "2024-03-31": {
        "Tax Effect Of Unusual Items": 0.0,
        "Tax Rate For Calcs": 0.0,
        "Normalized EBITDA": -5578342.0,
        "Total Unusual Items": 119272.0,
        "Total Unusual Items Excluding Goodwill": 119272.0,
        "Net Income From Continuing Operation Net Minority Interest": -6631577.0,
        "Reconciled Depreciation": 500495.0,
        "Reconciled Cost Of Revenue": 5114129.0,
        "EBITDA": -5459070.0,
        "EBIT": -5963295.0,
        "Net Interest Income": -668282.0,
        "Interest Expense": 668282.0,
        "Normalized Income": -6750849.0,
        "Net Income From Continuing And Discontinued Operation": -6631577.0,
        "Total Expenses": 11481745.0,
        "Rent Expense Supplemental": NaN,
        "Total Operating Income As Reported": -5965588.0,
        "Diluted Average Shares": NaN,
        "Basic Average Shares": NaN,
        "Diluted EPS": NaN,
        "Basic EPS": NaN,
        "Diluted NI Availto Com Stockholders": -6631577.0,
        "Net Income Common Stockholders": -6631577.0,
        "Net Income": -6631577.0,
        "Net Income Including Noncontrolling Interests": -6631577.0,
        "Net Income Continuous Operations": -6631577.0,
        "Pretax Income": -6631577.0,
        "Other Income Expense": 425560.0,
        "Other Non Operating Income Expenses": NaN,
        "Special Income Charges": 0.0,
        "Write Off": NaN,
        "Gain On Sale Of Security": 119272.0,
        "Net Non Operating Interest Income Expense": -668282.0,
        "Interest Expense Non Operating": 668282.0,
        "Operating Income": -6388855.0,
        "Operating Expense": 6371346.0,
        "Other Operating Expenses": NaN,
        "Provision For Doubtful Accounts": 1136852.0,
        "Depreciation Amortization Depletion Income Statement": 504225.0,
        "Depreciation And Amortization In Income Statement": 504225.0,
        "Depreciation Income Statement": 504225.0,
        "Research And Development": 233986.0,
        "Selling General And Administration": 4496283.0,
        "Selling And Marketing Expense": 205680.0,
        "General And Administrative Expense": 4290603.0,
        "Other Gand A": 1294192.0,
        "Insurance And Claims": 461954.0,
        "Rent And Landing Fees": NaN,
        "Salaries And Wages": 2534457.0,
        "Gross Profit": -17509.0,
        "Cost Of Revenue": 5110399.0,
        "Total Revenue": 5092890.0,
        "Operating Revenue": 5092890.0
    },
    "2024-06-30": {
        "Tax Effect Of Unusual Items": 0.0,
        "Tax Rate For Calcs": 0.0,
        "Normalized EBITDA": -4447310.0,
        "Total Unusual Items": 39173.0,
        "Total Unusual Items Excluding Goodwill": 39173.0,
        "Net Income From Continuing Operation Net Minority Interest": -5388648.0,
        "Reconciled Depreciation": 457758.0,
        "Reconciled Cost Of Revenue": 2775194.0,
        "EBITDA": -4408137.0,
        "EBIT": -4865895.0,
        "Net Interest Income": -522753.0,
        "Interest Expense": 522753.0,
        "Normalized Income": -5427821.0,
        "Net Income From Continuing And Discontinued Operation": -5388648.0,
        "Total Expenses": 7902126.0,
        "Rent Expense Supplemental": NaN,
        "Total Operating Income As Reported": -4905068.0,
        "Diluted Average Shares": 25848305.0,
        "Basic Average Shares": 25848305.0,
        "Diluted EPS": -0.21,
        "Basic EPS": -0.21,
        "Diluted NI Availto Com Stockholders": -5388648.0,
        "Net Income Common Stockholders": -5388648.0,
        "Net Income": -5388648.0,
        "Net Income Including Noncontrolling Interests": -5388648.0,
        "Net Income Continuous Operations": -5388648.0,
        "Pretax Income": -5388648.0,
        "Other Income Expense": 39173.0,
        "Other Non Operating Income Expenses": NaN,
        "Special Income Charges": NaN,
        "Write Off": NaN,
        "Gain On Sale Of Security": 39173.0,
        "Net Non Operating Interest Income Expense": -522753.0,
        "Interest Expense Non Operating": 522753.0,
        "Operating Income": -4905068.0,
        "Operating Expense": 5126932.0,
        "Other Operating Expenses": NaN,
        "Provision For Doubtful Accounts": 7970.0,
        "Depreciation Amortization Depletion Income Statement": 457758.0,
        "Depreciation And Amortization In Income Statement": 457758.0,
        "Depreciation Income Statement": 457758.0,
        "Research And Development": 227283.0,
        "Selling General And Administration": 4433921.0,
        "Selling And Marketing Expense": 593604.0,
        "General And Administrative Expense": 3840317.0,
        "Other Gand A": 810706.0,
        "Insurance And Claims": 478742.0,
        "Rent And Landing Fees": NaN,
        "Salaries And Wages": 2550869.0,
        "Gross Profit": 221864.0,
        "Cost Of Revenue": 2775194.0,
        "Total Revenue": 2997058.0,
        "Operating Revenue": 2997058.0
    },
    "2024-09-30": {
        "Tax Effect Of Unusual Items": 0.0,
        "Tax Rate For Calcs": 0.0,
        "Normalized EBITDA": -3697117.0,
        "Total Unusual Items": -4297.0,
        "Total Unusual Items Excluding Goodwill": -4297.0,
        "Net Income From Continuing Operation Net Minority Interest": -4701864.0,
        "Reconciled Depreciation": 427978.0,
        "Reconciled Cost Of Revenue": 4887555.0,
        "EBITDA": -3701414.0,
        "EBIT": -4129392.0,
        "Net Interest Income": -572472.0,
        "Interest Expense": 572472.0,
        "Normalized Income": -4697567.0,
        "Net Income From Continuing And Discontinued Operation": -4701864.0,
        "Total Expenses": 9472285.0,
        "Rent Expense Supplemental": NaN,
        "Total Operating Income As Reported": -4125095.0,
        "Diluted Average Shares": 26491162.0,
        "Basic Average Shares": 26491162.0,
        "Diluted EPS": -0.18,
        "Basic EPS": -0.18,
        "Diluted NI Availto Com Stockholders": -4701864.0,
        "Net Income Common Stockholders": -4701864.0,
        "Net Income": -4701864.0,
        "Net Income Including Noncontrolling Interests": -4701864.0,
        "Net Income Continuous Operations": -4701864.0,
        "Pretax Income": -4701864.0,
        "Other Income Expense": -4297.0,
        "Other Non Operating Income Expenses": NaN,
        "Special Income Charges": NaN,
        "Write Off": NaN,
        "Gain On Sale Of Security": -4297.0,
        "Net Non Operating Interest Income Expense": -572472.0,
        "Interest Expense Non Operating": 572472.0,
        "Operating Income": -4125095.0,
        "Operating Expense": 4584730.0,
        "Other Operating Expenses": NaN,
        "Provision For Doubtful Accounts": -126348.0,
        "Depreciation Amortization Depletion Income Statement": 427978.0,
        "Depreciation And Amortization In Income Statement": 427978.0,
        "Depreciation Income Statement": 427978.0,
        "Research And Development": 401826.0,
        "Selling General And Administration": 3881274.0,
        "Selling And Marketing Expense": 196658.0,
        "General And Administrative Expense": 3684616.0,
        "Other Gand A": 829499.0,
        "Insurance And Claims": 370768.0,
        "Rent And Landing Fees": NaN,
        "Salaries And Wages": 2484349.0,
        "Gross Profit": 459635.0,
        "Cost Of Revenue": 4887555.0,
        "Total Revenue": 5347190.0,
        "Operating Revenue": 5347190.0
    }
}