{
    "2023-06-30": {
        "Tax Effect Of Unusual Items": NaN,
        "Tax Rate For Calcs": NaN,
        "Normalized EBITDA": NaN,
        "Total Unusual Items": 0.0,
        "Total Unusual Items Excluding Goodwill": 0.0,
        "Net Income From Continuing Operation Net Minority Interest": NaN,
        "Reconciled Depreciation": NaN,
        "Reconciled Cost Of Revenue": NaN,
        "EBITDA": NaN,
        "EBIT": NaN,
        "Net Interest Income": NaN,
        "Interest Expense": NaN,
        "Normalized Income": NaN,
        "Net Income From Continuing And Discontinued Operation": NaN,
        "Total Expenses": NaN,
        "Diluted Average Shares": NaN,
        "Basic Average Shares": NaN,
        "Diluted EPS": NaN,
        "Basic EPS": NaN,
        "Diluted NI Availto Com Stockholders": NaN,
        "Net Income Common Stockholders": NaN,
        "Net Income": NaN,
        "Net Income Including Noncontrolling Interests": NaN,
        "Net Income Continuous Operations": NaN,
        "Tax Provision": NaN,
        "Pretax Income": NaN,
        "Other Income Expense": NaN,
        "Other Non Operating Income Expenses": NaN,
        "Special Income Charges": 0.0,
        "Restructuring And Mergern Acquisition": 0.0,
        "Net Non Operating Interest Income Expense": NaN,
        "Interest Expense Non Operating": NaN,
        "Operating Income": NaN,
        "Operating Expense": NaN,
        "Provision For Doubtful Accounts": NaN,
        "Depreciation Amortization Depletion Income Statement": NaN,
        "Depreciation And Amortization In Income Statement": NaN,
        "Selling General And Administration": NaN,
        "Gross Profit": NaN,
        "Cost Of Revenue": NaN,
        "Total Revenue": NaN,
        "Operating Revenue": NaN
    },
    "2023-03-31": {
        "Tax Effect Of Unusual Items": NaN,
        "Tax Rate For Calcs": NaN,
        "Normalized EBITDA": NaN,
        "Total Unusual Items": 0.0,
        "Total Unusual Items Excluding Goodwill": 0.0,
        "Net Income From Continuing Operation Net Minority Interest": NaN,
        "Reconciled Depreciation": NaN,
        "Reconciled Cost Of Revenue": NaN,
        "EBITDA": NaN,
        "EBIT": NaN,
        "Net Interest Income": NaN,
        "Interest Expense": NaN,
        "Normalized Income": NaN,
        "Net Income From Continuing And Discontinued Operation": NaN,
        "Total Expenses": NaN,
        "Diluted Average Shares": NaN,
        "Basic Average Shares": NaN,
        "Diluted EPS": NaN,
        "Basic EPS": NaN,
        "Diluted NI Availto Com Stockholders": NaN,
        "Net Income Common Stockholders": NaN,
        "Net Income": NaN,
        "Net Income Including Noncontrolling Interests": NaN,
        "Net Income Continuous Operations": NaN,
        "Tax Provision": NaN,
        "Pretax Income": NaN,
        "Other Income Expense": NaN,
        "Other Non Operating Income Expenses": NaN,
        "Special Income Charges": 0.0,
        "Restructuring And Mergern Acquisition": 0.0,
        "Net Non Operating Interest Income Expense": NaN,
        "Interest Expense Non Operating": NaN,
        "Operating Income": NaN,
        "Operating Expense": NaN,
        "Provision For Doubtful Accounts": NaN,
        "Depreciation Amortization Depletion Income Statement": NaN,
        "Depreciation And Amortization In Income Statement": NaN,
        "Selling General And Administration": NaN,
        "Gross Profit": NaN,
        "Cost Of Revenue": NaN,
        "Total Revenue": NaN,
        "Operating Revenue": NaN
    },
    "2022-12-31": {
        "Tax Effect Of Unusual Items": 0.0,
        "Tax Rate For Calcs": 0.253146,
        "Normalized EBITDA": 440949000.0,
        "Net Income From Continuing Operation Net Minority Interest": 251976000.0,
        "Reconciled Depreciation": 87997000.0,
        "Reconciled Cost Of Revenue": 3549959000.0,
        "EBITDA": 440949000.0,
        "EBIT": 352952000.0,
        "Net Interest Income": -15569000.0,
        "Interest Expense": 15569000.0,
        "Normalized Income": 251976000.0,
        "Net Income From Continuing And Discontinued Operation": 251976000.0,
        "Total Expenses": 5176091000.0,
        "Diluted Average Shares": 141972000.0,
        "Basic Average Shares": 141049000.0,
        "Diluted EPS": 1.77,
        "Basic EPS": 1.79,
        "Diluted NI Availto Com Stockholders": 251976000.0,
        "Net Income Common Stockholders": 251976000.0,
        "Net Income": 251976000.0,
        "Net Income Including Noncontrolling Interests": 251976000.0,
        "Net Income Continuous Operations": 251976000.0,
        "Tax Provision": 85407000.0,
        "Pretax Income": 337383000.0,
        "Other Income Expense": 5393000.0,
        "Other Non Operating Income Expenses": 5393000.0,
        "Net Non Operating Interest Income Expense": -15569000.0,
        "Interest Expense Non Operating": 15569000.0,
        "Operating Income": 347559000.0,
        "Operating Expense": 1626132000.0,
        "Provision For Doubtful Accounts": 6252000.0,
        "Depreciation Amortization Depletion Income Statement": 87997000.0,
        "Depreciation And Amortization In Income Statement": 87997000.0,
        "Selling General And Administration": 1531883000.0,
        "Gross Profit": 1973691000.0,
        "Cost Of Revenue": 3549959000.0,
        "Total Revenue": 5523650000.0,
        "Operating Revenue": 5523650000.0
    },
    "2022-09-30": {
        "Tax Effect Of Unusual Items": 0.0,
        "Tax Rate For Calcs": 0.253,
        "Normalized EBITDA": 522719000.0,
        "Net Income From Continuing Operation Net Minority Interest": 312358000.0,
        "Reconciled Depreciation": 86563000.0,
        "Reconciled Cost Of Revenue": 3695607000.0,
        "EBITDA": 522719000.0,
        "EBIT": 436156000.0,
        "Net Interest Income": -18220000.0,
        "Interest Expense": 18220000.0,
        "Normalized Income": 312358000.0,
        "Net Income From Continuing And Discontinued Operation": 312358000.0,
        "Total Expenses": 5246734000.0,
        "Diluted Average Shares": 142109000.0,
        "Basic Average Shares": 141336000.0,
        "Diluted EPS": 2.2,
        "Basic EPS": 2.21,
        "Diluted NI Availto Com Stockholders": 312358000.0,
        "Net Income Common Stockholders": 312358000.0,
        "Net Income": 312358000.0,
        "Net Income Including Noncontrolling Interests": 312358000.0,
        "Net Income Continuous Operations": 312358000.0,
        "Tax Provision": 105578000.0,
        "Pretax Income": 417936000.0,
        "Other Income Expense": 7616000.0,
        "Other Non Operating Income Expenses": 7616000.0,
        "Net Non Operating Interest Income Expense": -18220000.0,
        "Interest Expense Non Operating": 18220000.0,
        "Operating Income": 428540000.0,
        "Operating Expense": 1551127000.0,
        "Provision For Doubtful Accounts": 6146000.0,
        "Depreciation Amortization Depletion Income Statement": 86563000.0,
        "Depreciation And Amortization In Income Statement": 86563000.0,
        "Selling General And Administration": 1458418000.0,
        "Gross Profit": 1979667000.0,
        "Cost Of Revenue": 3695607000.0,
        "Total Revenue": 5675274000.0,
        "Operating Revenue": 5675274000.0
    },
    "2022-06-30": {
        "Tax Effect Of Unusual Items": 0.0,
        "Tax Rate For Calcs": 0.242,
        "Normalized EBITDA": 597705000.0,
        "Net Income From Continuing Operation Net Minority Interest": 372529000.0,
        "Reconciled Depreciation": 85890000.0,
        "Reconciled Cost Of Revenue": 3641615000.0,
        "EBITDA": 597705000.0,
        "EBIT": 511815000.0,
        "Net Interest Income": -20248000.0,
        "Interest Expense": 20248000.0,
        "Normalized Income": 372529000.0,
        "Net Income From Continuing And Discontinued Operation": 372529000.0,
        "Total Expenses": 5094419000.0,
        "Diluted Average Shares": 142304000.0,
        "Basic Average Shares": 141581000.0,
        "Diluted EPS": 2.62,
        "Basic EPS": 2.63,
        "Diluted NI Availto Com Stockholders": 372529000.0,
        "Net Income Common Stockholders": 372529000.0,
        "Net Income": 372529000.0,
        "Net Income Including Noncontrolling Interests": 372529000.0,
        "Net Income Continuous Operations": 372529000.0,
        "Tax Provision": 119038000.0,
        "Pretax Income": 491567000.0,
        "Other Income Expense": 3820000.0,
        "Other Non Operating Income Expenses": 3820000.0,
        "Net Non Operating Interest Income Expense": -20248000.0,
        "Interest Expense Non Operating": 20248000.0,
        "Operating Income": 507995000.0,
        "Operating Expense": 1452804000.0,
        "Provision For Doubtful Accounts": 2899000.0,
        "Depreciation Amortization Depletion Income Statement": 85890000.0,
        "Depreciation And Amortization In Income Statement": 85890000.0,
        "Selling General And Administration": 1364015000.0,
        "Gross Profit": 1960799000.0,
        "Cost Of Revenue": 3641615000.0,
        "Total Revenue": 5602414000.0,
        "Operating Revenue": 5602414000.0
    },
    "2022-03-31": {
        "Diluted EPS": 1.72,
        "Total Revenue": NaN,
        "Gross Profit": NaN,
        "Operating Income": 330,
        "EBIT": 417,
        "Net Income": 246
    },
    "2021-12-31": {
        "Diluted EPS": 1.78,
        "Total Revenue": NaN,
        "Gross Profit": NaN,
        "Operating Income": 338,
        "EBIT": 411,
        "Net Income": 256
    },
    "2021-09-30": {
        "Diluted EPS": 1.59,
        "Total Revenue": NaN,
        "Gross Profit": NaN,
        "Operating Income": 296,
        "EBIT": 368,
        "Net Income": 229
    },
    "2021-06-30": {
        "Diluted EPS": 1.36,
        "Total Revenue": NaN,
        "Gross Profit": NaN,
        "Operating Income": 261,
        "EBIT": 335,
        "Net Income": 196
    },
    "2021-03-31": {
        "Diluted EPS": 1.5,
        "Total Revenue": NaN,
        "Gross Profit": NaN,
        "Operating Income": 268,
        "EBIT": 341,
        "Net Income": 218
    },
    "2020-12-31": {
        "Diluted EPS": 1.2,
        "Total Revenue": NaN,
        "Gross Profit": NaN,
        "Operating Income": 235,
        "EBIT": 305,
        "Net Income": 171
    },
    "2020-09-30": {
        "Diluted EPS": 1.57,
        "Total Revenue": NaN,
        "Gross Profit": NaN,
        "Operating Income": 302,
        "EBIT": 371,
        "Net Income": 228
    },
    "2020-06-30": {
        "Diluted EPS": -3.91,
        "Total Revenue": NaN,
        "Gross Profit": NaN,
        "Operating Income": -291,
        "EBIT": 283,
        "Net Income": -564
    },
    "2020-03-31": {
        "Diluted EPS": 0.94,
        "Total Revenue": NaN,
        "Gross Profit": NaN,
        "Operating Income": 169,
        "EBIT": 236,
        "Net Income": 137
    },
    "2019-12-31": {
        "Diluted EPS": 0.06,
        "Total Revenue": NaN,
        "Gross Profit": NaN,
        "Operating Income": 123,
        "EBIT": 193,
        "Net Income": 9
    },
    "2019-09-30": {
        "Diluted EPS": 1.56,
        "Total Revenue": NaN,
        "Gross Profit": NaN,
        "Operating Income": 263,
        "EBIT": 328,
        "Net Income": 227
    },
    "2019-06-30": {
        "Diluted EPS": 1.53,
        "Total Revenue": NaN,
        "Gross Profit": NaN,
        "Operating Income": 287,
        "EBIT": 347,
        "Net Income": 224
    },
    "2019-03-31": {
        "Diluted EPS": 1.09,
        "Total Revenue": NaN,
        "Gross Profit": NaN,
        "Operating Income": 238,
        "EBIT": 300,
        "Net Income": 160
    },
    "2018-12-31": {
        "Diluted EPS": 1.27,
        "Total Revenue": NaN,
        "Gross Profit": NaN,
        "Operating Income": 184,
        "EBIT": 234,
        "Net Income": 187
    },
    "2018-09-30": {
        "Diluted EPS": 1.49,
        "Total Revenue": NaN,
        "Gross Profit": NaN,
        "Operating Income": 299,
        "EBIT": 360,
        "Net Income": 220
    },
    "2018-06-30": {
        "Diluted EPS": 1.54,
        "Total Revenue": NaN,
        "Gross Profit": NaN,
        "Operating Income": 311,
        "EBIT": 370,
        "Net Income": 227
    },
    "2018-03-31": {
        "Diluted EPS": 1.2,
        "Total Revenue": NaN,
        "Gross Profit": NaN,
        "Operating Income": 241,
        "EBIT": 299,
        "Net Income": 177
    },
    "2017-12-31": {
        "Diluted EPS": 0.73,
        "Total Revenue": NaN,
        "Gross Profit": NaN,
        "Operating Income": 219,
        "EBIT": 269,
        "Net Income": 108
    },
    "2017-09-30": {
        "Diluted EPS": 1.08,
        "Total Revenue": NaN,
        "Gross Profit": NaN,
        "Operating Income": 252,
        "EBIT": 292,
        "Net Income": 158
    },
    "2017-06-30": {
        "Diluted EPS": 1.29,
        "Total Revenue": NaN,
        "Gross Profit": NaN,
        "Operating Income": 291,
        "EBIT": 330,
        "Net Income": 190
    },
    "2017-03-31": {
        "Diluted EPS": 1.08,
        "Total Revenue": NaN,
        "Gross Profit": NaN,
        "Operating Income": 237,
        "EBIT": 275,
        "Net Income": 160
    },
    "2016-12-31": {
        "Diluted EPS": 1.02,
        "Total Revenue": NaN,
        "Gross Profit": NaN,
        "Operating Income": 211,
        "EBIT": 250,
        "Net Income": 153
    },
    "2016-09-30": {
        "Diluted EPS": 1.24,
        "Total Revenue": NaN,
        "Gross Profit": NaN,
        "Operating Income": 291,
        "EBIT": 329,
        "Net Income": 185
    },
    "2016-06-30": {
        "Diluted EPS": 1.28,
        "Total Revenue": NaN,
        "Gross Profit": NaN,
        "Operating Income": 300,
        "EBIT": 336,
        "Net Income": 191
    },
    "2016-03-31": {
        "Diluted EPS": 1.05,
        "Total Revenue": NaN,
        "Gross Profit": NaN,
        "Operating Income": 247,
        "EBIT": 281,
        "Net Income": 158
    },
    "2015-12-31": {
        "Diluted EPS": 1.06,
        "Total Revenue": NaN,
        "Gross Profit": NaN,
        "Operating Income": 262,
        "EBIT": 298,
        "Net Income": 161
    },
    "2015-09-30": {
        "Diluted EPS": 1.24,
        "Total Revenue": NaN,
        "Gross Profit": NaN,
        "Operating Income": 301,
        "EBIT": 335,
        "Net Income": 188
    },
    "2015-06-30": {
        "Diluted EPS": 1.28,
        "Total Revenue": NaN,
        "Gross Profit": NaN,
        "Operating Income": 310,
        "EBIT": 346,
        "Net Income": 195
    },
    "2015-03-31": {
        "Diluted EPS": 1.05,
        "Total Revenue": NaN,
        "Gross Profit": NaN,
        "Operating Income": 251,
        "EBIT": 287,
        "Net Income": 161
    },
    "2014-12-31": {
        "Diluted EPS": 1.07,
        "Total Revenue": NaN,
        "Gross Profit": NaN,
        "Operating Income": 272,
        "EBIT": 311,
        "Net Income": 166
    },
    "2014-09-30": {
        "Diluted EPS": 1.24,
        "Total Revenue": NaN,
        "Gross Profit": NaN,
        "Operating Income": 298,
        "EBIT": 333,
        "Net Income": 191
    },
    "2014-06-30": {
        "Diluted EPS": 1.28,
        "Total Revenue": NaN,
        "Gross Profit": NaN,
        "Operating Income": 310,
        "EBIT": 347,
        "Net Income": 198
    },
    "2014-03-31": {
        "Diluted EPS": 1.02,
        "Total Revenue": NaN,
        "Gross Profit": NaN,
        "Operating Income": 244,
        "EBIT": 281,
        "Net Income": 157
    },
    "2013-12-31": {
        "Diluted EPS": 0.96,
        "Total Revenue": NaN,
        "Gross Profit": NaN,
        "Operating Income": 241,
        "EBIT": 277,
        "Net Income": 150
    },
    "2013-09-30": {
        "Diluted EPS": 1.12,
        "Total Revenue": NaN,
        "Gross Profit": NaN,
        "Operating Income": 272,
        "EBIT": 307,
        "Net Income": 174
    },
    "2013-06-30": {
        "Diluted EPS": 1.39,
        "Total Revenue": NaN,
        "Gross Profit": NaN,
        "Operating Income": 315,
        "EBIT": 352,
        "Net Income": 216
    },
    "2013-03-31": {
        "Diluted EPS": 0.93,
        "Total Revenue": NaN,
        "Gross Profit": 922,
        "Operating Income": 222,
        "EBIT": 248,
        "Net Income": 144
    },
    "2012-12-31": {
        "Diluted EPS": 1.02,
        "Total Revenue": NaN,
        "Gross Profit": 911,
        "Operating Income": 248,
        "EBIT": 273,
        "Net Income": 160
    },
    "2012-09-30": {
        "Diluted EPS": 1.11,
        "Total Revenue": NaN,
        "Gross Profit": 976,
        "Operating Income": 272,
        "EBIT": 297,
        "Net Income": 173
    },
    "2012-06-30": {
        "Diluted EPS": 1.08,
        "Total Revenue": NaN,
        "Gross Profit": 972,
        "Operating Income": 267,
        "EBIT": 292,
        "Net Income": 169
    },
    "2012-03-31": {
        "Diluted EPS": 0.93,
        "Total Revenue": NaN,
        "Gross Profit": 919,
        "Operating Income": 228,
        "EBIT": 251,
        "Net Income": 146
    },
    "2011-12-31": {
        "Diluted EPS": 0.85,
        "Total Revenue": NaN,
        "Gross Profit": 893,
        "Operating Income": 229,
        "EBIT": 251,
        "Net Income": 135
    },
    "2011-09-30": {
        "Diluted EPS": 0.97,
        "Total Revenue": NaN,
        "Gross Profit": 949,
        "Operating Income": 247,
        "EBIT": 269,
        "Net Income": 152
    },
    "2011-06-30": {
        "Diluted EPS": 0.96,
        "Total Revenue": NaN,
        "Gross Profit": 916,
        "Operating Income": 242,
        "EBIT": 264,
        "Net Income": 152
    },
    "2011-03-31": {
        "Diluted EPS": 0.8,
        "Total Revenue": NaN,
        "Gross Profit": 849,
        "Operating Income": 192,
        "EBIT": 215,
        "Net Income": 127
    },
    "2010-12-31": {
        "Diluted EPS": 0.76,
        "Total Revenue": NaN,
        "Gross Profit": 817,
        "Operating Income": 211,
        "EBIT": 233,
        "Net Income": 119
    },
    "2010-09-30": {
        "Diluted EPS": 0.83,
        "Total Revenue": NaN,
        "Gross Profit": 853,
        "Operating Income": 212,
        "EBIT": 235,
        "Net Income": 132
    },
    "2010-06-30": {
        "Diluted EPS": 0.78,
        "Total Revenue": NaN,
        "Gross Profit": 822,
        "Operating Income": 201,
        "EBIT": 224,
        "Net Income": 124
    },
    "2010-03-31": {
        "Diluted EPS": 0.63,
        "Total Revenue": NaN,
        "Gross Profit": 760,
        "Operating Income": 162,
        "EBIT": 184,
        "Net Income": 101
    },
    "2009-12-31": {
        "Diluted EPS": 0.62,
        "Total Revenue": NaN,
        "Gross Profit": 767,
        "Operating Income": 190,
        "EBIT": 212,
        "Net Income": 99
    },
    "2009-09-30": {
        "Diluted EPS": 0.67,
        "Total Revenue": NaN,
        "Gross Profit": 765,
        "Operating Income": 171,
        "EBIT": 193,
        "Net Income": 108
    },
    "2009-06-30": {
        "Diluted EPS": 0.65,
        "Total Revenue": NaN,
        "Gross Profit": 745,
        "Operating Income": 166,
        "EBIT": 188,
        "Net Income": 104
    },
    "2009-03-31": {
        "Diluted EPS": 0.56,
        "Total Revenue": NaN,
        "Gross Profit": 732,
        "Operating Income": 145,
        "EBIT": 167,
        "Net Income": 89
    },
    "2023-09-30": {
        "Tax Effect Of Unusual Items": 0.0,
        "Tax Rate For Calcs": 0.244833,
        "Normalized EBITDA": 564747000.0,
        "Total Unusual Items": 0.0,
        "Total Unusual Items Excluding Goodwill": 0.0,
        "Net Income From Continuing Operation Net Minority Interest": 351198000.0,
        "Reconciled Depreciation": 83860000.0,
        "Reconciled Cost Of Revenue": 3715361000.0,
        "EBITDA": 564747000.0,
        "EBIT": 480887000.0,
        "Net Interest Income": -15827000.0,
        "Interest Expense": 15827000.0,
        "Normalized Income": 351198000.0,
        "Net Income From Continuing And Discontinued Operation": 351198000.0,
        "Total Expenses": 5359437000.0,
        "Diluted Average Shares": 140934000.0,
        "Basic Average Shares": 140335000.0,
        "Diluted EPS": 2.49,
        "Basic EPS": 2.5,
        "Diluted NI Availto Com Stockholders": 351198000.0,
        "Net Income Common Stockholders": 351198000.0,
        "Net Income": 351198000.0,
        "Net Income Including Noncontrolling Interests": 351198000.0,
        "Net Income Continuous Operations": 351198000.0,
        "Tax Provision": 113862000.0,
        "Pretax Income": 465060000.0,
        "Other Income Expense": 15722000.0,
        "Other Non Operating Income Expenses": 15722000.0,
        "Special Income Charges": 0.0,
        "Restructuring And Mergern Acquisition": 0.0,
        "Net Non Operating Interest Income Expense": -15827000.0,
        "Interest Expense Non Operating": 15827000.0,
        "Operating Income": 465165000.0,
        "Operating Expense": 1644076000.0,
        "Provision For Doubtful Accounts": 8417000.0,
        "Depreciation Amortization Depletion Income Statement": 83860000.0,
        "Depreciation And Amortization In Income Statement": 83860000.0,
        "Selling General And Administration": 1551799000.0,
        "Gross Profit": 2109241000.0,
        "Cost Of Revenue": 3715361000.0,
        "Total Revenue": 5824602000.0,
        "Operating Revenue": 5824602000.0
    },
    "2023-12-31": {
        "Tax Effect Of Unusual Items": 0.0,
        "Tax Rate For Calcs": 0.243361,
        "Normalized EBITDA": 522697000.0,
        "Total Unusual Items": NaN,
        "Total Unusual Items Excluding Goodwill": NaN,
        "Net Income From Continuing Operation Net Minority Interest": 316875000.0,
        "Reconciled Depreciation": 88581000.0,
        "Reconciled Cost Of Revenue": 3552597000.0,
        "EBITDA": 522697000.0,
        "EBIT": 434116000.0,
        "Net Interest Income": -15323000.0,
        "Interest Expense": 15323000.0,
        "Normalized Income": 316875000.0,
        "Net Income From Continuing And Discontinued Operation": 316875000.0,
        "Total Expenses": 5167194000.0,
        "Diluted Average Shares": 140359000.0,
        "Basic Average Shares": 139766000.0,
        "Diluted EPS": 2.26,
        "Basic EPS": 2.27,
        "Diluted NI Availto Com Stockholders": 316875000.0,
        "Net Income Common Stockholders": 316875000.0,
        "Net Income": 316875000.0,
        "Net Income Including Noncontrolling Interests": 316875000.0,
        "Net Income Continuous Operations": 316875000.0,
        "Tax Provision": 101918000.0,
        "Pretax Income": 418793000.0,
        "Other Income Expense": 15426000.0,
        "Other Non Operating Income Expenses": 15426000.0,
        "Special Income Charges": NaN,
        "Restructuring And Mergern Acquisition": NaN,
        "Net Non Operating Interest Income Expense": -15323000.0,
        "Interest Expense Non Operating": 15323000.0,
        "Operating Income": 418690000.0,
        "Operating Expense": 1614597000.0,
        "Provision For Doubtful Accounts": 3569000.0,
        "Depreciation Amortization Depletion Income Statement": 88581000.0,
        "Depreciation And Amortization In Income Statement": 88581000.0,
        "Selling General And Administration": 1522447000.0,
        "Gross Profit": 2033287000.0,
        "Cost Of Revenue": 3552597000.0,
        "Total Revenue": 5585884000.0,
        "Operating Revenue": 5585884000.0
    },
    "2024-03-31": {
        "Tax Effect Of Unusual Items": -19514870.0,
        "Tax Rate For Calcs": 0.235,
        "Normalized EBITDA": 516523000.0,
        "Total Unusual Items": -83042000.0,
        "Total Unusual Items Excluding Goodwill": -83042000.0,
        "Net Income From Continuing Operation Net Minority Interest": 248894000.0,
        "Reconciled Depreciation": 90610000.0,
        "Reconciled Cost Of Revenue": 3708976000.0,
        "EBITDA": 433481000.0,
        "EBIT": 342871000.0,
        "Net Interest Income": -17690000.0,
        "Interest Expense": 17690000.0,
        "Normalized Income": 312421130.0,
        "Net Income From Continuing And Discontinued Operation": 248894000.0,
        "Total Expenses": 5380724000.0,
        "Diluted Average Shares": 140096000.0,
        "Basic Average Shares": 139429000.0,
        "Diluted EPS": 1.78,
        "Basic EPS": 1.79,
        "Diluted NI Availto Com Stockholders": 248894000.0,
        "Net Income Common Stockholders": 248894000.0,
        "Net Income": 248894000.0,
        "Net Income Including Noncontrolling Interests": 248894000.0,
        "Net Income Continuous Operations": 248894000.0,
        "Tax Provision": 76287000.0,
        "Pretax Income": 325181000.0,
        "Other Income Expense": -60036000.0,
        "Other Non Operating Income Expenses": 23006000.0,
        "Special Income Charges": -83042000.0,
        "Restructuring And Mergern Acquisition": 83042000.0,
        "Net Non Operating Interest Income Expense": -17690000.0,
        "Interest Expense Non Operating": 17690000.0,
        "Operating Income": 402907000.0,
        "Operating Expense": 1671748000.0,
        "Provision For Doubtful Accounts": 6211000.0,
        "Depreciation Amortization Depletion Income Statement": 90610000.0,
        "Depreciation And Amortization In Income Statement": 90610000.0,
        "Selling General And Administration": 1574927000.0,
        "Gross Profit": 2074655000.0,
        "Cost Of Revenue": 3708976000.0,
        "Total Revenue": 5783631000.0,
        "Operating Revenue": 5783631000.0
    },
    "2024-06-30": {
        "Tax Effect Of Unusual Items": -6993600.0,
        "Tax Rate For Calcs": 0.235,
        "Normalized EBITDA": 537084000.0,
        "Total Unusual Items": -29760000.0,
        "Total Unusual Items Excluding Goodwill": -29760000.0,
        "Net Income From Continuing Operation Net Minority Interest": 295544000.0,
        "Reconciled Depreciation": 99202000.0,
        "Reconciled Cost Of Revenue": 3782264000.0,
        "EBITDA": 507324000.0,
        "EBIT": 408122000.0,
        "Net Interest Income": -21921000.0,
        "Interest Expense": 21921000.0,
        "Normalized Income": 318310400.0,
        "Net Income From Continuing And Discontinued Operation": 295544000.0,
        "Total Expenses": 5534600000.0,
        "Diluted Average Shares": 139829000.0,
        "Basic Average Shares": 139358000.0,
        "Diluted EPS": 2.11,
        "Basic EPS": 2.12,
        "Diluted NI Availto Com Stockholders": 295544000.0,
        "Net Income Common Stockholders": 295544000.0,
        "Net Income": 295544000.0,
        "Net Income Including Noncontrolling Interests": 295544000.0,
        "Net Income Continuous Operations": 295544000.0,
        "Tax Provision": 90657000.0,
        "Pretax Income": 386201000.0,
        "Other Income Expense": -19845000.0,
        "Other Non Operating Income Expenses": 9915000.0,
        "Special Income Charges": -29760000.0,
        "Restructuring And Mergern Acquisition": 29760000.0,
        "Net Non Operating Interest Income Expense": -21921000.0,
        "Interest Expense Non Operating": 21921000.0,
        "Operating Income": 427967000.0,
        "Operating Expense": 1752336000.0,
        "Provision For Doubtful Accounts": 5678000.0,
        "Depreciation Amortization Depletion Income Statement": 99202000.0,
        "Depreciation And Amortization In Income Statement": 99202000.0,
        "Selling General And Administration": 1647456000.0,
        "Gross Profit": 2180303000.0,
        "Cost Of Revenue": 3782264000.0,
        "Total Revenue": 5962567000.0,
        "Operating Revenue": 5962567000.0
    },
    "2024-09-30": {
        "Tax Effect Of Unusual Items": -9788819.80759,
        "Tax Rate For Calcs": 0.238618,
        "Normalized EBITDA": 472470000.0,
        "Total Unusual Items": -41023000.0,
        "Total Unusual Items Excluding Goodwill": -41023000.0,
        "Net Income From Continuing Operation Net Minority Interest": 226582000.0,
        "Reconciled Depreciation": 106036000.0,
        "Reconciled Cost Of Revenue": 3771757000.0,
        "EBITDA": 431447000.0,
        "EBIT": 325411000.0,
        "Net Interest Income": -27818000.0,
        "Interest Expense": 27818000.0,
        "Normalized Income": 257816180.19241,
        "Net Income From Continuing And Discontinued Operation": 226582000.0,
        "Total Expenses": 5607312000.0,
        "Diluted Average Shares": 139599000.0,
        "Basic Average Shares": 139193000.0,
        "Diluted EPS": 1.62,
        "Basic EPS": 1.63,
        "Diluted NI Availto Com Stockholders": 226582000.0,
        "Net Income Common Stockholders": 226582000.0,
        "Net Income": 226582000.0,
        "Net Income Including Noncontrolling Interests": 226582000.0,
        "Net Income Continuous Operations": 226582000.0,
        "Tax Provision": 71011000.0,
        "Pretax Income": 297593000.0,
        "Other Income Expense": -37475000.0,
        "Other Non Operating Income Expenses": 3548000.0,
        "Special Income Charges": -41023000.0,
        "Restructuring And Mergern Acquisition": 41023000.0,
        "Net Non Operating Interest Income Expense": -27818000.0,
        "Interest Expense Non Operating": 27818000.0,
        "Operating Income": 362886000.0,
        "Operating Expense": 1835555000.0,
        "Provision For Doubtful Accounts": 7119000.0,
        "Depreciation Amortization Depletion Income Statement": 106036000.0,
        "Depreciation And Amortization In Income Statement": 106036000.0,
        "Selling General And Administration": 1722400000.0,
        "Gross Profit": 2198441000.0,
        "Cost Of Revenue": 3771757000.0,
        "Total Revenue": 5970198000.0,
        "Operating Revenue": 5970198000.0
    }
}