{
    "2023-06-30": {
        "Tax Effect Of Unusual Items": -455400.0,
        "Tax Rate For Calcs": 0.253,
        "Normalized EBITDA": 294300000.0,
        "Total Unusual Items": -1800000.0,
        "Total Unusual Items Excluding Goodwill": -1800000.0,
        "Net Income From Continuing Operation Net Minority Interest": 170300000.0,
        "Reconciled Depreciation": 23100000.0,
        "Reconciled Cost Of Revenue": 3783000000.0,
        "EBITDA": 292500000.0,
        "EBIT": 269400000.0,
        "Net Interest Income": -41500000.0,
        "Interest Expense": 41500000.0,
        "Normalized Income": 171644600.0,
        "Net Income From Continuing And Discontinued Operation": 170500000.0,
        "Total Expenses": 4286000000.0,
        "Total Operating Income As Reported": 270800000.0,
        "Diluted Average Shares": 14200000.0,
        "Basic Average Shares": 14050875.0,
        "Diluted EPS": 12.04,
        "Basic EPS": 12.134476,
        "Diluted NI Availto Com Stockholders": 166400000.0,
        "Average Dilution Earnings": -4100000.0,
        "Net Income Common Stockholders": 170500000.0,
        "Otherunder Preferred Stock Dividend": NaN,
        "Net Income": 170500000.0,
        "Net Income Including Noncontrolling Interests": 170500000.0,
        "Net Income Discontinuous Operations": 200000.0,
        "Net Income Continuous Operations": 170300000.0,
        "Tax Provision": 57600000.0,
        "Pretax Income": 227900000.0,
        "Other Income Expense": -3100000.0,
        "Other Non Operating Income Expenses": -1300000.0,
        "Special Income Charges": -1800000.0,
        "Write Off": 1800000.0,
        "Net Non Operating Interest Income Expense": -41500000.0,
        "Interest Expense Non Operating": 41500000.0,
        "Operating Income": 272500000.0,
        "Operating Expense": 503000000.0,
        "Depreciation Amortization Depletion Income Statement": 23100000.0,
        "Depreciation And Amortization In Income Statement": 23100000.0,
        "Selling General And Administration": 479900000.0,
        "Gross Profit": 775500000.0,
        "Cost Of Revenue": 3783000000.0,
        "Total Revenue": 4558600000.0,
        "Operating Revenue": 4558600000.0
    },
    "2023-03-31": {
        "Tax Effect Of Unusual Items": -254100.0,
        "Tax Rate For Calcs": 0.231,
        "Normalized EBITDA": 262200000.0,
        "Total Unusual Items": -1100000.0,
        "Total Unusual Items Excluding Goodwill": -1100000.0,
        "Net Income From Continuing Operation Net Minority Interest": 158800000.0,
        "Reconciled Depreciation": 22400000.0,
        "Reconciled Cost Of Revenue": 3402100000.0,
        "EBITDA": 261100000.0,
        "EBIT": 238700000.0,
        "Net Interest Income": -32300000.0,
        "Interest Expense": 32300000.0,
        "Normalized Income": 159645900.0,
        "Net Income From Continuing And Discontinued Operation": 158500000.0,
        "Total Expenses": 3887300000.0,
        "Total Operating Income As Reported": 241500000.0,
        "Diluted Average Shares": 14143005.0,
        "Basic Average Shares": 14143005.0,
        "Diluted EPS": 10.917058,
        "Basic EPS": 10.917058,
        "Diluted NI Availto Com Stockholders": 154400000.0,
        "Average Dilution Earnings": NaN,
        "Net Income Common Stockholders": 154400000.0,
        "Otherunder Preferred Stock Dividend": 4100000.0,
        "Net Income": 158500000.0,
        "Net Income Including Noncontrolling Interests": 158500000.0,
        "Net Income Discontinuous Operations": -300000.0,
        "Net Income Continuous Operations": 158800000.0,
        "Tax Provision": 47600000.0,
        "Pretax Income": 206400000.0,
        "Other Income Expense": -3900000.0,
        "Other Non Operating Income Expenses": -2800000.0,
        "Special Income Charges": -1100000.0,
        "Write Off": 1100000.0,
        "Net Non Operating Interest Income Expense": -32300000.0,
        "Interest Expense Non Operating": 32300000.0,
        "Operating Income": 242700000.0,
        "Operating Expense": 485200000.0,
        "Depreciation Amortization Depletion Income Statement": 22400000.0,
        "Depreciation And Amortization In Income Statement": 22400000.0,
        "Selling General And Administration": 462800000.0,
        "Gross Profit": 727900000.0,
        "Cost Of Revenue": 3402100000.0,
        "Total Revenue": 4130000000.0,
        "Operating Revenue": 4130000000.0
    },
    "2022-12-31": {
        "Tax Effect Of Unusual Items": -309400.0,
        "Tax Rate For Calcs": 0.238,
        "Normalized EBITDA": 261000000.0,
        "Total Unusual Items": -1300000.0,
        "Total Unusual Items Excluding Goodwill": -1300000.0,
        "Net Income From Continuing Operation Net Minority Interest": 157000000.0,
        "Reconciled Depreciation": 22400000.0,
        "Reconciled Cost Of Revenue": 3349500000.0,
        "EBITDA": 259700000.0,
        "EBIT": 237300000.0,
        "Net Interest Income": -31600000.0,
        "Interest Expense": 31600000.0,
        "Normalized Income": 157990600.0,
        "Net Income From Continuing And Discontinued Operation": 157200000.0,
        "Total Expenses": 3825700000.0,
        "Total Operating Income As Reported": 241900000.0,
        "Diluted Average Shares": 14600000.0,
        "Basic Average Shares": 14292322.0,
        "Diluted EPS": 10.663068,
        "Basic EPS": 10.663068,
        "Diluted NI Availto Com Stockholders": 152400000.0,
        "Average Dilution Earnings": NaN,
        "Net Income Common Stockholders": 152400000.0,
        "Otherunder Preferred Stock Dividend": 4600000.0,
        "Net Income": 157200000.0,
        "Net Income Including Noncontrolling Interests": 157200000.0,
        "Net Income Discontinuous Operations": 200000.0,
        "Net Income Continuous Operations": 157000000.0,
        "Tax Provision": 48900000.0,
        "Pretax Income": 205700000.0,
        "Other Income Expense": -5900000.0,
        "Other Non Operating Income Expenses": -4600000.0,
        "Special Income Charges": -1300000.0,
        "Write Off": 1300000.0,
        "Net Non Operating Interest Income Expense": -31600000.0,
        "Interest Expense Non Operating": 31600000.0,
        "Operating Income": 243200000.0,
        "Operating Expense": 476200000.0,
        "Depreciation Amortization Depletion Income Statement": 22400000.0,
        "Depreciation And Amortization In Income Statement": 22400000.0,
        "Selling General And Administration": 453800000.0,
        "Gross Profit": 719400000.0,
        "Cost Of Revenue": 3349500000.0,
        "Total Revenue": 4069000000.0,
        "Operating Revenue": 4069000000.0
    },
    "2022-09-30": {
        "Tax Effect Of Unusual Items": 0.0,
        "Tax Rate For Calcs": 0.234,
        "Normalized EBITDA": 305100000.0,
        "Total Unusual Items": 0.0,
        "Total Unusual Items Excluding Goodwill": 0.0,
        "Net Income From Continuing Operation Net Minority Interest": 197100000.0,
        "Reconciled Depreciation": 21800000.0,
        "Reconciled Cost Of Revenue": 3410800000.0,
        "EBITDA": 305100000.0,
        "EBIT": 283300000.0,
        "Net Interest Income": -26100000.0,
        "Interest Expense": 26100000.0,
        "Normalized Income": 197100000.0,
        "Net Income From Continuing And Discontinued Operation": 195800000.0,
        "Total Expenses": 3883500000.0,
        "Total Operating Income As Reported": 279900000.0,
        "Diluted Average Shares": 15248448.0,
        "Basic Average Shares": 15189333.0,
        "Diluted EPS": 12.48,
        "Basic EPS": 12.53,
        "Diluted NI Availto Com Stockholders": 190300000.0,
        "Average Dilution Earnings": -5400000.0,
        "Net Income Common Stockholders": 190400000.0,
        "Otherunder Preferred Stock Dividend": 5400000.0,
        "Net Income": 195800000.0,
        "Net Income Including Noncontrolling Interests": 195800000.0,
        "Net Income Discontinuous Operations": -1300000.0,
        "Net Income Continuous Operations": 197100000.0,
        "Tax Provision": 60200000.0,
        "Pretax Income": 257200000.0,
        "Other Income Expense": 3400000.0,
        "Other Non Operating Income Expenses": 3400000.0,
        "Special Income Charges": 0.0,
        "Write Off": 0.0,
        "Net Non Operating Interest Income Expense": -26100000.0,
        "Interest Expense Non Operating": 26100000.0,
        "Operating Income": 279900000.0,
        "Operating Expense": 472700000.0,
        "Depreciation Amortization Depletion Income Statement": 21800000.0,
        "Depreciation And Amortization In Income Statement": 21800000.0,
        "Selling General And Administration": 450900000.0,
        "Gross Profit": 752600000.0,
        "Cost Of Revenue": 3410800000.0,
        "Total Revenue": 4163400000.0,
        "Operating Revenue": 4163400000.0
    },
    "2022-06-30": {
        "Tax Effect Of Unusual Items": -187200.0,
        "Tax Rate For Calcs": 0.234,
        "Normalized EBITDA": 308300000.0,
        "Total Unusual Items": -800000.0,
        "Total Unusual Items Excluding Goodwill": -800000.0,
        "Net Income From Continuing Operation Net Minority Interest": 199300000.0,
        "Reconciled Depreciation": 23000000.0,
        "Reconciled Cost Of Revenue": 3377000000.0,
        "EBITDA": 307500000.0,
        "EBIT": 284500000.0,
        "Net Interest Income": -24400000.0,
        "Interest Expense": 24400000.0,
        "Normalized Income": 199912800.0,
        "Net Income From Continuing And Discontinued Operation": 195900000.0,
        "Total Expenses": 3860200000.0,
        "Total Operating Income As Reported": 284500000.0,
        "Diluted Average Shares": 16000000.0,
        "Basic Average Shares": 16000000.0,
        "Diluted EPS": 11.9,
        "Basic EPS": 11.94,
        "Diluted NI Availto Com Stockholders": 190600000.0,
        "Average Dilution Earnings": NaN,
        "Net Income Common Stockholders": 190500000.0,
        "Otherunder Preferred Stock Dividend": 5400000.0,
        "Net Income": 195900000.0,
        "Net Income Including Noncontrolling Interests": 195900000.0,
        "Net Income Discontinuous Operations": -3400000.0,
        "Net Income Continuous Operations": 199300000.0,
        "Tax Provision": 60800000.0,
        "Pretax Income": 260100000.0,
        "Other Income Expense": -800000.0,
        "Other Non Operating Income Expenses": NaN,
        "Special Income Charges": -800000.0,
        "Write Off": 800000.0,
        "Net Non Operating Interest Income Expense": -24400000.0,
        "Interest Expense Non Operating": 24400000.0,
        "Operating Income": 285200000.0,
        "Operating Expense": 483200000.0,
        "Depreciation Amortization Depletion Income Statement": 23000000.0,
        "Depreciation And Amortization In Income Statement": 23000000.0,
        "Selling General And Administration": 460200000.0,
        "Gross Profit": 768400000.0,
        "Cost Of Revenue": 3377000000.0,
        "Total Revenue": 4145300000.0,
        "Operating Revenue": 4145300000.0
    },
    "2022-03-31": {
        "Diluted EPS": 11.88,
        "Total Revenue": NaN,
        "Gross Profit": 725,
        "Operating Income": 285,
        "EBIT": 308,
        "Net Income": 197
    },
    "2021-12-31": {
        "Diluted EPS": 4.91,
        "Total Revenue": NaN,
        "Gross Profit": 671,
        "Operating Income": 230,
        "EBIT": 251,
        "Net Income": 84
    },
    "2021-09-30": {
        "Diluted EPS": 9.33,
        "Total Revenue": NaN,
        "Gross Profit": 639,
        "Operating Income": 242,
        "EBIT": 262,
        "Net Income": 166
    },
    "2021-06-30": {
        "Diluted EPS": 10.35,
        "Total Revenue": NaN,
        "Gross Profit": 650,
        "Operating Income": 263,
        "EBIT": 282,
        "Net Income": 185
    },
    "2021-03-31": {
        "Diluted EPS": 5.52,
        "Total Revenue": NaN,
        "Gross Profit": 481,
        "Operating Income": 151,
        "EBIT": 171,
        "Net Income": 99
    },
    "2020-12-31": {
        "Diluted EPS": 5.44,
        "Total Revenue": NaN,
        "Gross Profit": 447,
        "Operating Income": 160,
        "EBIT": 180,
        "Net Income": 97
    },
    "2020-09-30": {
        "Diluted EPS": 6.83,
        "Total Revenue": NaN,
        "Gross Profit": 512,
        "Operating Income": 187,
        "EBIT": 207,
        "Net Income": 122
    },
    "2020-06-30": {
        "Diluted EPS": 1.63,
        "Total Revenue": NaN,
        "Gross Profit": 359,
        "Operating Income": 79,
        "EBIT": 99,
        "Net Income": 29
    },
    "2020-03-31": {
        "Diluted EPS": 1.61,
        "Total Revenue": NaN,
        "Gross Profit": 416,
        "Operating Income": 70,
        "EBIT": 89,
        "Net Income": 29
    },
    "2019-12-31": {
        "Diluted EPS": 2.58,
        "Total Revenue": NaN,
        "Gross Profit": 411,
        "Operating Income": 91,
        "EBIT": 111,
        "Net Income": 43
    },
    "2019-09-30": {
        "Diluted EPS": 2.04,
        "Total Revenue": NaN,
        "Gross Profit": 466,
        "Operating Income": 83,
        "EBIT": 102,
        "Net Income": 37
    },
    "2019-06-30": {
        "Diluted EPS": 2.64,
        "Total Revenue": NaN,
        "Gross Profit": 454,
        "Operating Income": 97,
        "EBIT": 116,
        "Net Income": 49
    },
    "2019-03-31": {
        "Diluted EPS": 2.08,
        "Total Revenue": NaN,
        "Gross Profit": 432,
        "Operating Income": 87,
        "EBIT": 105,
        "Net Income": 39
    },
    "2018-12-31": {
        "Diluted EPS": 1.67,
        "Total Revenue": NaN,
        "Gross Profit": 432,
        "Operating Income": 75,
        "EBIT": 93,
        "Net Income": 30
    },
    "2018-09-30": {
        "Diluted EPS": 1.74,
        "Total Revenue": NaN,
        "Gross Profit": 435,
        "Operating Income": 78,
        "EBIT": 96,
        "Net Income": 34
    },
    "2018-06-30": {
        "Diluted EPS": 2.72,
        "Total Revenue": NaN,
        "Gross Profit": 438,
        "Operating Income": 109,
        "EBIT": 127,
        "Net Income": 55
    },
    "2018-03-31": {
        "Diluted EPS": 1.7,
        "Total Revenue": NaN,
        "Gross Profit": 420,
        "Operating Income": 79,
        "EBIT": 96,
        "Net Income": 35
    },
    "2017-12-31": {
        "Diluted EPS": 5.23,
        "Total Revenue": NaN,
        "Gross Profit": 426,
        "Operating Income": 91,
        "EBIT": 107,
        "Net Income": 107
    },
    "2017-09-30": {
        "Diluted EPS": 1.43,
        "Total Revenue": NaN,
        "Gross Profit": 431,
        "Operating Income": 79,
        "EBIT": 95,
        "Net Income": 29
    },
    "2017-06-30": {
        "Diluted EPS": 1.84,
        "Total Revenue": NaN,
        "Gross Profit": 405,
        "Operating Income": 92,
        "EBIT": 107,
        "Net Income": 38
    },
    "2017-03-31": {
        "Diluted EPS": 1.58,
        "Total Revenue": NaN,
        "Gross Profit": 384,
        "Operating Income": 80,
        "EBIT": 95,
        "Net Income": 33
    },
    "2016-12-31": {
        "Diluted EPS": 1.43,
        "Total Revenue": NaN,
        "Gross Profit": 389,
        "Operating Income": 77,
        "EBIT": 91,
        "Net Income": 30
    },
    "2016-09-30": {
        "Diluted EPS": 1.65,
        "Total Revenue": NaN,
        "Gross Profit": 407,
        "Operating Income": 84,
        "EBIT": 98,
        "Net Income": 34
    },
    "2016-06-30": {
        "Diluted EPS": 2.12,
        "Total Revenue": NaN,
        "Gross Profit": 410,
        "Operating Income": 97,
        "EBIT": 112,
        "Net Income": 45
    },
    "2016-03-31": {
        "Diluted EPS": 1.47,
        "Total Revenue": NaN,
        "Gross Profit": 389,
        "Operating Income": 82,
        "EBIT": 95,
        "Net Income": 33
    },
    "2015-12-31": {
        "Diluted EPS": -1.36,
        "Total Revenue": NaN,
        "Gross Profit": 380,
        "Operating Income": 3,
        "EBIT": 16,
        "Net Income": -32
    },
    "2015-09-30": {
        "Diluted EPS": 1.88,
        "Total Revenue": NaN,
        "Gross Profit": 398,
        "Operating Income": 97,
        "EBIT": 109,
        "Net Income": 44
    },
    "2015-06-30": {
        "Diluted EPS": 1.91,
        "Total Revenue": NaN,
        "Gross Profit": 392,
        "Operating Income": 98,
        "EBIT": 111,
        "Net Income": 45
    },
    "2015-03-31": {
        "Diluted EPS": 1.47,
        "Total Revenue": NaN,
        "Gross Profit": 364,
        "Operating Income": 81,
        "EBIT": 93,
        "Net Income": 34
    },
    "2014-12-31": {
        "Diluted EPS": 0.76,
        "Total Revenue": NaN,
        "Gross Profit": 366,
        "Operating Income": 56,
        "EBIT": 68,
        "Net Income": 18
    },
    "2014-09-30": {
        "Diluted EPS": 1.03,
        "Total Revenue": NaN,
        "Gross Profit": 375,
        "Operating Income": 90,
        "EBIT": 104,
        "Net Income": 25
    },
    "2014-06-30": {
        "Diluted EPS": 0.62,
        "Total Revenue": NaN,
        "Gross Profit": 369,
        "Operating Income": 85,
        "EBIT": 99,
        "Net Income": 16
    },
    "2014-03-31": {
        "Diluted EPS": 1.19,
        "Total Revenue": NaN,
        "Gross Profit": 338,
        "Operating Income": 71,
        "EBIT": 84,
        "Net Income": 30
    },
    "2013-12-31": {
        "Diluted EPS": 0.82,
        "Total Revenue": NaN,
        "Gross Profit": 321,
        "Operating Income": 61,
        "EBIT": 74,
        "Net Income": 21
    },
    "2013-09-30": {
        "Diluted EPS": 1.19,
        "Total Revenue": NaN,
        "Gross Profit": 329,
        "Operating Income": 73,
        "EBIT": 86,
        "Net Income": 31
    },
    "2013-06-30": {
        "Diluted EPS": 1.43,
        "Total Revenue": NaN,
        "Gross Profit": 341,
        "Operating Income": 81,
        "EBIT": 93,
        "Net Income": 36
    },
    "2013-03-31": {
        "Diluted EPS": 0.88,
        "Total Revenue": NaN,
        "Gross Profit": 300,
        "Operating Income": 59,
        "EBIT": 70,
        "Net Income": 21
    },
    "2012-12-31": {
        "Diluted EPS": 0.7,
        "Total Revenue": NaN,
        "Gross Profit": 280,
        "Operating Income": 46,
        "EBIT": 58,
        "Net Income": 16
    },
    "2012-09-30": {
        "Diluted EPS": 1.32,
        "Total Revenue": NaN,
        "Gross Profit": 291,
        "Operating Income": 67,
        "EBIT": 78,
        "Net Income": 30
    },
    "2012-06-30": {
        "Diluted EPS": 1.2,
        "Total Revenue": NaN,
        "Gross Profit": 285,
        "Operating Income": 63,
        "EBIT": 74,
        "Net Income": 27
    },
    "2012-03-31": {
        "Diluted EPS": 0.97,
        "Total Revenue": NaN,
        "Gross Profit": 260,
        "Operating Income": 54,
        "EBIT": 64,
        "Net Income": 22
    },
    "2011-12-31": {
        "Diluted EPS": 0.9,
        "Total Revenue": NaN,
        "Gross Profit": 246,
        "Operating Income": 50,
        "EBIT": 60,
        "Net Income": 21
    },
    "2011-09-30": {
        "Diluted EPS": 0.91,
        "Total Revenue": NaN,
        "Gross Profit": 249,
        "Operating Income": 50,
        "EBIT": 60,
        "Net Income": 20
    },
    "2011-06-30": {
        "Diluted EPS": 1.03,
        "Total Revenue": NaN,
        "Gross Profit": 244,
        "Operating Income": 54,
        "EBIT": 64,
        "Net Income": 23
    },
    "2011-03-31": {
        "Diluted EPS": 0.64,
        "Total Revenue": NaN,
        "Gross Profit": 222,
        "Operating Income": 39,
        "EBIT": 49,
        "Net Income": 14
    },
    "2010-12-31": {
        "Diluted EPS": 0.45,
        "Total Revenue": NaN,
        "Gross Profit": 217,
        "Operating Income": 32,
        "EBIT": 42,
        "Net Income": 11
    },
    "2010-09-30": {
        "Diluted EPS": 0.83,
        "Total Revenue": NaN,
        "Gross Profit": 229,
        "Operating Income": 47,
        "EBIT": 56,
        "Net Income": 19
    },
    "2010-06-30": {
        "Diluted EPS": 0.54,
        "Total Revenue": NaN,
        "Gross Profit": 227,
        "Operating Income": 36,
        "EBIT": 45,
        "Net Income": 13
    },
    "2010-03-31": {
        "Diluted EPS": 0.34,
        "Total Revenue": NaN,
        "Gross Profit": 205,
        "Operating Income": 32,
        "EBIT": 40,
        "Net Income": 8
    },
    "2009-12-31": {
        "Diluted EPS": -0.15,
        "Total Revenue": NaN,
        "Gross Profit": 190,
        "Operating Income": 11,
        "EBIT": 19,
        "Net Income": -4
    },
    "2009-09-30": {
        "Diluted EPS": 0.78,
        "Total Revenue": NaN,
        "Gross Profit": 212,
        "Operating Income": 42,
        "EBIT": 50,
        "Net Income": 18
    },
    "2009-06-30": {
        "Diluted EPS": 0.43,
        "Total Revenue": NaN,
        "Gross Profit": 191,
        "Operating Income": 32,
        "EBIT": 40,
        "Net Income": 10
    },
    "2009-03-31": {
        "Diluted EPS": 0.37,
        "Total Revenue": NaN,
        "Gross Profit": 183,
        "Operating Income": 23,
        "EBIT": 31,
        "Net Income": 8
    },
    "2023-09-30": {
        "Tax Effect Of Unusual Items": -1228800.0,
        "Tax Rate For Calcs": 0.256,
        "Normalized EBITDA": 291400000.0,
        "Total Unusual Items": -4800000.0,
        "Total Unusual Items Excluding Goodwill": -4800000.0,
        "Net Income From Continuing Operation Net Minority Interest": 164100000.0,
        "Reconciled Depreciation": 23100000.0,
        "Reconciled Cost Of Revenue": 3918900000.0,
        "EBITDA": 286600000.0,
        "EBIT": 263500000.0,
        "Net Interest Income": -43000000.0,
        "Interest Expense": 43000000.0,
        "Normalized Income": 167671200.0,
        "Net Income From Continuing And Discontinued Operation": 163900000.0,
        "Total Expenses": 4438700000.0,
        "Total Operating Income As Reported": 261600000.0,
        "Diluted Average Shares": 13823202.0,
        "Basic Average Shares": 13823202.0,
        "Diluted EPS": 11.567508,
        "Basic EPS": 11.567508,
        "Diluted NI Availto Com Stockholders": 159900000.0,
        "Average Dilution Earnings": -4000000.0,
        "Net Income Common Stockholders": 159900000.0,
        "Otherunder Preferred Stock Dividend": 4000000.0,
        "Net Income": 163900000.0,
        "Net Income Including Noncontrolling Interests": 163900000.0,
        "Net Income Discontinuous Operations": -200000.0,
        "Net Income Continuous Operations": 164100000.0,
        "Tax Provision": 56400000.0,
        "Pretax Income": 220500000.0,
        "Other Income Expense": -2900000.0,
        "Other Non Operating Income Expenses": 1900000.0,
        "Special Income Charges": -4800000.0,
        "Write Off": 4800000.0,
        "Net Non Operating Interest Income Expense": -43000000.0,
        "Interest Expense Non Operating": 43000000.0,
        "Operating Income": 266400000.0,
        "Operating Expense": 519800000.0,
        "Depreciation Amortization Depletion Income Statement": 23100000.0,
        "Depreciation And Amortization In Income Statement": 23100000.0,
        "Selling General And Administration": 496700000.0,
        "Gross Profit": 786200000.0,
        "Cost Of Revenue": 3918900000.0,
        "Total Revenue": 4705100000.0,
        "Operating Revenue": 4705100000.0
    }
}