{
    "2023-03-31": {
        "Tax Effect Of Unusual Items": NaN,
        "Tax Rate For Calcs": NaN,
        "Normalized EBITDA": NaN,
        "Total Unusual Items": NaN,
        "Total Unusual Items Excluding Goodwill": NaN,
        "Net Income From Continuing Operation Net Minority Interest": NaN,
        "Reconciled Depreciation": NaN,
        "Reconciled Cost Of Revenue": NaN,
        "EBITDA": NaN,
        "EBIT": NaN,
        "Net Interest Income": NaN,
        "Interest Expense": NaN,
        "Normalized Income": NaN,
        "Net Income From Continuing And Discontinued Operation": NaN,
        "Total Expenses": NaN,
        "Total Operating Income As Reported": NaN,
        "Diluted Average Shares": 173599925.0,
        "Basic Average Shares": 173599925.0,
        "Diluted EPS": -0.19,
        "Basic EPS": -0.19,
        "Diluted NI Availto Com Stockholders": NaN,
        "Net Income Common Stockholders": NaN,
        "Net Income": NaN,
        "Net Income Including Noncontrolling Interests": NaN,
        "Net Income Continuous Operations": NaN,
        "Tax Provision": NaN,
        "Pretax Income": NaN,
        "Other Income Expense": NaN,
        "Other Non Operating Income Expenses": NaN,
        "Gain On Sale Of Security": NaN,
        "Net Non Operating Interest Income Expense": NaN,
        "Interest Expense Non Operating": NaN,
        "Operating Income": NaN,
        "Operating Expense": NaN,
        "Depreciation Amortization Depletion Income Statement": NaN,
        "Depreciation And Amortization In Income Statement": NaN,
        "Research And Development": NaN,
        "Selling General And Administration": NaN,
        "Gross Profit": NaN,
        "Cost Of Revenue": NaN,
        "Total Revenue": NaN,
        "Operating Revenue": NaN
    },
    "2022-09-30": {
        "Tax Effect Of Unusual Items": NaN,
        "Tax Rate For Calcs": NaN,
        "Normalized EBITDA": NaN,
        "Total Unusual Items": NaN,
        "Total Unusual Items Excluding Goodwill": NaN,
        "Net Income From Continuing Operation Net Minority Interest": NaN,
        "Reconciled Depreciation": NaN,
        "Reconciled Cost Of Revenue": NaN,
        "EBITDA": NaN,
        "EBIT": NaN,
        "Net Interest Income": NaN,
        "Interest Expense": NaN,
        "Normalized Income": NaN,
        "Net Income From Continuing And Discontinued Operation": NaN,
        "Total Expenses": NaN,
        "Total Operating Income As Reported": NaN,
        "Diluted Average Shares": 173524360.0,
        "Basic Average Shares": 173524360.0,
        "Diluted EPS": -0.026838,
        "Basic EPS": -0.026838,
        "Diluted NI Availto Com Stockholders": NaN,
        "Net Income Common Stockholders": NaN,
        "Net Income": NaN,
        "Net Income Including Noncontrolling Interests": NaN,
        "Net Income Continuous Operations": NaN,
        "Tax Provision": NaN,
        "Pretax Income": NaN,
        "Other Income Expense": NaN,
        "Other Non Operating Income Expenses": NaN,
        "Gain On Sale Of Security": NaN,
        "Net Non Operating Interest Income Expense": NaN,
        "Interest Expense Non Operating": NaN,
        "Operating Income": NaN,
        "Operating Expense": NaN,
        "Depreciation Amortization Depletion Income Statement": NaN,
        "Depreciation And Amortization In Income Statement": NaN,
        "Research And Development": NaN,
        "Selling General And Administration": NaN,
        "Gross Profit": NaN,
        "Cost Of Revenue": NaN,
        "Total Revenue": NaN,
        "Operating Revenue": NaN
    },
    "2022-06-30": {
        "Tax Effect Of Unusual Items": 0.0,
        "Tax Rate For Calcs": 0.188359,
        "Normalized EBITDA": 7039000.0,
        "Total Unusual Items": NaN,
        "Total Unusual Items Excluding Goodwill": NaN,
        "Net Income From Continuing Operation Net Minority Interest": -4309000.0,
        "Reconciled Depreciation": 9092000.0,
        "Reconciled Cost Of Revenue": 12102000.0,
        "EBITDA": 7039000.0,
        "EBIT": -2053000.0,
        "Net Interest Income": -3256000.0,
        "Interest Expense": 3256000.0,
        "Normalized Income": -4309000.0,
        "Net Income From Continuing And Discontinued Operation": -4309000.0,
        "Total Expenses": 48610000.0,
        "Total Operating Income As Reported": -2055000.0,
        "Diluted Average Shares": 152867466.0,
        "Basic Average Shares": 152811130.0,
        "Diluted EPS": -0.028152,
        "Basic EPS": -0.028152,
        "Diluted NI Availto Com Stockholders": -4309000.0,
        "Net Income Common Stockholders": -4309000.0,
        "Net Income": -4309000.0,
        "Net Income Including Noncontrolling Interests": -4309000.0,
        "Net Income Continuous Operations": -4309000.0,
        "Tax Provision": -1000000.0,
        "Pretax Income": -5309000.0,
        "Other Income Expense": 2000.0,
        "Other Non Operating Income Expenses": 2000.0,
        "Gain On Sale Of Security": NaN,
        "Net Non Operating Interest Income Expense": -3256000.0,
        "Total Other Finance Cost": NaN,
        "Interest Expense Non Operating": 3256000.0,
        "Operating Income": -2055000.0,
        "Operating Expense": 36508000.0,
        "Depreciation Amortization Depletion Income Statement": 9092000.0,
        "Depreciation And Amortization In Income Statement": 9092000.0,
        "Research And Development": 4175000.0,
        "Selling General And Administration": 23241000.0,
        "Gross Profit": 34453000.0,
        "Cost Of Revenue": 12102000.0,
        "Total Revenue": 46555000.0,
        "Operating Revenue": 46555000.0
    },
    "2022-12-31": {
        "Tax Effect Of Unusual Items": 0.0,
        "Tax Rate For Calcs": 0.21,
        "Normalized EBITDA": 31554000.0,
        "Total Unusual Items": NaN,
        "Total Unusual Items Excluding Goodwill": NaN,
        "Net Income From Continuing Operation Net Minority Interest": 5310000.0,
        "Reconciled Depreciation": 10290000.0,
        "Reconciled Cost Of Revenue": 14522000.0,
        "EBITDA": 31554000.0,
        "EBIT": 21264000.0,
        "Net Interest Income": -20540000.0,
        "Interest Expense": 20540000.0,
        "Normalized Income": 5310000.0,
        "Net Income From Continuing And Discontinued Operation": 5310000.0,
        "Total Expenses": 52089000.0,
        "Total Operating Income As Reported": 2439000.0,
        "Diluted Average Shares": NaN,
        "Basic Average Shares": NaN,
        "Diluted EPS": NaN,
        "Basic EPS": NaN,
        "Diluted NI Availto Com Stockholders": 5310000.0,
        "Net Income Common Stockholders": 5310000.0,
        "Net Income": 5310000.0,
        "Net Income Including Noncontrolling Interests": 5310000.0,
        "Net Income Continuous Operations": 5310000.0,
        "Tax Provision": -4586000.0,
        "Pretax Income": 724000.0,
        "Other Income Expense": 18825000.0,
        "Other Non Operating Income Expenses": -2470000.0,
        "Gain On Sale Of Security": NaN,
        "Net Non Operating Interest Income Expense": -20540000.0,
        "Interest Expense Non Operating": 20540000.0,
        "Operating Income": 2439000.0,
        "Operating Expense": 37567000.0,
        "Depreciation Amortization Depletion Income Statement": 10290000.0,
        "Depreciation And Amortization In Income Statement": 10290000.0,
        "Research And Development": 5919000.0,
        "Selling General And Administration": 21358000.0,
        "Gross Profit": 40006000.0,
        "Cost Of Revenue": 14522000.0,
        "Total Revenue": 54528000.0,
        "Operating Revenue": 54528000.0
    },
    "2022-03-31": {
        "Diluted EPS": 0.03,
        "Total Revenue": 44,
        "Gross Profit": 32,
        "Operating Income": 9,
        "EBIT": 18,
        "Net Income": 5
    },
    "2021-12-31": {
        "Diluted EPS": -0.63,
        "Total Revenue": NaN,
        "Gross Profit": NaN,
        "Operating Income": -121,
        "EBIT": -121,
        "Net Income": -18
    },
    "2021-09-30": {
        "Diluted EPS": 0.34,
        "Total Revenue": NaN,
        "Gross Profit": NaN,
        "Operating Income": -1,
        "EBIT": -1,
        "Net Income": 12
    },
    "2021-06-30": {
        "Diluted EPS": 0.16,
        "Total Revenue": NaN,
        "Gross Profit": NaN,
        "Operating Income": -1,
        "EBIT": -1,
        "Net Income": 5
    },
    "2021-03-31": {
        "Diluted EPS": 0.16,
        "Total Revenue": NaN,
        "Gross Profit": NaN,
        "Operating Income": 0,
        "EBIT": 0,
        "Net Income": 6
    },
    "2020-12-31": {
        "Diluted EPS": 0.0,
        "Total Revenue": NaN,
        "Gross Profit": NaN,
        "Operating Income": NaN,
        "EBIT": NaN,
        "Net Income": NaN
    },
    "2020-09-30": {
        "Diluted EPS": 0.0,
        "Total Revenue": NaN,
        "Gross Profit": NaN,
        "Operating Income": 0,
        "EBIT": 0,
        "Net Income": 0
    },
    "2023-06-30": {
        "Tax Effect Of Unusual Items": NaN,
        "Tax Rate For Calcs": NaN,
        "Normalized EBITDA": NaN,
        "Total Unusual Items": NaN,
        "Total Unusual Items Excluding Goodwill": NaN,
        "Net Income From Continuing Operation Net Minority Interest": NaN,
        "Reconciled Depreciation": NaN,
        "Reconciled Cost Of Revenue": NaN,
        "EBITDA": NaN,
        "EBIT": NaN,
        "Net Interest Income": NaN,
        "Interest Expense": NaN,
        "Normalized Income": NaN,
        "Net Income From Continuing And Discontinued Operation": NaN,
        "Total Expenses": NaN,
        "Total Operating Income As Reported": NaN,
        "Diluted Average Shares": 174380412.0,
        "Basic Average Shares": 173896490.0,
        "Diluted EPS": 0.13,
        "Basic EPS": 0.13,
        "Diluted NI Availto Com Stockholders": NaN,
        "Net Income Common Stockholders": NaN,
        "Net Income": NaN,
        "Net Income Including Noncontrolling Interests": NaN,
        "Net Income Continuous Operations": NaN,
        "Tax Provision": NaN,
        "Pretax Income": NaN,
        "Other Income Expense": NaN,
        "Other Non Operating Income Expenses": NaN,
        "Gain On Sale Of Security": NaN,
        "Net Non Operating Interest Income Expense": NaN,
        "Interest Expense Non Operating": NaN,
        "Operating Income": NaN,
        "Operating Expense": NaN,
        "Depreciation Amortization Depletion Income Statement": NaN,
        "Depreciation And Amortization In Income Statement": NaN,
        "Research And Development": NaN,
        "Selling General And Administration": NaN,
        "Gross Profit": NaN,
        "Cost Of Revenue": NaN,
        "Total Revenue": NaN,
        "Operating Revenue": NaN
    },
    "2023-09-30": {
        "Tax Effect Of Unusual Items": -706020.0,
        "Tax Rate For Calcs": 0.21,
        "Normalized EBITDA": 21935000.0,
        "Total Unusual Items": -3362000.0,
        "Total Unusual Items Excluding Goodwill": -3362000.0,
        "Net Income From Continuing Operation Net Minority Interest": -437000.0,
        "Reconciled Depreciation": 5753000.0,
        "Reconciled Cost Of Revenue": 18243000.0,
        "EBITDA": 18573000.0,
        "EBIT": 12820000.0,
        "Net Interest Income": -11985000.0,
        "Interest Expense": 11985000.0,
        "Normalized Income": 2218980.0,
        "Net Income From Continuing And Discontinued Operation": -437000.0,
        "Total Expenses": 53686000.0,
        "Total Operating Income As Reported": 16572000.0,
        "Diluted Average Shares": 174113605.0,
        "Basic Average Shares": 174113605.0,
        "Diluted EPS": -0.00251,
        "Basic EPS": -0.00251,
        "Diluted NI Availto Com Stockholders": -437000.0,
        "Net Income Common Stockholders": -437000.0,
        "Net Income": -437000.0,
        "Net Income Including Noncontrolling Interests": -437000.0,
        "Net Income Continuous Operations": -437000.0,
        "Tax Provision": 1272000.0,
        "Pretax Income": 835000.0,
        "Other Income Expense": -3752000.0,
        "Other Non Operating Income Expenses": -390000.0,
        "Gain On Sale Of Security": -3362000.0,
        "Net Non Operating Interest Income Expense": -11985000.0,
        "Interest Expense Non Operating": 11985000.0,
        "Operating Income": 16572000.0,
        "Operating Expense": 35443000.0,
        "Depreciation Amortization Depletion Income Statement": 5753000.0,
        "Depreciation And Amortization In Income Statement": 5753000.0,
        "Research And Development": 13270000.0,
        "Selling General And Administration": 16420000.0,
        "Gross Profit": 52015000.0,
        "Cost Of Revenue": 18243000.0,
        "Total Revenue": 70258000.0,
        "Operating Revenue": 70258000.0
    },
    "2023-12-31": {
        "Tax Effect Of Unusual Items": -10434900.0,
        "Tax Rate For Calcs": 0.21,
        "Normalized EBITDA": 21734000.0,
        "Total Unusual Items": -49690000.0,
        "Total Unusual Items Excluding Goodwill": -49690000.0,
        "Net Income From Continuing Operation Net Minority Interest": -44763000.0,
        "Reconciled Depreciation": 5196000.0,
        "Reconciled Cost Of Revenue": 18290000.0,
        "EBITDA": -27956000.0,
        "EBIT": -33152000.0,
        "Net Interest Income": -10312000.0,
        "Interest Expense": 10312000.0,
        "Normalized Income": -5507900.0,
        "Net Income From Continuing And Discontinued Operation": -44763000.0,
        "Total Expenses": 55731000.0,
        "Total Operating Income As Reported": 16355000.0,
        "Diluted Average Shares": NaN,
        "Basic Average Shares": NaN,
        "Diluted EPS": NaN,
        "Basic EPS": NaN,
        "Diluted NI Availto Com Stockholders": -44763000.0,
        "Net Income Common Stockholders": -44763000.0,
        "Net Income": -44763000.0,
        "Net Income Including Noncontrolling Interests": -44763000.0,
        "Net Income Continuous Operations": -44763000.0,
        "Tax Provision": 1299000.0,
        "Pretax Income": -43464000.0,
        "Other Income Expense": -49507000.0,
        "Other Non Operating Income Expenses": 183000.0,
        "Gain On Sale Of Security": -38108000.0,
        "Net Non Operating Interest Income Expense": -10312000.0,
        "Interest Expense Non Operating": 10312000.0,
        "Operating Income": 16355000.0,
        "Operating Expense": 37441000.0,
        "Depreciation Amortization Depletion Income Statement": 5196000.0,
        "Depreciation And Amortization In Income Statement": 5196000.0,
        "Research And Development": 4351000.0,
        "Selling General And Administration": 27894000.0,
        "Gross Profit": 53796000.0,
        "Cost Of Revenue": 18290000.0,
        "Total Revenue": 72086000.0,
        "Operating Revenue": 72086000.0
    },
    "2024-03-31": {
        "Tax Effect Of Unusual Items": -3922800.0,
        "Tax Rate For Calcs": 0.21,
        "Normalized EBITDA": 23258000.0,
        "Total Unusual Items": -18680000.0,
        "Total Unusual Items Excluding Goodwill": -18680000.0,
        "Net Income From Continuing Operation Net Minority Interest": -9406000.0,
        "Reconciled Depreciation": 4119000.0,
        "Reconciled Cost Of Revenue": 19620000.0,
        "EBITDA": 4578000.0,
        "EBIT": 459000.0,
        "Net Interest Income": -7185000.0,
        "Interest Expense": 7185000.0,
        "Normalized Income": 5351200.0,
        "Net Income From Continuing And Discontinued Operation": -9406000.0,
        "Total Expenses": 56089000.0,
        "Total Operating Income As Reported": 19256000.0,
        "Diluted Average Shares": 175516307.0,
        "Basic Average Shares": 175516307.0,
        "Diluted EPS": -0.05,
        "Basic EPS": -0.05,
        "Diluted NI Availto Com Stockholders": -9406000.0,
        "Net Income Common Stockholders": -9406000.0,
        "Net Income": -9406000.0,
        "Net Income Including Noncontrolling Interests": -9406000.0,
        "Net Income Continuous Operations": -9406000.0,
        "Tax Provision": 2680000.0,
        "Pretax Income": -6726000.0,
        "Other Income Expense": -18797000.0,
        "Other Non Operating Income Expenses": -117000.0,
        "Gain On Sale Of Security": -18680000.0,
        "Net Non Operating Interest Income Expense": -7185000.0,
        "Interest Expense Non Operating": 7185000.0,
        "Operating Income": 19256000.0,
        "Operating Expense": 36469000.0,
        "Depreciation Amortization Depletion Income Statement": 4119000.0,
        "Depreciation And Amortization In Income Statement": 4119000.0,
        "Research And Development": 5741000.0,
        "Selling General And Administration": 26609000.0,
        "Gross Profit": 55725000.0,
        "Cost Of Revenue": 19620000.0,
        "Total Revenue": 75345000.0,
        "Operating Revenue": 75345000.0
    },
    "2024-06-30": {
        "Tax Effect Of Unusual Items": -7374780.0,
        "Tax Rate For Calcs": 0.21,
        "Normalized EBITDA": 28563000.0,
        "Total Unusual Items": -35118000.0,
        "Total Unusual Items Excluding Goodwill": -35118000.0,
        "Net Income From Continuing Operation Net Minority Interest": -22424000.0,
        "Reconciled Depreciation": 4235000.0,
        "Reconciled Cost Of Revenue": 20999000.0,
        "EBITDA": -6555000.0,
        "EBIT": -10790000.0,
        "Net Interest Income": -6669000.0,
        "Interest Expense": 6669000.0,
        "Normalized Income": 5319220.0,
        "Net Income From Continuing And Discontinued Operation": -22424000.0,
        "Total Expenses": 57790000.0,
        "Total Operating Income As Reported": 24555000.0,
        "Diluted Average Shares": 175676957.0,
        "Basic Average Shares": 175676957.0,
        "Diluted EPS": -0.13,
        "Basic EPS": -0.13,
        "Diluted NI Availto Com Stockholders": -22424000.0,
        "Net Income Common Stockholders": -22424000.0,
        "Net Income": -22424000.0,
        "Net Income Including Noncontrolling Interests": -22424000.0,
        "Net Income Continuous Operations": -22424000.0,
        "Tax Provision": 4965000.0,
        "Pretax Income": -17459000.0,
        "Other Income Expense": -35345000.0,
        "Other Non Operating Income Expenses": -227000.0,
        "Gain On Sale Of Security": -35118000.0,
        "Net Non Operating Interest Income Expense": -6669000.0,
        "Interest Expense Non Operating": 6669000.0,
        "Operating Income": 24555000.0,
        "Operating Expense": 36791000.0,
        "Depreciation Amortization Depletion Income Statement": 4235000.0,
        "Depreciation And Amortization In Income Statement": 4235000.0,
        "Research And Development": 7754000.0,
        "Selling General And Administration": 24802000.0,
        "Gross Profit": 61346000.0,
        "Cost Of Revenue": 20999000.0,
        "Total Revenue": 82345000.0,
        "Operating Revenue": 82345000.0
    },
    "2024-09-30": {
        "Tax Effect Of Unusual Items": 1518427.264319,
        "Tax Rate For Calcs": 0.184746,
        "Normalized EBITDA": 32696000.0,
        "Total Unusual Items": 8219000.0,
        "Total Unusual Items Excluding Goodwill": 8219000.0,
        "Net Income From Continuing Operation Net Minority Interest": 24681000.0,
        "Reconciled Depreciation": 4241000.0,
        "Reconciled Cost Of Revenue": 22915000.0,
        "EBITDA": 40915000.0,
        "EBIT": 36674000.0,
        "Net Interest Income": -6400000.0,
        "Interest Expense": 6400000.0,
        "Normalized Income": 17980427.264319,
        "Net Income From Continuing And Discontinued Operation": 24681000.0,
        "Total Expenses": 60938000.0,
        "Total Operating Income As Reported": 28387000.0,
        "Diluted Average Shares": 179961828.0,
        "Basic Average Shares": 176034571.0,
        "Diluted EPS": 0.09,
        "Basic EPS": 0.14,
        "Diluted NI Availto Com Stockholders": 24681000.0,
        "Net Income Common Stockholders": 24681000.0,
        "Net Income": 24681000.0,
        "Net Income Including Noncontrolling Interests": 24681000.0,
        "Net Income Continuous Operations": 24681000.0,
        "Tax Provision": 5593000.0,
        "Pretax Income": 30274000.0,
        "Other Income Expense": 8287000.0,
        "Other Non Operating Income Expenses": 68000.0,
        "Gain On Sale Of Security": 8219000.0,
        "Net Non Operating Interest Income Expense": -6400000.0,
        "Interest Expense Non Operating": 6400000.0,
        "Operating Income": 28387000.0,
        "Operating Expense": 38023000.0,
        "Depreciation Amortization Depletion Income Statement": 4241000.0,
        "Depreciation And Amortization In Income Statement": 4241000.0,
        "Research And Development": 8806000.0,
        "Selling General And Administration": 24976000.0,
        "Gross Profit": 66410000.0,
        "Cost Of Revenue": 22915000.0,
        "Total Revenue": 89325000.0,
        "Operating Revenue": 89325000.0
    }
}