{
    "2023-03-31": {
        "Tax Effect Of Unusual Items": NaN,
        "Tax Rate For Calcs": NaN,
        "Normalized EBITDA": NaN,
        "Total Unusual Items": NaN,
        "Total Unusual Items Excluding Goodwill": NaN,
        "Net Income From Continuing Operation Net Minority Interest": NaN,
        "Reconciled Depreciation": NaN,
        "Reconciled Cost Of Revenue": NaN,
        "EBITDA": NaN,
        "EBIT": NaN,
        "Net Interest Income": NaN,
        "Interest Expense": NaN,
        "Normalized Income": NaN,
        "Net Income From Continuing And Discontinued Operation": NaN,
        "Total Expenses": NaN,
        "Total Operating Income As Reported": NaN,
        "Diluted Average Shares": NaN,
        "Basic Average Shares": NaN,
        "Diluted EPS": NaN,
        "Basic EPS": NaN,
        "Diluted NI Availto Com Stockholders": NaN,
        "Average Dilution Earnings": NaN,
        "Net Income Common Stockholders": NaN,
        "Otherunder Preferred Stock Dividend": NaN,
        "Net Income": NaN,
        "Net Income Including Noncontrolling Interests": NaN,
        "Net Income Continuous Operations": NaN,
        "Tax Provision": NaN,
        "Pretax Income": NaN,
        "Other Income Expense": NaN,
        "Other Non Operating Income Expenses": NaN,
        "Special Income Charges": 0.0,
        "Impairment Of Capital Assets": 0.0,
        "Earnings From Equity Interest": 0.0,
        "Gain On Sale Of Security": NaN,
        "Net Non Operating Interest Income Expense": NaN,
        "Interest Expense Non Operating": NaN,
        "Operating Income": NaN,
        "Operating Expense": NaN,
        "Depreciation Amortization Depletion Income Statement": 33852000.0,
        "Depletion Income Statement": 33852000.0,
        "Selling General And Administration": NaN,
        "General And Administrative Expense": NaN,
        "Other Gand A": NaN,
        "Salaries And Wages": NaN,
        "Gross Profit": NaN,
        "Cost Of Revenue": NaN,
        "Total Revenue": NaN,
        "Operating Revenue": NaN
    },
    "2022-12-31": {
        "Tax Effect Of Unusual Items": NaN,
        "Tax Rate For Calcs": NaN,
        "Normalized EBITDA": NaN,
        "Total Unusual Items": NaN,
        "Total Unusual Items Excluding Goodwill": NaN,
        "Net Income From Continuing Operation Net Minority Interest": NaN,
        "Reconciled Depreciation": NaN,
        "Reconciled Cost Of Revenue": NaN,
        "EBITDA": NaN,
        "EBIT": NaN,
        "Net Interest Income": NaN,
        "Interest Expense": NaN,
        "Normalized Income": NaN,
        "Net Income From Continuing And Discontinued Operation": NaN,
        "Total Expenses": NaN,
        "Total Operating Income As Reported": NaN,
        "Diluted Average Shares": 133071000.0,
        "Basic Average Shares": 132920000.0,
        "Diluted EPS": 0.43,
        "Basic EPS": 0.43,
        "Diluted NI Availto Com Stockholders": NaN,
        "Average Dilution Earnings": NaN,
        "Net Income Common Stockholders": NaN,
        "Otherunder Preferred Stock Dividend": NaN,
        "Net Income": NaN,
        "Net Income Including Noncontrolling Interests": NaN,
        "Net Income Continuous Operations": NaN,
        "Tax Provision": NaN,
        "Pretax Income": NaN,
        "Other Income Expense": NaN,
        "Other Non Operating Income Expenses": NaN,
        "Special Income Charges": NaN,
        "Impairment Of Capital Assets": NaN,
        "Earnings From Equity Interest": NaN,
        "Gain On Sale Of Security": NaN,
        "Net Non Operating Interest Income Expense": NaN,
        "Interest Expense Non Operating": NaN,
        "Operating Income": NaN,
        "Operating Expense": NaN,
        "Depreciation Amortization Depletion Income Statement": NaN,
        "Depletion Income Statement": NaN,
        "Selling General And Administration": NaN,
        "General And Administrative Expense": NaN,
        "Other Gand A": NaN,
        "Salaries And Wages": NaN,
        "Gross Profit": NaN,
        "Cost Of Revenue": NaN,
        "Total Revenue": NaN,
        "Operating Revenue": NaN
    },
    "2022-06-30": {
        "Tax Effect Of Unusual Items": -93629.6,
        "Tax Rate For Calcs": 0.4,
        "Normalized EBITDA": 1900201.0,
        "Total Unusual Items": -234074.0,
        "Total Unusual Items Excluding Goodwill": -234074.0,
        "Net Income From Continuing Operation Net Minority Interest": 990010.0,
        "Reconciled Depreciation": 668890.0,
        "Reconciled Cost Of Revenue": 566496.0,
        "EBITDA": 1666127.0,
        "EBIT": 997237.0,
        "Net Interest Income": -7227.0,
        "Interest Expense": 7227.0,
        "Normalized Income": 1130454.4,
        "Net Income From Continuing And Discontinued Operation": 990010.0,
        "Total Expenses": 1190686.0,
        "Total Operating Income As Reported": 1231311.0,
        "Diluted Average Shares": 133294897.0,
        "Basic Average Shares": 133294897.0,
        "Diluted EPS": 0.699832,
        "Basic EPS": 0.699832,
        "Diluted NI Availto Com Stockholders": 990010.0,
        "Average Dilution Earnings": 0.0,
        "Net Income Common Stockholders": 990010.0,
        "Otherunder Preferred Stock Dividend": 0.0,
        "Net Income": 990010.0,
        "Net Income Including Noncontrolling Interests": 990010.0,
        "Net Income Continuous Operations": 990010.0,
        "Tax Provision": 0.0,
        "Pretax Income": 990010.0,
        "Other Income Expense": -234074.0,
        "Special Income Charges": NaN,
        "Gain On Sale Of Ppe": NaN,
        "Impairment Of Capital Assets": NaN,
        "Gain On Sale Of Security": -234074.0,
        "Net Non Operating Interest Income Expense": -7227.0,
        "Interest Expense Non Operating": 7227.0,
        "Operating Income": 1231311.0,
        "Operating Expense": 624190.0,
        "Depreciation Amortization Depletion Income Statement": 668890.0,
        "Depletion Income Statement": 668890.0,
        "Selling General And Administration": -44700.0,
        "General And Administrative Expense": -44700.0,
        "Other Gand A": -44700.0,
        "Gross Profit": 1855501.0,
        "Cost Of Revenue": 566496.0,
        "Total Revenue": 2421997.0,
        "Operating Revenue": 2421997.0
    },
    "2022-09-30": {
        "Tax Effect Of Unusual Items": NaN,
        "Tax Rate For Calcs": NaN,
        "Normalized EBITDA": NaN,
        "Total Unusual Items": NaN,
        "Total Unusual Items Excluding Goodwill": NaN,
        "Net Income From Continuing Operation Net Minority Interest": NaN,
        "Reconciled Depreciation": NaN,
        "Reconciled Cost Of Revenue": NaN,
        "EBITDA": NaN,
        "EBIT": NaN,
        "Net Interest Income": NaN,
        "Interest Expense": NaN,
        "Normalized Income": NaN,
        "Net Income From Continuing And Discontinued Operation": NaN,
        "Total Expenses": NaN,
        "Total Operating Income As Reported": NaN,
        "Diluted Average Shares": NaN,
        "Basic Average Shares": NaN,
        "Diluted EPS": NaN,
        "Basic EPS": NaN,
        "Diluted NI Availto Com Stockholders": NaN,
        "Average Dilution Earnings": NaN,
        "Net Income Common Stockholders": NaN,
        "Otherunder Preferred Stock Dividend": NaN,
        "Net Income": NaN,
        "Net Income Including Noncontrolling Interests": NaN,
        "Net Income Continuous Operations": NaN,
        "Tax Provision": NaN,
        "Pretax Income": NaN,
        "Other Income Expense": NaN,
        "Other Non Operating Income Expenses": NaN,
        "Special Income Charges": NaN,
        "Impairment Of Capital Assets": NaN,
        "Earnings From Equity Interest": NaN,
        "Gain On Sale Of Security": NaN,
        "Net Non Operating Interest Income Expense": NaN,
        "Interest Expense Non Operating": NaN,
        "Operating Income": NaN,
        "Operating Expense": NaN,
        "Depreciation Amortization Depletion Income Statement": NaN,
        "Depletion Income Statement": NaN,
        "Selling General And Administration": NaN,
        "General And Administrative Expense": NaN,
        "Other Gand A": NaN,
        "Salaries And Wages": 0.0,
        "Gross Profit": NaN,
        "Cost Of Revenue": NaN,
        "Total Revenue": NaN,
        "Operating Revenue": NaN
    },
    "2022-03-31": {
        "Diluted EPS": 0.24,
        "Total Revenue": 94,
        "Gross Profit": 94,
        "Operating Income": 61,
        "EBIT": 77,
        "Net Income": 32
    },
    "2021-12-31": {
        "Diluted EPS": 0.81,
        "Total Revenue": 234,
        "Gross Profit": 234,
        "Operating Income": 112,
        "EBIT": 161,
        "Net Income": 83
    },
    "2021-09-30": {
        "Diluted EPS": 0.0,
        "Total Revenue": 56,
        "Gross Profit": 56,
        "Operating Income": 32,
        "EBIT": 32,
        "Net Income": 25
    },
    "2021-06-30": {
        "Diluted EPS": -0.03,
        "Total Revenue": NaN,
        "Gross Profit": NaN,
        "Operating Income": 0,
        "EBIT": 0,
        "Net Income": -1
    },
    "2021-03-31": {
        "Diluted EPS": 0.04,
        "Total Revenue": NaN,
        "Gross Profit": NaN,
        "Operating Income": 0,
        "EBIT": 0,
        "Net Income": 2
    },
    "2020-12-31": {
        "Diluted EPS": 0.0,
        "Total Revenue": NaN,
        "Gross Profit": NaN,
        "Operating Income": NaN,
        "EBIT": NaN,
        "Net Income": NaN
    },
    "2020-09-30": {
        "Diluted EPS": 0.17,
        "Total Revenue": NaN,
        "Gross Profit": NaN,
        "Operating Income": 0,
        "EBIT": 0,
        "Net Income": 1
    },
    "2023-06-30": {
        "Tax Effect Of Unusual Items": -3142911.0,
        "Tax Rate For Calcs": 0.321,
        "Normalized EBITDA": 58837000.0,
        "Total Unusual Items": -9791000.0,
        "Total Unusual Items Excluding Goodwill": -9791000.0,
        "Net Income From Continuing Operation Net Minority Interest": 8737000.0,
        "Reconciled Depreciation": 34969000.0,
        "Reconciled Cost Of Revenue": 55678000.0,
        "EBITDA": 49046000.0,
        "EBIT": 14077000.0,
        "Net Interest Income": -1211000.0,
        "Interest Expense": 1211000.0,
        "Normalized Income": 15385089.0,
        "Net Income From Continuing And Discontinued Operation": 8737000.0,
        "Total Expenses": 63689000.0,
        "Total Operating Income As Reported": 23868000.0,
        "Diluted Average Shares": 132880000.0,
        "Basic Average Shares": 132866000.0,
        "Diluted EPS": 0.07,
        "Basic EPS": 0.07,
        "Diluted NI Availto Com Stockholders": 8703000.0,
        "Average Dilution Earnings": 0.0,
        "Net Income Common Stockholders": 8703000.0,
        "Otherunder Preferred Stock Dividend": 34000.0,
        "Net Income": 8737000.0,
        "Net Income Including Noncontrolling Interests": 8737000.0,
        "Net Income Continuous Operations": 8737000.0,
        "Tax Provision": 4129000.0,
        "Pretax Income": 12866000.0,
        "Other Income Expense": -9791000.0,
        "Other Non Operating Income Expenses": NaN,
        "Special Income Charges": 0.0,
        "Impairment Of Capital Assets": 0.0,
        "Earnings From Equity Interest": NaN,
        "Gain On Sale Of Security": -9791000.0,
        "Net Non Operating Interest Income Expense": -1211000.0,
        "Interest Expense Non Operating": 1211000.0,
        "Operating Income": 23868000.0,
        "Operating Expense": 8011000.0,
        "Depreciation Amortization Depletion Income Statement": 34969000.0,
        "Depletion Income Statement": 34969000.0,
        "Selling General And Administration": 8011000.0,
        "General And Administrative Expense": 8011000.0,
        "Other Gand A": 8011000.0,
        "Salaries And Wages": 375000.0,
        "Gross Profit": 31879000.0,
        "Cost Of Revenue": 55678000.0,
        "Total Revenue": 87557000.0,
        "Operating Revenue": 87557000.0
    },
    "2023-09-30": {
        "Tax Effect Of Unusual Items": -1814551.0,
        "Tax Rate For Calcs": 0.223,
        "Normalized EBITDA": 76870000.0,
        "Total Unusual Items": -8137000.0,
        "Total Unusual Items Excluding Goodwill": -8137000.0,
        "Net Income From Continuing Operation Net Minority Interest": 17957000.0,
        "Reconciled Depreciation": 44267000.0,
        "Reconciled Cost Of Revenue": 68992000.0,
        "EBITDA": 68733000.0,
        "EBIT": 24466000.0,
        "Net Interest Income": -1356000.0,
        "Interest Expense": 1356000.0,
        "Normalized Income": 24279449.0,
        "Net Income From Continuing And Discontinued Operation": 17957000.0,
        "Total Expenses": 75801000.0,
        "Total Operating Income As Reported": 32603000.0,
        "Diluted Average Shares": 134421000.0,
        "Basic Average Shares": 134396000.0,
        "Diluted EPS": 0.13,
        "Basic EPS": 0.13,
        "Diluted NI Availto Com Stockholders": 17916000.0,
        "Average Dilution Earnings": 0.0,
        "Net Income Common Stockholders": 17916000.0,
        "Otherunder Preferred Stock Dividend": 41000.0,
        "Net Income": 17957000.0,
        "Net Income Including Noncontrolling Interests": 17957000.0,
        "Net Income Continuous Operations": 17957000.0,
        "Tax Provision": 5153000.0,
        "Pretax Income": 23110000.0,
        "Other Income Expense": -8137000.0,
        "Other Non Operating Income Expenses": NaN,
        "Special Income Charges": NaN,
        "Impairment Of Capital Assets": NaN,
        "Earnings From Equity Interest": NaN,
        "Gain On Sale Of Security": -8137000.0,
        "Net Non Operating Interest Income Expense": -1356000.0,
        "Interest Expense Non Operating": 1356000.0,
        "Operating Income": 32603000.0,
        "Operating Expense": 6809000.0,
        "Depreciation Amortization Depletion Income Statement": 44267000.0,
        "Depletion Income Statement": 44267000.0,
        "Selling General And Administration": 6809000.0,
        "General And Administrative Expense": 6809000.0,
        "Other Gand A": 5249000.0,
        "Salaries And Wages": 1560000.0,
        "Gross Profit": 39412000.0,
        "Cost Of Revenue": 68992000.0,
        "Total Revenue": 108404000.0,
        "Operating Revenue": 108404000.0
    },
    "2023-12-31": {
        "Tax Effect Of Unusual Items": -1379360.708755,
        "Tax Rate For Calcs": 0.201102,
        "Normalized EBITDA": 78796000.0,
        "Total Unusual Items": -6859000.0,
        "Total Unusual Items Excluding Goodwill": -6859000.0,
        "Net Income From Continuing Operation Net Minority Interest": 17539000.0,
        "Reconciled Depreciation": 47574000.0,
        "Reconciled Cost Of Revenue": 70879000.0,
        "EBITDA": 71937000.0,
        "EBIT": 24363000.0,
        "Net Interest Income": -2409000.0,
        "Interest Expense": 2409000.0,
        "Normalized Income": 23018639.291245,
        "Net Income From Continuing And Discontinued Operation": 17539000.0,
        "Total Expenses": 75576000.0,
        "Total Operating Income As Reported": 4726000.0,
        "Diluted Average Shares": 132129000.0,
        "Basic Average Shares": 132105000.0,
        "Diluted EPS": 0.13,
        "Basic EPS": 0.13,
        "Diluted NI Availto Com Stockholders": 17496000.0,
        "Average Dilution Earnings": 0.0,
        "Net Income Common Stockholders": 17496000.0,
        "Otherunder Preferred Stock Dividend": 43000.0,
        "Net Income": 17539000.0,
        "Net Income Including Noncontrolling Interests": 17539000.0,
        "Net Income Continuous Operations": 17539000.0,
        "Tax Provision": 4415000.0,
        "Pretax Income": 21954000.0,
        "Other Income Expense": -6859000.0,
        "Other Non Operating Income Expenses": NaN,
        "Special Income Charges": NaN,
        "Impairment Of Capital Assets": NaN,
        "Earnings From Equity Interest": NaN,
        "Gain On Sale Of Security": 19637000.0,
        "Net Non Operating Interest Income Expense": -2409000.0,
        "Interest Expense Non Operating": 2409000.0,
        "Operating Income": 31222000.0,
        "Operating Expense": 4697000.0,
        "Depreciation Amortization Depletion Income Statement": 47574000.0,
        "Depletion Income Statement": 47574000.0,
        "Selling General And Administration": 4521000.0,
        "General And Administrative Expense": 4521000.0,
        "Other Gand A": 6081000.0,
        "Salaries And Wages": NaN,
        "Gross Profit": 35919000.0,
        "Cost Of Revenue": 70879000.0,
        "Total Revenue": 106798000.0,
        "Operating Revenue": 106798000.0
    },
    "2024-03-31": {
        "Tax Effect Of Unusual Items": 893780.0,
        "Tax Rate For Calcs": 0.23,
        "Normalized EBITDA": 61278000.0,
        "Total Unusual Items": 3886000.0,
        "Total Unusual Items Excluding Goodwill": 3886000.0,
        "Net Income From Continuing Operation Net Minority Interest": 16227000.0,
        "Reconciled Depreciation": 40941000.0,
        "Reconciled Cost Of Revenue": 62169000.0,
        "EBITDA": 65164000.0,
        "EBIT": 24223000.0,
        "Net Interest Income": -3159000.0,
        "Interest Expense": 3159000.0,
        "Normalized Income": 13234780.0,
        "Net Income From Continuing And Discontinued Operation": 16227000.0,
        "Total Expenses": 68661000.0,
        "Total Operating Income As Reported": 19603000.0,
        "Diluted Average Shares": 130160000.0,
        "Basic Average Shares": 130136000.0,
        "Diluted EPS": 0.12,
        "Basic EPS": 0.12,
        "Diluted NI Availto Com Stockholders": 16186000.0,
        "Average Dilution Earnings": 0.0,
        "Net Income Common Stockholders": 16186000.0,
        "Otherunder Preferred Stock Dividend": 41000.0,
        "Net Income": 16227000.0,
        "Net Income Including Noncontrolling Interests": 16227000.0,
        "Net Income Continuous Operations": 16227000.0,
        "Tax Provision": 4837000.0,
        "Pretax Income": 21064000.0,
        "Other Income Expense": 3888000.0,
        "Other Non Operating Income Expenses": 2000.0,
        "Special Income Charges": -732000.0,
        "Impairment Of Capital Assets": 732000.0,
        "Earnings From Equity Interest": 7779000.0,
        "Gain On Sale Of Security": 4618000.0,
        "Net Non Operating Interest Income Expense": -3159000.0,
        "Interest Expense Non Operating": 3159000.0,
        "Operating Income": 20335000.0,
        "Operating Expense": 6492000.0,
        "Depreciation Amortization Depletion Income Statement": 40941000.0,
        "Depletion Income Statement": 40941000.0,
        "Selling General And Administration": 6492000.0,
        "General And Administrative Expense": 6492000.0,
        "Other Gand A": 6492000.0,
        "Salaries And Wages": NaN,
        "Gross Profit": 26827000.0,
        "Cost Of Revenue": 62169000.0,
        "Total Revenue": 88996000.0,
        "Operating Revenue": 88996000.0
    },
    "2024-06-30": {
        "Tax Effect Of Unusual Items": -2299545.655701,
        "Tax Rate For Calcs": 0.247529,
        "Normalized EBITDA": 63478000.0,
        "Total Unusual Items": -9290000.0,
        "Total Unusual Items Excluding Goodwill": -9290000.0,
        "Net Income From Continuing Operation Net Minority Interest": 5101000.0,
        "Reconciled Depreciation": 41592000.0,
        "Reconciled Cost Of Revenue": 62142000.0,
        "EBITDA": 54188000.0,
        "EBIT": 12596000.0,
        "Net Interest Income": -5817000.0,
        "Interest Expense": 5817000.0,
        "Normalized Income": 12091454.344299,
        "Net Income From Continuing And Discontinued Operation": 5101000.0,
        "Total Expenses": 68765000.0,
        "Total Operating Income As Reported": 21887000.0,
        "Diluted Average Shares": 130251000.0,
        "Basic Average Shares": 130204000.0,
        "Diluted EPS": 0.04,
        "Basic EPS": 0.04,
        "Diluted NI Availto Com Stockholders": 5042000.0,
        "Average Dilution Earnings": 0.0,
        "Net Income Common Stockholders": 5042000.0,
        "Otherunder Preferred Stock Dividend": 59000.0,
        "Net Income": 5101000.0,
        "Net Income Including Noncontrolling Interests": 5101000.0,
        "Net Income Continuous Operations": 5101000.0,
        "Tax Provision": 1678000.0,
        "Pretax Income": 6779000.0,
        "Other Income Expense": -9291000.0,
        "Other Non Operating Income Expenses": -1000.0,
        "Special Income Charges": 0.0,
        "Impairment Of Capital Assets": 0.0,
        "Earnings From Equity Interest": NaN,
        "Gain On Sale Of Security": -9290000.0,
        "Net Non Operating Interest Income Expense": -5817000.0,
        "Interest Expense Non Operating": 5817000.0,
        "Operating Income": 21887000.0,
        "Operating Expense": 6623000.0,
        "Depreciation Amortization Depletion Income Statement": NaN,
        "Depletion Income Statement": NaN,
        "Selling General And Administration": 6623000.0,
        "General And Administrative Expense": 6623000.0,
        "Other Gand A": 6040000.0,
        "Salaries And Wages": 583000.0,
        "Gross Profit": 28510000.0,
        "Cost Of Revenue": 62142000.0,
        "Total Revenue": 90652000.0,
        "Operating Revenue": 90652000.0
    }
}