{
    "2023-03-31": {
        "Tax Effect Of Unusual Items": 0.0,
        "Tax Rate For Calcs": 0.0,
        "Normalized EBITDA": -1469844.0,
        "Total Unusual Items": NaN,
        "Total Unusual Items Excluding Goodwill": NaN,
        "Net Income From Continuing Operation Net Minority Interest": -2144295.0,
        "Reconciled Depreciation": 279703.0,
        "Reconciled Cost Of Revenue": 532993.0,
        "EBITDA": -1469844.0,
        "EBIT": -1749547.0,
        "Net Interest Income": -480778.0,
        "Interest Expense": 480778.0,
        "Normalized Income": -2144295.0,
        "Net Income From Continuing And Discontinued Operation": -2144295.0,
        "Total Expenses": 2964976.0,
        "Total Operating Income As Reported": -1765333.0,
        "Diluted Average Shares": 272405.0,
        "Basic Average Shares": 272405.0,
        "Diluted EPS": -8.55,
        "Basic EPS": -8.55,
        "Diluted NI Availto Com Stockholders": -2329931.0,
        "Net Income Common Stockholders": -2329931.0,
        "Preferred Stock Dividends": 185636.0,
        "Net Income": -2144295.0,
        "Minority Interests": 86030.0,
        "Net Income Including Noncontrolling Interests": -2230325.0,
        "Net Income Continuous Operations": -2230325.0,
        "Tax Provision": 0.0,
        "Pretax Income": -2230325.0,
        "Other Income Expense": 15786.0,
        "Other Non Operating Income Expenses": 15786.0,
        "Special Income Charges": NaN,
        "Gain On Sale Of Security": NaN,
        "Net Non Operating Interest Income Expense": -480778.0,
        "Total Other Finance Cost": 480778.0,
        "Interest Expense Non Operating": 480778.0,
        "Operating Income": -1765333.0,
        "Operating Expense": 2305470.0,
        "Depreciation Amortization Depletion Income Statement": 153190.0,
        "Depreciation And Amortization In Income Statement": 153190.0,
        "Selling General And Administration": 2152280.0,
        "General And Administrative Expense": 2152280.0,
        "Other Gand A": 2152280.0,
        "Gross Profit": 540137.0,
        "Cost Of Revenue": 659506.0,
        "Total Revenue": 1199643.0,
        "Operating Revenue": 1199643.0
    },
    "2022-12-31": {
        "Tax Effect Of Unusual Items": NaN,
        "Tax Rate For Calcs": NaN,
        "Normalized EBITDA": NaN,
        "Total Unusual Items": -5777466.0,
        "Total Unusual Items Excluding Goodwill": -5777466.0,
        "Net Income From Continuing Operation Net Minority Interest": NaN,
        "Reconciled Depreciation": NaN,
        "Reconciled Cost Of Revenue": NaN,
        "EBITDA": NaN,
        "EBIT": NaN,
        "Net Interest Income": NaN,
        "Interest Expense": 36497.0,
        "Normalized Income": NaN,
        "Net Income From Continuing And Discontinued Operation": NaN,
        "Total Expenses": NaN,
        "Total Operating Income As Reported": NaN,
        "Diluted Average Shares": NaN,
        "Basic Average Shares": NaN,
        "Diluted EPS": NaN,
        "Basic EPS": NaN,
        "Diluted NI Availto Com Stockholders": NaN,
        "Net Income Common Stockholders": NaN,
        "Preferred Stock Dividends": NaN,
        "Net Income": NaN,
        "Minority Interests": NaN,
        "Net Income Including Noncontrolling Interests": NaN,
        "Net Income Continuous Operations": NaN,
        "Tax Provision": NaN,
        "Pretax Income": NaN,
        "Other Income Expense": NaN,
        "Other Non Operating Income Expenses": NaN,
        "Special Income Charges": -5753622.0,
        "Gain On Sale Of Security": -23844.0,
        "Net Non Operating Interest Income Expense": NaN,
        "Total Other Finance Cost": NaN,
        "Interest Expense Non Operating": 36497.0,
        "Operating Income": NaN,
        "Operating Expense": NaN,
        "Depreciation Amortization Depletion Income Statement": NaN,
        "Depreciation And Amortization In Income Statement": NaN,
        "Selling General And Administration": NaN,
        "General And Administrative Expense": NaN,
        "Other Gand A": NaN,
        "Gross Profit": NaN,
        "Cost Of Revenue": NaN,
        "Total Revenue": NaN,
        "Operating Revenue": NaN
    },
    "2022-09-30": {
        "Tax Effect Of Unusual Items": NaN,
        "Tax Rate For Calcs": NaN,
        "Normalized EBITDA": NaN,
        "Total Unusual Items": -88207.0,
        "Total Unusual Items Excluding Goodwill": -88207.0,
        "Net Income From Continuing Operation Net Minority Interest": NaN,
        "Reconciled Depreciation": NaN,
        "Reconciled Cost Of Revenue": NaN,
        "EBITDA": NaN,
        "EBIT": NaN,
        "Net Interest Income": NaN,
        "Interest Expense": NaN,
        "Normalized Income": NaN,
        "Net Income From Continuing And Discontinued Operation": NaN,
        "Total Expenses": NaN,
        "Total Operating Income As Reported": NaN,
        "Diluted Average Shares": 35857.0,
        "Basic Average Shares": 35857.0,
        "Diluted EPS": -61.27,
        "Basic EPS": -61.27,
        "Diluted NI Availto Com Stockholders": NaN,
        "Net Income Common Stockholders": NaN,
        "Preferred Stock Dividends": NaN,
        "Net Income": NaN,
        "Minority Interests": NaN,
        "Net Income Including Noncontrolling Interests": NaN,
        "Net Income Continuous Operations": NaN,
        "Tax Provision": NaN,
        "Pretax Income": NaN,
        "Other Income Expense": NaN,
        "Other Non Operating Income Expenses": NaN,
        "Special Income Charges": 0.0,
        "Gain On Sale Of Security": -88207.0,
        "Net Non Operating Interest Income Expense": NaN,
        "Total Other Finance Cost": NaN,
        "Interest Expense Non Operating": NaN,
        "Operating Income": NaN,
        "Operating Expense": NaN,
        "Depreciation Amortization Depletion Income Statement": NaN,
        "Depreciation And Amortization In Income Statement": NaN,
        "Selling General And Administration": NaN,
        "General And Administrative Expense": NaN,
        "Other Gand A": NaN,
        "Gross Profit": NaN,
        "Cost Of Revenue": NaN,
        "Total Revenue": NaN,
        "Operating Revenue": NaN
    },
    "2022-06-30": {
        "Tax Effect Of Unusual Items": 0.0,
        "Tax Rate For Calcs": 0.0,
        "Normalized EBITDA": -1643086.0,
        "Total Unusual Items": 17500.0,
        "Total Unusual Items Excluding Goodwill": 17500.0,
        "Net Income From Continuing Operation Net Minority Interest": -3108355.0,
        "Reconciled Depreciation": 325091.0,
        "Reconciled Cost Of Revenue": 686531.0,
        "EBITDA": -1625586.0,
        "EBIT": -1950677.0,
        "Net Interest Income": -1314508.0,
        "Interest Expense": NaN,
        "Normalized Income": -3125855.0,
        "Net Income From Continuing And Discontinued Operation": -3108355.0,
        "Total Expenses": 3090259.0,
        "Total Operating Income As Reported": -1950677.0,
        "Diluted Average Shares": 31386.0,
        "Basic Average Shares": 31386.0,
        "Diluted EPS": -105.0,
        "Basic EPS": -105.0,
        "Diluted NI Availto Com Stockholders": -3295571.0,
        "Net Income Common Stockholders": -3295571.0,
        "Preferred Stock Dividends": 187216.0,
        "Net Income": -3108355.0,
        "Minority Interests": 91025.0,
        "Net Income Including Noncontrolling Interests": -3199380.0,
        "Net Income Continuous Operations": -3199380.0,
        "Tax Provision": 0.0,
        "Pretax Income": -3199380.0,
        "Other Income Expense": 65805.0,
        "Other Non Operating Income Expenses": 48305.0,
        "Special Income Charges": 0.0,
        "Gain On Sale Of Security": 17500.0,
        "Net Non Operating Interest Income Expense": -1314508.0,
        "Total Other Finance Cost": 1314508.0,
        "Interest Expense Non Operating": NaN,
        "Operating Income": -1950677.0,
        "Operating Expense": 2142800.0,
        "Depreciation Amortization Depletion Income Statement": 64163.0,
        "Depreciation And Amortization In Income Statement": 64163.0,
        "Selling General And Administration": 2078637.0,
        "General And Administrative Expense": 2078637.0,
        "Other Gand A": 2078637.0,
        "Gross Profit": 192123.0,
        "Cost Of Revenue": 947459.0,
        "Total Revenue": 1139582.0,
        "Operating Revenue": 1139582.0
    },
    "2022-03-31": {
        "Diluted EPS": -7.59,
        "Total Revenue": 1,
        "Gross Profit": 0,
        "Operating Income": -2,
        "EBIT": 0,
        "Net Income": -4
    },
    "2021-12-31": {
        "Diluted EPS": -3.58,
        "Total Revenue": 2,
        "Gross Profit": 1,
        "Operating Income": -3,
        "EBIT": -2,
        "Net Income": -3
    },
    "2021-09-30": {
        "Diluted EPS": -6.31,
        "Total Revenue": 2,
        "Gross Profit": 1,
        "Operating Income": -2,
        "EBIT": -1,
        "Net Income": -2
    },
    "2021-06-30": {
        "Diluted EPS": -12.61,
        "Total Revenue": 1,
        "Gross Profit": 0,
        "Operating Income": -1,
        "EBIT": 0,
        "Net Income": -3
    },
    "2021-03-31": {
        "Diluted EPS": -11.71,
        "Total Revenue": 2,
        "Gross Profit": 1,
        "Operating Income": -1,
        "EBIT": 0,
        "Net Income": -2
    },
    "2020-12-31": {
        "Diluted EPS": -12.91,
        "Total Revenue": 2,
        "Gross Profit": 0,
        "Operating Income": -1,
        "EBIT": -1,
        "Net Income": -1
    },
    "2020-09-30": {
        "Diluted EPS": -13.51,
        "Total Revenue": 1,
        "Gross Profit": 1,
        "Operating Income": -1,
        "EBIT": 0,
        "Net Income": -2
    },
    "2020-06-30": {
        "Diluted EPS": -5.41,
        "Total Revenue": 2,
        "Gross Profit": 1,
        "Operating Income": 0,
        "EBIT": 0,
        "Net Income": -1
    },
    "2020-03-31": {
        "Diluted EPS": -0.3,
        "Total Revenue": 1,
        "Gross Profit": 1,
        "Operating Income": -1,
        "EBIT": -1,
        "Net Income": -1
    },
    "2019-12-31": {
        "Diluted EPS": 0.0,
        "Total Revenue": 2,
        "Gross Profit": 0,
        "Operating Income": -1,
        "EBIT": 0,
        "Net Income": -1
    },
    "2019-09-30": {
        "Diluted EPS": -0.3,
        "Total Revenue": 2,
        "Gross Profit": 1,
        "Operating Income": 0,
        "EBIT": 0,
        "Net Income": -1
    },
    "2019-06-30": {
        "Diluted EPS": -0.3,
        "Total Revenue": 2,
        "Gross Profit": 1,
        "Operating Income": -1,
        "EBIT": 0,
        "Net Income": -1
    },
    "2019-03-31": {
        "Diluted EPS": -0.6,
        "Total Revenue": 2,
        "Gross Profit": 1,
        "Operating Income": -1,
        "EBIT": -1,
        "Net Income": -2
    },
    "2018-12-31": {
        "Diluted EPS": -0.3,
        "Total Revenue": 3,
        "Gross Profit": 1,
        "Operating Income": -1,
        "EBIT": -1,
        "Net Income": -1
    },
    "2018-09-30": {
        "Diluted EPS": -0.3,
        "Total Revenue": 2,
        "Gross Profit": 1,
        "Operating Income": -1,
        "EBIT": -1,
        "Net Income": -1
    },
    "2018-06-30": {
        "Diluted EPS": -0.3,
        "Total Revenue": 2,
        "Gross Profit": 1,
        "Operating Income": -1,
        "EBIT": -1,
        "Net Income": -1
    },
    "2018-03-31": {
        "Diluted EPS": -0.3,
        "Total Revenue": 2,
        "Gross Profit": 1,
        "Operating Income": -1,
        "EBIT": 0,
        "Net Income": -1
    },
    "2017-12-31": {
        "Diluted EPS": -0.3,
        "Total Revenue": 2,
        "Gross Profit": 0,
        "Operating Income": -1,
        "EBIT": -1,
        "Net Income": 0
    },
    "2017-09-30": {
        "Diluted EPS": -0.3,
        "Total Revenue": 2,
        "Gross Profit": 1,
        "Operating Income": -1,
        "EBIT": -1,
        "Net Income": -2
    },
    "2017-06-30": {
        "Diluted EPS": -0.3,
        "Total Revenue": 2,
        "Gross Profit": 1,
        "Operating Income": -1,
        "EBIT": -1,
        "Net Income": -1
    },
    "2017-03-31": {
        "Diluted EPS": -0.9,
        "Total Revenue": 2,
        "Gross Profit": 1,
        "Operating Income": -3,
        "EBIT": -3,
        "Net Income": -3
    },
    "2016-12-31": {
        "Diluted EPS": -1.5,
        "Total Revenue": 1,
        "Gross Profit": 0,
        "Operating Income": -6,
        "EBIT": -6,
        "Net Income": -5
    },
    "2016-09-30": {
        "Diluted EPS": -1.5,
        "Total Revenue": 2,
        "Gross Profit": 1,
        "Operating Income": -5,
        "EBIT": -5,
        "Net Income": -5
    },
    "2016-06-30": {
        "Diluted EPS": -0.3,
        "Total Revenue": 0,
        "Gross Profit": 0,
        "Operating Income": 0,
        "EBIT": 0,
        "Net Income": 0
    },
    "2016-03-31": {
        "Diluted EPS": -0.3,
        "Total Revenue": 0,
        "Gross Profit": 0,
        "Operating Income": 0,
        "EBIT": 0,
        "Net Income": 0
    },
    "2015-12-31": {
        "Diluted EPS": -2.1,
        "Total Revenue": 0,
        "Gross Profit": 0,
        "Operating Income": -1,
        "EBIT": -1,
        "Net Income": -1
    },
    "2015-09-30": {
        "Diluted EPS": -1.5,
        "Total Revenue": 0,
        "Gross Profit": 0,
        "Operating Income": 0,
        "EBIT": 0,
        "Net Income": 0
    },
    "2015-06-30": {
        "Diluted EPS": -0.3,
        "Total Revenue": 0,
        "Gross Profit": 0,
        "Operating Income": 0,
        "EBIT": 0,
        "Net Income": 0
    },
    "2015-03-31": {
        "Diluted EPS": -0.3,
        "Total Revenue": 0,
        "Gross Profit": 0,
        "Operating Income": 0,
        "EBIT": 0,
        "Net Income": 0
    },
    "2023-06-30": {
        "Tax Effect Of Unusual Items": 0.0,
        "Tax Rate For Calcs": 0.0,
        "Normalized EBITDA": -2130328.0,
        "Total Unusual Items": NaN,
        "Total Unusual Items Excluding Goodwill": NaN,
        "Net Income From Continuing Operation Net Minority Interest": -2214122.0,
        "Reconciled Depreciation": 195515.0,
        "Reconciled Cost Of Revenue": 686693.0,
        "EBITDA": -2130328.0,
        "EBIT": -2325843.0,
        "Net Interest Income": -20311.0,
        "Interest Expense": NaN,
        "Normalized Income": -2214122.0,
        "Net Income From Continuing And Discontinued Operation": -2214122.0,
        "Total Expenses": 3282341.0,
        "Total Operating Income As Reported": -2325843.0,
        "Diluted Average Shares": 445582.0,
        "Basic Average Shares": 445582.0,
        "Diluted EPS": -5.4,
        "Basic EPS": -5.4,
        "Diluted NI Availto Com Stockholders": -2399759.0,
        "Net Income Common Stockholders": -2399759.0,
        "Preferred Stock Dividends": 185637.0,
        "Net Income": -2214122.0,
        "Minority Interests": 149794.0,
        "Net Income Including Noncontrolling Interests": -2363916.0,
        "Net Income Continuous Operations": -2363916.0,
        "Tax Provision": 0.0,
        "Pretax Income": -2363916.0,
        "Other Income Expense": -17762.0,
        "Other Non Operating Income Expenses": -17762.0,
        "Special Income Charges": NaN,
        "Gain On Sale Of Security": NaN,
        "Net Non Operating Interest Income Expense": -20311.0,
        "Total Other Finance Cost": 20311.0,
        "Interest Expense Non Operating": NaN,
        "Operating Income": -2325843.0,
        "Operating Expense": 2552141.0,
        "Depreciation Amortization Depletion Income Statement": 152008.0,
        "Depreciation And Amortization In Income Statement": 152008.0,
        "Selling General And Administration": 2400133.0,
        "General And Administrative Expense": 2400133.0,
        "Other Gand A": 2400133.0,
        "Gross Profit": 226298.0,
        "Cost Of Revenue": 730200.0,
        "Total Revenue": 956498.0,
        "Operating Revenue": 956498.0
    },
    "2023-09-30": {
        "Tax Effect Of Unusual Items": 0.0,
        "Tax Rate For Calcs": 0.0,
        "Normalized EBITDA": -1833818.0,
        "Total Unusual Items": NaN,
        "Total Unusual Items Excluding Goodwill": NaN,
        "Net Income From Continuing Operation Net Minority Interest": -1845984.0,
        "Reconciled Depreciation": 149106.0,
        "Reconciled Cost Of Revenue": 653753.0,
        "EBITDA": -1833818.0,
        "EBIT": -1982924.0,
        "Net Interest Income": -11117.0,
        "Interest Expense": 11117.0,
        "Normalized Income": -1845984.0,
        "Net Income From Continuing And Discontinued Operation": -1845984.0,
        "Total Expenses": 2954288.0,
        "Total Operating Income As Reported": -1984051.0,
        "Diluted Average Shares": 676892.0,
        "Basic Average Shares": 676892.0,
        "Diluted EPS": -3.0,
        "Basic EPS": -3.0,
        "Diluted NI Availto Com Stockholders": -2031621.0,
        "Net Income Common Stockholders": -2031621.0,
        "Preferred Stock Dividends": 185637.0,
        "Net Income": -1845984.0,
        "Minority Interests": 148057.0,
        "Net Income Including Noncontrolling Interests": -1994041.0,
        "Net Income Continuous Operations": -1994041.0,
        "Tax Provision": 0.0,
        "Pretax Income": -1994041.0,
        "Other Income Expense": 1127.0,
        "Other Non Operating Income Expenses": 1127.0,
        "Special Income Charges": NaN,
        "Gain On Sale Of Security": NaN,
        "Net Non Operating Interest Income Expense": -11117.0,
        "Total Other Finance Cost": NaN,
        "Interest Expense Non Operating": 11117.0,
        "Operating Income": -1984051.0,
        "Operating Expense": 2294368.0,
        "Depreciation Amortization Depletion Income Statement": 142939.0,
        "Depreciation And Amortization In Income Statement": 142939.0,
        "Selling General And Administration": 2151429.0,
        "General And Administrative Expense": 2151429.0,
        "Other Gand A": 2151429.0,
        "Gross Profit": 310317.0,
        "Cost Of Revenue": 659920.0,
        "Total Revenue": 970237.0,
        "Operating Revenue": 970237.0
    },
    "2023-12-31": {
        "Tax Effect Of Unusual Items": 0.0,
        "Tax Rate For Calcs": 0.002535,
        "Normalized EBITDA": -6901672.0,
        "Total Unusual Items": NaN,
        "Total Unusual Items Excluding Goodwill": NaN,
        "Net Income From Continuing Operation Net Minority Interest": -6323028.0,
        "Reconciled Depreciation": 365251.0,
        "Reconciled Cost Of Revenue": 402037.0,
        "EBITDA": -6901672.0,
        "EBIT": -7266923.0,
        "Net Interest Income": -42480.0,
        "Interest Expense": 42480.0,
        "Normalized Income": -6323028.0,
        "Net Income From Continuing And Discontinued Operation": -6323028.0,
        "Total Expenses": 3281940.0,
        "Total Operating Income As Reported": -7243404.0,
        "Diluted Average Shares": NaN,
        "Basic Average Shares": NaN,
        "Diluted EPS": NaN,
        "Basic EPS": NaN,
        "Diluted NI Availto Com Stockholders": -6508664.0,
        "Net Income Common Stockholders": -6508664.0,
        "Preferred Stock Dividends": 185636.0,
        "Net Income": -6323028.0,
        "Minority Interests": 967847.0,
        "Net Income Including Noncontrolling Interests": -7290875.0,
        "Net Income Continuous Operations": -7290875.0,
        "Tax Provision": -18528.0,
        "Pretax Income": -7309403.0,
        "Other Income Expense": -4899625.0,
        "Other Non Operating Income Expenses": -23519.0,
        "Special Income Charges": NaN,
        "Gain On Sale Of Security": NaN,
        "Net Non Operating Interest Income Expense": -42480.0,
        "Total Other Finance Cost": NaN,
        "Interest Expense Non Operating": 42480.0,
        "Operating Income": -2367298.0,
        "Operating Expense": 2657126.0,
        "Depreciation Amortization Depletion Income Statement": 142474.0,
        "Depreciation And Amortization In Income Statement": 142474.0,
        "Selling General And Administration": 2514652.0,
        "General And Administrative Expense": 2514652.0,
        "Other Gand A": 2514652.0,
        "Gross Profit": 289828.0,
        "Cost Of Revenue": 624814.0,
        "Total Revenue": 914642.0,
        "Operating Revenue": 914642.0
    },
    "2024-03-31": {
        "Tax Effect Of Unusual Items": 0.0,
        "Tax Rate For Calcs": 0.0,
        "Normalized EBITDA": -1636728.0,
        "Total Unusual Items": 1134580.0,
        "Total Unusual Items Excluding Goodwill": 1134580.0,
        "Net Income From Continuing Operation Net Minority Interest": -3961336.0,
        "Reconciled Depreciation": 147019.0,
        "Reconciled Cost Of Revenue": 607510.0,
        "EBITDA": -502148.0,
        "EBIT": -649167.0,
        "Net Interest Income": -3413520.0,
        "Interest Expense": 3413520.0,
        "Normalized Income": -5095916.0,
        "Net Income From Continuing And Discontinued Operation": -3961336.0,
        "Total Expenses": 2635249.0,
        "Total Operating Income As Reported": -1761017.0,
        "Diluted Average Shares": 2811207.0,
        "Basic Average Shares": 2811207.0,
        "Diluted EPS": -1.47,
        "Basic EPS": -1.47,
        "Diluted NI Availto Com Stockholders": -4146202.0,
        "Net Income Common Stockholders": -4146202.0,
        "Preferred Stock Dividends": 184866.0,
        "Net Income": -3961336.0,
        "Minority Interests": 101351.0,
        "Net Income Including Noncontrolling Interests": -4062687.0,
        "Net Income Continuous Operations": -4062687.0,
        "Tax Provision": 0.0,
        "Pretax Income": -4062687.0,
        "Other Income Expense": 1111850.0,
        "Other Non Operating Income Expenses": -22730.0,
        "Special Income Charges": NaN,
        "Gain On Sale Of Security": 1134580.0,
        "Net Non Operating Interest Income Expense": -3413520.0,
        "Total Other Finance Cost": NaN,
        "Interest Expense Non Operating": 3413520.0,
        "Operating Income": -1761017.0,
        "Operating Expense": 2023354.0,
        "Depreciation Amortization Depletion Income Statement": 142634.0,
        "Depreciation And Amortization In Income Statement": 142634.0,
        "Selling General And Administration": 1880720.0,
        "General And Administrative Expense": 1880720.0,
        "Other Gand A": 1880720.0,
        "Gross Profit": 262337.0,
        "Cost Of Revenue": 611895.0,
        "Total Revenue": 874232.0,
        "Operating Revenue": 874232.0
    }
}