{
    "2023-03-31": {
        "Tax Effect Of Unusual Items": 194040.0,
        "Tax Rate For Calcs": 0.168,
        "Normalized EBITDA": 853000.0,
        "Total Unusual Items": 1155000.0,
        "Total Unusual Items Excluding Goodwill": 1155000.0,
        "Net Income From Continuing Operation Net Minority Interest": 1620000.0,
        "Reconciled Depreciation": -54000.0,
        "Reconciled Cost Of Revenue": 1379000.0,
        "EBITDA": 2008000.0,
        "EBIT": 1947000.0,
        "Net Interest Income": -1000.0,
        "Interest Expense": 1000.0,
        "Normalized Income": 659040.0,
        "Net Income From Continuing And Discontinued Operation": 1620000.0,
        "Total Expenses": 2893000.0,
        "Total Operating Income As Reported": 730000.0,
        "Diluted Average Shares": 14747637.0,
        "Basic Average Shares": 14747537.0,
        "Diluted EPS": 0.11,
        "Basic EPS": 0.11,
        "Diluted NI Availto Com Stockholders": 1620000.0,
        "Net Income Common Stockholders": 1620000.0,
        "Net Income": 1620000.0,
        "Net Income Including Noncontrolling Interests": 1620000.0,
        "Net Income Continuous Operations": 1620000.0,
        "Tax Provision": 326000.0,
        "Pretax Income": 1946000.0,
        "Other Income Expense": 1216000.0,
        "Other Non Operating Income Expenses": 61000.0,
        "Earnings From Equity Interest": 0.0,
        "Gain On Sale Of Security": 1155000.0,
        "Net Non Operating Interest Income Expense": -1000.0,
        "Interest Expense Non Operating": 1000.0,
        "Operating Income": 731000.0,
        "Operating Expense": 1629000.0,
        "Depreciation Amortization Depletion Income Statement": 61000.0,
        "Depreciation And Amortization In Income Statement": 61000.0,
        "Depreciation Income Statement": 61000.0,
        "Selling General And Administration": 1568000.0,
        "Selling And Marketing Expense": 91000.0,
        "General And Administrative Expense": 1477000.0,
        "Other Gand A": 1477000.0,
        "Gross Profit": 2360000.0,
        "Cost Of Revenue": 1264000.0,
        "Total Revenue": 3624000.0,
        "Operating Revenue": 3624000.0
    },
    "2022-12-31": {
        "Tax Effect Of Unusual Items": 25528.54512,
        "Tax Rate For Calcs": 0.220074,
        "Normalized EBITDA": 1032000.0,
        "Total Unusual Items": 116000.0,
        "Total Unusual Items Excluding Goodwill": 116000.0,
        "Net Income From Continuing Operation Net Minority Interest": 847000.0,
        "Reconciled Depreciation": -67000.0,
        "Reconciled Cost Of Revenue": 1258000.0,
        "EBITDA": 1148000.0,
        "EBIT": 1087000.0,
        "Net Interest Income": -1000.0,
        "Interest Expense": 1000.0,
        "Normalized Income": 756528.54512,
        "Net Income From Continuing And Discontinued Operation": 847000.0,
        "Total Expenses": 2819000.0,
        "Total Operating Income As Reported": 908000.0,
        "Diluted Average Shares": 14890031.0,
        "Basic Average Shares": 14889946.0,
        "Diluted EPS": 0.06,
        "Basic EPS": 0.06,
        "Diluted NI Availto Com Stockholders": 847000.0,
        "Net Income Common Stockholders": 847000.0,
        "Net Income": 847000.0,
        "Net Income Including Noncontrolling Interests": 847000.0,
        "Net Income Continuous Operations": 847000.0,
        "Tax Provision": 239000.0,
        "Pretax Income": 1086000.0,
        "Other Income Expense": 178000.0,
        "Other Non Operating Income Expenses": 62000.0,
        "Earnings From Equity Interest": 0.0,
        "Gain On Sale Of Security": 116000.0,
        "Net Non Operating Interest Income Expense": -1000.0,
        "Interest Expense Non Operating": 1000.0,
        "Operating Income": 909000.0,
        "Operating Expense": 1689000.0,
        "Depreciation Amortization Depletion Income Statement": 61000.0,
        "Depreciation And Amortization In Income Statement": 61000.0,
        "Depreciation Income Statement": 61000.0,
        "Selling General And Administration": 1628000.0,
        "Selling And Marketing Expense": 120000.0,
        "General And Administrative Expense": 1508000.0,
        "Other Gand A": 1508000.0,
        "Gross Profit": 2598000.0,
        "Cost Of Revenue": 1130000.0,
        "Total Revenue": 3728000.0,
        "Operating Revenue": 3728000.0
    },
    "2022-09-30": {
        "Tax Effect Of Unusual Items": -578800.0,
        "Tax Rate For Calcs": 0.4,
        "Normalized EBITDA": 1708000.0,
        "Total Unusual Items": -1447000.0,
        "Total Unusual Items Excluding Goodwill": -1447000.0,
        "Net Income From Continuing Operation Net Minority Interest": 118000.0,
        "Reconciled Depreciation": -77000.0,
        "Reconciled Cost Of Revenue": 1313000.0,
        "EBITDA": 261000.0,
        "EBIT": 200000.0,
        "Net Interest Income": -1000.0,
        "Interest Expense": 1000.0,
        "Normalized Income": 986200.0,
        "Net Income From Continuing And Discontinued Operation": 118000.0,
        "Total Expenses": 2826000.0,
        "Total Operating Income As Reported": 1585000.0,
        "Diluted Average Shares": 14949275.0,
        "Basic Average Shares": 14948688.0,
        "Diluted EPS": 0.003545,
        "Basic EPS": 0.003545,
        "Diluted NI Availto Com Stockholders": 118000.0,
        "Net Income Common Stockholders": 118000.0,
        "Net Income": 118000.0,
        "Net Income Including Noncontrolling Interests": 118000.0,
        "Net Income Continuous Operations": 118000.0,
        "Tax Provision": 81000.0,
        "Pretax Income": 199000.0,
        "Other Income Expense": -1386000.0,
        "Other Non Operating Income Expenses": 61000.0,
        "Earnings From Equity Interest": 0.0,
        "Gain On Sale Of Security": -1447000.0,
        "Net Non Operating Interest Income Expense": -1000.0,
        "Interest Expense Non Operating": 1000.0,
        "Operating Income": 1586000.0,
        "Operating Expense": 1651000.0,
        "Depreciation Amortization Depletion Income Statement": 61000.0,
        "Depreciation And Amortization In Income Statement": 61000.0,
        "Depreciation Income Statement": 61000.0,
        "Selling General And Administration": 1590000.0,
        "Selling And Marketing Expense": 86000.0,
        "General And Administrative Expense": 1504000.0,
        "Other Gand A": 1504000.0,
        "Gross Profit": 3237000.0,
        "Cost Of Revenue": 1175000.0,
        "Total Revenue": 4412000.0,
        "Operating Revenue": 4412000.0
    },
    "2022-06-30": {
        "Tax Effect Of Unusual Items": -838400.0,
        "Tax Rate For Calcs": 0.4,
        "Normalized EBITDA": 4947000.0,
        "Total Unusual Items": -2096000.0,
        "Total Unusual Items Excluding Goodwill": -2096000.0,
        "Net Income From Continuing Operation Net Minority Interest": 365000.0,
        "Reconciled Depreciation": -86000.0,
        "Reconciled Cost Of Revenue": 1233000.0,
        "EBITDA": 2851000.0,
        "EBIT": 2790000.0,
        "Net Interest Income": NaN,
        "Interest Expense": NaN,
        "Normalized Income": 1622600.0,
        "Net Income From Continuing And Discontinued Operation": 365000.0,
        "Total Expenses": 2654000.0,
        "Total Operating Income As Reported": 2790000.0,
        "Diluted Average Shares": 14978683.0,
        "Basic Average Shares": 14977792.0,
        "Diluted EPS": -0.09,
        "Basic EPS": -0.09,
        "Diluted NI Availto Com Stockholders": 365000.0,
        "Net Income Common Stockholders": 365000.0,
        "Net Income": 365000.0,
        "Net Income Including Noncontrolling Interests": 365000.0,
        "Net Income Continuous Operations": 365000.0,
        "Tax Provision": 390000.0,
        "Pretax Income": 755000.0,
        "Other Income Expense": -2035000.0,
        "Other Non Operating Income Expenses": 61000.0,
        "Special Income Charges": 0.0,
        "Earnings From Equity Interest": 0.0,
        "Gain On Sale Of Security": -2096000.0,
        "Net Non Operating Interest Income Expense": NaN,
        "Interest Expense Non Operating": NaN,
        "Operating Income": 2790000.0,
        "Operating Expense": 1568000.0,
        "Depreciation Amortization Depletion Income Statement": 61000.0,
        "Depreciation And Amortization In Income Statement": 61000.0,
        "Depreciation Income Statement": NaN,
        "Selling General And Administration": 1507000.0,
        "Selling And Marketing Expense": 100000.0,
        "General And Administrative Expense": 1407000.0,
        "Other Gand A": 1407000.0,
        "Gross Profit": 4358000.0,
        "Cost Of Revenue": 1086000.0,
        "Total Revenue": 5444000.0,
        "Operating Revenue": 5444000.0
    },
    "2022-03-31": {
        "Diluted EPS": -0.06,
        "Total Revenue": 6,
        "Gross Profit": 6,
        "Operating Income": 3,
        "EBIT": 2,
        "Net Income": -1
    },
    "2021-12-31": {
        "Diluted EPS": 0.24,
        "Total Revenue": 7,
        "Gross Profit": 7,
        "Operating Income": 3,
        "EBIT": 3,
        "Net Income": 4
    },
    "2021-09-30": {
        "Diluted EPS": 0.16,
        "Total Revenue": 7,
        "Gross Profit": 7,
        "Operating Income": 3,
        "EBIT": 3,
        "Net Income": 2
    },
    "2021-06-30": {
        "Diluted EPS": 0.32,
        "Total Revenue": 7,
        "Gross Profit": 7,
        "Operating Income": 4,
        "EBIT": 5,
        "Net Income": 5
    },
    "2021-03-31": {
        "Diluted EPS": 0.57,
        "Total Revenue": 6,
        "Gross Profit": 6,
        "Operating Income": 3,
        "EBIT": 3,
        "Net Income": 9
    },
    "2020-12-31": {
        "Diluted EPS": 1.1,
        "Total Revenue": 5,
        "Gross Profit": 5,
        "Operating Income": 0,
        "EBIT": 0,
        "Net Income": 17
    },
    "2020-09-30": {
        "Diluted EPS": 0.13,
        "Total Revenue": 3,
        "Gross Profit": 3,
        "Operating Income": 1,
        "EBIT": 1,
        "Net Income": 2
    },
    "2020-06-30": {
        "Diluted EPS": 0.1,
        "Total Revenue": 2,
        "Gross Profit": 2,
        "Operating Income": 0,
        "EBIT": 0,
        "Net Income": 1
    },
    "2020-03-31": {
        "Diluted EPS": -0.11,
        "Total Revenue": 1,
        "Gross Profit": 1,
        "Operating Income": -1,
        "EBIT": -1,
        "Net Income": -2
    },
    "2019-12-31": {
        "Diluted EPS": -0.06,
        "Total Revenue": 1,
        "Gross Profit": 1,
        "Operating Income": -1,
        "EBIT": 0,
        "Net Income": -1
    },
    "2019-09-30": {
        "Diluted EPS": -0.24,
        "Total Revenue": 1,
        "Gross Profit": 1,
        "Operating Income": -1,
        "EBIT": -1,
        "Net Income": -4
    },
    "2019-06-30": {
        "Diluted EPS": 0.02,
        "Total Revenue": 1,
        "Gross Profit": 1,
        "Operating Income": -1,
        "EBIT": 0,
        "Net Income": 0
    },
    "2019-03-31": {
        "Diluted EPS": 0.05,
        "Total Revenue": 1,
        "Gross Profit": 1,
        "Operating Income": -1,
        "EBIT": -1,
        "Net Income": 1
    },
    "2018-12-31": {
        "Diluted EPS": -0.21,
        "Total Revenue": 1,
        "Gross Profit": 1,
        "Operating Income": -1,
        "EBIT": -1,
        "Net Income": -3
    },
    "2018-09-30": {
        "Diluted EPS": -0.08,
        "Total Revenue": 1,
        "Gross Profit": 1,
        "Operating Income": -1,
        "EBIT": -1,
        "Net Income": -1
    },
    "2018-06-30": {
        "Diluted EPS": -0.02,
        "Total Revenue": 1,
        "Gross Profit": 1,
        "Operating Income": -1,
        "EBIT": -1,
        "Net Income": 0
    },
    "2018-03-31": {
        "Diluted EPS": -0.07,
        "Total Revenue": 1,
        "Gross Profit": 1,
        "Operating Income": -1,
        "EBIT": -1,
        "Net Income": -1
    },
    "2017-12-31": {
        "Diluted EPS": 0.05,
        "Total Revenue": 2,
        "Gross Profit": 2,
        "Operating Income": 0,
        "EBIT": 0,
        "Net Income": 1
    },
    "2017-09-30": {
        "Diluted EPS": 0.08,
        "Total Revenue": 1,
        "Gross Profit": 1,
        "Operating Income": 0,
        "EBIT": 0,
        "Net Income": 1
    },
    "2017-06-30": {
        "Diluted EPS": -0.05,
        "Total Revenue": 1,
        "Gross Profit": 1,
        "Operating Income": 0,
        "EBIT": 0,
        "Net Income": -1
    },
    "2017-03-31": {
        "Diluted EPS": -0.0,
        "Total Revenue": 2,
        "Gross Profit": 2,
        "Operating Income": 0,
        "EBIT": 0,
        "Net Income": 0
    },
    "2016-12-31": {
        "Diluted EPS": 0.0,
        "Total Revenue": 2,
        "Gross Profit": 2,
        "Operating Income": 0,
        "EBIT": 0,
        "Net Income": 0
    },
    "2016-09-30": {
        "Diluted EPS": 0.02,
        "Total Revenue": 2,
        "Gross Profit": 2,
        "Operating Income": 0,
        "EBIT": 0,
        "Net Income": 0
    },
    "2016-06-30": {
        "Diluted EPS": -0.02,
        "Total Revenue": 2,
        "Gross Profit": 2,
        "Operating Income": 0,
        "EBIT": 0,
        "Net Income": 0
    },
    "2016-03-31": {
        "Diluted EPS": -0.02,
        "Total Revenue": 1,
        "Gross Profit": 1,
        "Operating Income": -1,
        "EBIT": 0,
        "Net Income": 0
    },
    "2015-12-31": {
        "Diluted EPS": -0.14,
        "Total Revenue": 1,
        "Gross Profit": 1,
        "Operating Income": -2,
        "EBIT": -2,
        "Net Income": -2
    },
    "2015-09-30": {
        "Diluted EPS": -0.06,
        "Total Revenue": 1,
        "Gross Profit": 1,
        "Operating Income": -1,
        "EBIT": -1,
        "Net Income": -1
    },
    "2015-06-30": {
        "Diluted EPS": -0.13,
        "Total Revenue": 1,
        "Gross Profit": 1,
        "Operating Income": -1,
        "EBIT": -1,
        "Net Income": -2
    },
    "2015-03-31": {
        "Diluted EPS": -0.07,
        "Total Revenue": 1,
        "Gross Profit": 1,
        "Operating Income": -1,
        "EBIT": -1,
        "Net Income": -1
    },
    "2014-12-31": {
        "Diluted EPS": -0.05,
        "Total Revenue": 2,
        "Gross Profit": 2,
        "Operating Income": -1,
        "EBIT": -1,
        "Net Income": -1
    },
    "2014-09-30": {
        "Diluted EPS": -0.01,
        "Total Revenue": 3,
        "Gross Profit": 3,
        "Operating Income": 0,
        "EBIT": 0,
        "Net Income": 0
    },
    "2014-06-30": {
        "Diluted EPS": 0.02,
        "Total Revenue": 0,
        "Gross Profit": 0,
        "Operating Income": 0,
        "EBIT": 0,
        "Net Income": 0
    },
    "2014-03-31": {
        "Diluted EPS": -0.0,
        "Total Revenue": 3,
        "Gross Profit": 3,
        "Operating Income": 0,
        "EBIT": 0,
        "Net Income": 0
    },
    "2013-12-31": {
        "Diluted EPS": -0.08,
        "Total Revenue": 3,
        "Gross Profit": 3,
        "Operating Income": -1,
        "EBIT": -1,
        "Net Income": -1
    },
    "2013-09-30": {
        "Diluted EPS": 0.0,
        "Total Revenue": 3,
        "Gross Profit": 3,
        "Operating Income": -1,
        "EBIT": -1,
        "Net Income": 0
    },
    "2013-06-30": {
        "Diluted EPS": -0.02,
        "Total Revenue": 3,
        "Gross Profit": 3,
        "Operating Income": -1,
        "EBIT": 0,
        "Net Income": 0
    },
    "2013-03-31": {
        "Diluted EPS": 0.0,
        "Total Revenue": 4,
        "Gross Profit": 4,
        "Operating Income": 0,
        "EBIT": 0,
        "Net Income": 0
    },
    "2012-12-31": {
        "Diluted EPS": 0.01,
        "Total Revenue": 5,
        "Gross Profit": 5,
        "Operating Income": 0,
        "EBIT": 0,
        "Net Income": 0
    },
    "2012-09-30": {
        "Diluted EPS": 0.0,
        "Total Revenue": 4,
        "Gross Profit": 4,
        "Operating Income": 0,
        "EBIT": 0,
        "Net Income": 0
    },
    "2012-06-30": {
        "Diluted EPS": -0.01,
        "Total Revenue": 3,
        "Gross Profit": 3,
        "Operating Income": 0,
        "EBIT": 0,
        "Net Income": 0
    },
    "2012-03-31": {
        "Diluted EPS": 0.03,
        "Total Revenue": 6,
        "Gross Profit": 6,
        "Operating Income": 1,
        "EBIT": 1,
        "Net Income": 0
    },
    "2011-12-31": {
        "Diluted EPS": 0.03,
        "Total Revenue": 6,
        "Gross Profit": 6,
        "Operating Income": 1,
        "EBIT": 1,
        "Net Income": 0
    },
    "2011-09-30": {
        "Diluted EPS": 0.05,
        "Total Revenue": 8,
        "Gross Profit": 8,
        "Operating Income": 1,
        "EBIT": 1,
        "Net Income": 1
    },
    "2011-06-30": {
        "Diluted EPS": 0.11,
        "Total Revenue": 9,
        "Gross Profit": 9,
        "Operating Income": 1,
        "EBIT": 1,
        "Net Income": 2
    },
    "2011-03-31": {
        "Diluted EPS": 0.17,
        "Total Revenue": 11,
        "Gross Profit": 11,
        "Operating Income": 4,
        "EBIT": 4,
        "Net Income": 3
    },
    "2010-12-31": {
        "Diluted EPS": 0.15,
        "Total Revenue": 12,
        "Gross Profit": 12,
        "Operating Income": 4,
        "EBIT": 4,
        "Net Income": 2
    },
    "2010-09-30": {
        "Diluted EPS": 0.08,
        "Total Revenue": 9,
        "Gross Profit": 9,
        "Operating Income": 2,
        "EBIT": 2,
        "Net Income": 1
    },
    "2010-06-30": {
        "Diluted EPS": 0.06,
        "Total Revenue": 9,
        "Gross Profit": 9,
        "Operating Income": 2,
        "EBIT": 2,
        "Net Income": 1
    },
    "2010-03-31": {
        "Diluted EPS": 0.1,
        "Total Revenue": 9,
        "Gross Profit": 9,
        "Operating Income": 2,
        "EBIT": 2,
        "Net Income": 1
    },
    "2009-12-31": {
        "Diluted EPS": 0.1,
        "Total Revenue": 9,
        "Gross Profit": 9,
        "Operating Income": 2,
        "EBIT": 2,
        "Net Income": 2
    },
    "2009-09-30": {
        "Diluted EPS": 0.09,
        "Total Revenue": 8,
        "Gross Profit": 8,
        "Operating Income": 2,
        "EBIT": 2,
        "Net Income": 1
    },
    "2009-06-30": {
        "Diluted EPS": 0.06,
        "Total Revenue": 6,
        "Gross Profit": 6,
        "Operating Income": 1,
        "EBIT": 1,
        "Net Income": 1
    },
    "2009-03-31": {
        "Diluted EPS": 0.02,
        "Total Revenue": 5,
        "Gross Profit": 5,
        "Operating Income": 0,
        "EBIT": 0,
        "Net Income": 0
    },
    "2023-06-30": {
        "Tax Effect Of Unusual Items": 193826.589595,
        "Tax Rate For Calcs": 0.383815,
        "Normalized EBITDA": 421000.0,
        "Total Unusual Items": 505000.0,
        "Total Unusual Items Excluding Goodwill": 505000.0,
        "Net Income From Continuing Operation Net Minority Interest": 533000.0,
        "Reconciled Depreciation": -48000.0,
        "Reconciled Cost Of Revenue": 1337000.0,
        "EBITDA": 926000.0,
        "EBIT": 866000.0,
        "Net Interest Income": -1000.0,
        "Interest Expense": 1000.0,
        "Normalized Income": 221826.589595,
        "Net Income From Continuing And Discontinued Operation": 533000.0,
        "Total Expenses": 3007000.0,
        "Total Operating Income As Reported": 302000.0,
        "Diluted Average Shares": NaN,
        "Basic Average Shares": NaN,
        "Diluted EPS": NaN,
        "Basic EPS": NaN,
        "Diluted NI Availto Com Stockholders": 533000.0,
        "Net Income Common Stockholders": 533000.0,
        "Net Income": 533000.0,
        "Net Income Including Noncontrolling Interests": 533000.0,
        "Net Income Continuous Operations": 533000.0,
        "Tax Provision": 332000.0,
        "Pretax Income": 865000.0,
        "Other Income Expense": 563000.0,
        "Other Non Operating Income Expenses": 58000.0,
        "Earnings From Equity Interest": 0.0,
        "Gain On Sale Of Security": 505000.0,
        "Net Non Operating Interest Income Expense": -1000.0,
        "Interest Expense Non Operating": 1000.0,
        "Operating Income": 303000.0,
        "Operating Expense": 1778000.0,
        "Depreciation Amortization Depletion Income Statement": 60000.0,
        "Depreciation And Amortization In Income Statement": 60000.0,
        "Depreciation Income Statement": 60000.0,
        "Selling General And Administration": 1718000.0,
        "Selling And Marketing Expense": 85000.0,
        "General And Administrative Expense": 1633000.0,
        "Other Gand A": 1633000.0,
        "Gross Profit": 2081000.0,
        "Cost Of Revenue": 1229000.0,
        "Total Revenue": 3310000.0,
        "Operating Revenue": 3310000.0
    },
    "2023-09-30": {
        "Tax Effect Of Unusual Items": -138360.995851,
        "Tax Rate For Calcs": 0.26971,
        "Normalized EBITDA": 334000.0,
        "Total Unusual Items": -513000.0,
        "Total Unusual Items Excluding Goodwill": -513000.0,
        "Net Income From Continuing Operation Net Minority Interest": -176000.0,
        "Reconciled Depreciation": -38000.0,
        "Reconciled Cost Of Revenue": 1373000.0,
        "EBITDA": -179000.0,
        "EBIT": -240000.0,
        "Net Interest Income": -1000.0,
        "Interest Expense": 1000.0,
        "Normalized Income": 198639.004149,
        "Net Income From Continuing And Discontinued Operation": -176000.0,
        "Total Expenses": 2917000.0,
        "Total Operating Income As Reported": 215000.0,
        "Diluted Average Shares": 14465701.0,
        "Basic Average Shares": 14465510.0,
        "Diluted EPS": -0.01,
        "Basic EPS": -0.01,
        "Diluted NI Availto Com Stockholders": -176000.0,
        "Net Income Common Stockholders": -176000.0,
        "Net Income": -176000.0,
        "Net Income Including Noncontrolling Interests": -176000.0,
        "Net Income Continuous Operations": -176000.0,
        "Tax Provision": -65000.0,
        "Pretax Income": -241000.0,
        "Other Income Expense": -456000.0,
        "Other Non Operating Income Expenses": 57000.0,
        "Earnings From Equity Interest": NaN,
        "Gain On Sale Of Security": -513000.0,
        "Net Non Operating Interest Income Expense": -1000.0,
        "Interest Expense Non Operating": 1000.0,
        "Operating Income": 216000.0,
        "Operating Expense": 1643000.0,
        "Depreciation Amortization Depletion Income Statement": 61000.0,
        "Depreciation And Amortization In Income Statement": 61000.0,
        "Depreciation Income Statement": 61000.0,
        "Selling General And Administration": 1582000.0,
        "Selling And Marketing Expense": 81000.0,
        "General And Administrative Expense": 1501000.0,
        "Other Gand A": 1501000.0,
        "Gross Profit": 1859000.0,
        "Cost Of Revenue": 1274000.0,
        "Total Revenue": 3133000.0,
        "Operating Revenue": 3133000.0
    },
    "2023-12-31": {
        "Tax Effect Of Unusual Items": 370796.396396,
        "Tax Rate For Calcs": 0.261862,
        "Normalized EBITDA": 311000.0,
        "Total Unusual Items": 1416000.0,
        "Total Unusual Items Excluding Goodwill": 1416000.0,
        "Net Income From Continuing Operation Net Minority Interest": 1229000.0,
        "Reconciled Depreciation": -27000.0,
        "Reconciled Cost Of Revenue": 1051000.0,
        "EBITDA": 1727000.0,
        "EBIT": 1665000.0,
        "Net Interest Income": 0.0,
        "Interest Expense": 0.0,
        "Normalized Income": 183796.396396,
        "Net Income From Continuing And Discontinued Operation": 1229000.0,
        "Total Expenses": 2626000.0,
        "Total Operating Income As Reported": 192000.0,
        "Diluted Average Shares": 14291396.0,
        "Basic Average Shares": 14291328.0,
        "Diluted EPS": 0.09,
        "Basic EPS": 0.09,
        "Diluted NI Availto Com Stockholders": 1229000.0,
        "Net Income Common Stockholders": 1229000.0,
        "Net Income": 1229000.0,
        "Net Income Including Noncontrolling Interests": 1229000.0,
        "Net Income Continuous Operations": 1229000.0,
        "Tax Provision": 436000.0,
        "Pretax Income": 1665000.0,
        "Other Income Expense": 1473000.0,
        "Other Non Operating Income Expenses": 57000.0,
        "Earnings From Equity Interest": NaN,
        "Gain On Sale Of Security": 1416000.0,
        "Net Non Operating Interest Income Expense": 0.0,
        "Interest Expense Non Operating": 0.0,
        "Operating Income": 192000.0,
        "Operating Expense": 1664000.0,
        "Depreciation Amortization Depletion Income Statement": 62000.0,
        "Depreciation And Amortization In Income Statement": 62000.0,
        "Depreciation Income Statement": 62000.0,
        "Selling General And Administration": 1602000.0,
        "Selling And Marketing Expense": 112000.0,
        "General And Administrative Expense": 1490000.0,
        "Other Gand A": 1490000.0,
        "Gross Profit": 1856000.0,
        "Cost Of Revenue": 962000.0,
        "Total Revenue": 2818000.0,
        "Operating Revenue": 2818000.0
    },
    "2024-03-31": {
        "Tax Effect Of Unusual Items": 184000.0,
        "Tax Rate For Calcs": 0.4,
        "Normalized EBITDA": -378000.0,
        "Total Unusual Items": 460000.0,
        "Total Unusual Items Excluding Goodwill": 460000.0,
        "Net Income From Continuing Operation Net Minority Interest": -35000.0,
        "Reconciled Depreciation": -38000.0,
        "Reconciled Cost Of Revenue": 1288000.0,
        "EBITDA": 82000.0,
        "EBIT": 41000.0,
        "Net Interest Income": -1000.0,
        "Interest Expense": 1000.0,
        "Normalized Income": -311000.0,
        "Net Income From Continuing And Discontinued Operation": -35000.0,
        "Total Expenses": 3080000.0,
        "Total Operating Income As Reported": -488000.0,
        "Diluted Average Shares": 14077042.0,
        "Basic Average Shares": 14077042.0,
        "Diluted EPS": -0.002486,
        "Basic EPS": -0.002486,
        "Diluted NI Availto Com Stockholders": -35000.0,
        "Net Income Common Stockholders": -35000.0,
        "Net Income": -35000.0,
        "Net Income Including Noncontrolling Interests": -35000.0,
        "Net Income Continuous Operations": -35000.0,
        "Tax Provision": 75000.0,
        "Pretax Income": 40000.0,
        "Other Income Expense": 528000.0,
        "Other Non Operating Income Expenses": 68000.0,
        "Earnings From Equity Interest": NaN,
        "Gain On Sale Of Security": 460000.0,
        "Net Non Operating Interest Income Expense": -1000.0,
        "Interest Expense Non Operating": 1000.0,
        "Operating Income": -487000.0,
        "Operating Expense": 1871000.0,
        "Depreciation Amortization Depletion Income Statement": 41000.0,
        "Depreciation And Amortization In Income Statement": 41000.0,
        "Depreciation Income Statement": 41000.0,
        "Selling General And Administration": 1830000.0,
        "Selling And Marketing Expense": 97000.0,
        "General And Administrative Expense": 1733000.0,
        "Other Gand A": 1733000.0,
        "Gross Profit": 1384000.0,
        "Cost Of Revenue": 1209000.0,
        "Total Revenue": 2593000.0,
        "Operating Revenue": 2593000.0
    }
}