{
    "2024-03-31": {
        "Tax Effect Of Unusual Items": 104700.0,
        "Tax Rate For Calcs": 0.15,
        "Normalized EBITDA": 647000.0,
        "Total Unusual Items": 698000.0,
        "Total Unusual Items Excluding Goodwill": 698000.0,
        "Net Income From Continuing Operation Net Minority Interest": -1405000.0,
        "Reconciled Depreciation": 540000.0,
        "Reconciled Cost Of Revenue": 520000.0,
        "EBITDA": 1345000.0,
        "EBIT": 805000.0,
        "Net Interest Income": -1784000.0,
        "Interest Expense": 1784000.0,
        "Normalized Income": -1998300.0,
        "Net Income From Continuing And Discontinued Operation": -1405000.0,
        "Total Expenses": 3395000.0,
        "Total Operating Income As Reported": NaN,
        "Diluted Average Shares": 145778698.0,
        "Basic Average Shares": 145778698.0,
        "Diluted EPS": -0.01,
        "Basic EPS": -0.01,
        "Diluted NI Availto Com Stockholders": -1405000.0,
        "Net Income Common Stockholders": -1405000.0,
        "Net Income": -1405000.0,
        "Net Income Including Noncontrolling Interests": -1405000.0,
        "Net Income Continuous Operations": -1405000.0,
        "Tax Provision": 426000.0,
        "Pretax Income": -979000.0,
        "Other Income Expense": 1306000.0,
        "Other Non Operating Income Expenses": 660000.0,
        "Special Income Charges": 319000.0,
        "Gain On Sale Of Business": 9000.0,
        "Other Special Charges": -310000.0,
        "Impairment Of Capital Assets": NaN,
        "Earnings From Equity Interest": -52000.0,
        "Gain On Sale Of Security": 379000.0,
        "Net Non Operating Interest Income Expense": -1784000.0,
        "Interest Expense Non Operating": 1784000.0,
        "Operating Income": -501000.0,
        "Operating Expense": 2875000.0,
        "Other Operating Expenses": NaN,
        "Depreciation Amortization Depletion Income Statement": NaN,
        "Depreciation And Amortization In Income Statement": NaN,
        "Depreciation Income Statement": NaN,
        "Selling General And Administration": 2875000.0,
        "General And Administrative Expense": 2875000.0,
        "Other Gand A": 2875000.0,
        "Insurance And Claims": NaN,
        "Salaries And Wages": NaN,
        "Gross Profit": 2374000.0,
        "Cost Of Revenue": 520000.0,
        "Total Revenue": 2894000.0,
        "Operating Revenue": 2894000.0
    },
    "2023-12-31": {
        "Tax Effect Of Unusual Items": -5038727.19625,
        "Tax Rate For Calcs": 0.224452,
        "Normalized EBITDA": -1431000.0,
        "Total Unusual Items": -22449000.0,
        "Total Unusual Items Excluding Goodwill": -22449000.0,
        "Net Income From Continuing Operation Net Minority Interest": -19360000.0,
        "Reconciled Depreciation": 269000.0,
        "Reconciled Cost Of Revenue": 249000.0,
        "EBITDA": -23880000.0,
        "EBIT": -24149000.0,
        "Net Interest Income": -814000.0,
        "Interest Expense": 814000.0,
        "Normalized Income": -1949727.19625,
        "Net Income From Continuing And Discontinued Operation": -19360000.0,
        "Total Expenses": 2822000.0,
        "Total Operating Income As Reported": -24257000.0,
        "Diluted Average Shares": NaN,
        "Basic Average Shares": NaN,
        "Diluted EPS": NaN,
        "Basic EPS": NaN,
        "Diluted NI Availto Com Stockholders": -19360000.0,
        "Net Income Common Stockholders": -19360000.0,
        "Net Income": -19360000.0,
        "Net Income Including Noncontrolling Interests": -19360000.0,
        "Net Income Continuous Operations": -19360000.0,
        "Tax Provision": -5603000.0,
        "Pretax Income": -24963000.0,
        "Other Income Expense": -22343000.0,
        "Other Non Operating Income Expenses": 178000.0,
        "Special Income Charges": -22379000.0,
        "Gain On Sale Of Business": 0.0,
        "Other Special Charges": 0.0,
        "Impairment Of Capital Assets": 22379000.0,
        "Earnings From Equity Interest": -72000.0,
        "Gain On Sale Of Security": -70000.0,
        "Net Non Operating Interest Income Expense": -814000.0,
        "Interest Expense Non Operating": 814000.0,
        "Operating Income": -1806000.0,
        "Operating Expense": 2573000.0,
        "Other Operating Expenses": NaN,
        "Depreciation Amortization Depletion Income Statement": NaN,
        "Depreciation And Amortization In Income Statement": NaN,
        "Depreciation Income Statement": NaN,
        "Selling General And Administration": 3503000.0,
        "General And Administrative Expense": 3503000.0,
        "Other Gand A": 8904000.0,
        "Insurance And Claims": NaN,
        "Salaries And Wages": NaN,
        "Gross Profit": 767000.0,
        "Cost Of Revenue": 249000.0,
        "Total Revenue": 1016000.0,
        "Operating Revenue": 758000.0
    },
    "2023-09-30": {
        "Tax Effect Of Unusual Items": -22172.731258,
        "Tax Rate For Calcs": 0.20342,
        "Normalized EBITDA": -1383000.0,
        "Total Unusual Items": -109000.0,
        "Total Unusual Items Excluding Goodwill": -109000.0,
        "Net Income From Continuing Operation Net Minority Interest": -1817000.0,
        "Reconciled Depreciation": 386000.0,
        "Reconciled Cost Of Revenue": 373000.0,
        "EBITDA": -1492000.0,
        "EBIT": -1878000.0,
        "Net Interest Income": -403000.0,
        "Interest Expense": 403000.0,
        "Normalized Income": -1730172.731258,
        "Net Income From Continuing And Discontinued Operation": -1817000.0,
        "Total Expenses": 2590000.0,
        "Total Operating Income As Reported": -1771000.0,
        "Diluted Average Shares": 144970285.0,
        "Basic Average Shares": 144970285.0,
        "Diluted EPS": -0.01,
        "Basic EPS": -0.01,
        "Diluted NI Availto Com Stockholders": -1817000.0,
        "Net Income Common Stockholders": -1817000.0,
        "Net Income": -1817000.0,
        "Net Income Including Noncontrolling Interests": -1817000.0,
        "Net Income Continuous Operations": -1817000.0,
        "Tax Provision": -464000.0,
        "Pretax Income": -2281000.0,
        "Other Income Expense": -85000.0,
        "Other Non Operating Income Expenses": 2000.0,
        "Special Income Charges": 0.0,
        "Gain On Sale Of Business": 0.0,
        "Other Special Charges": NaN,
        "Impairment Of Capital Assets": 0.0,
        "Earnings From Equity Interest": 22000.0,
        "Gain On Sale Of Security": -109000.0,
        "Net Non Operating Interest Income Expense": -403000.0,
        "Interest Expense Non Operating": 403000.0,
        "Operating Income": -1793000.0,
        "Operating Expense": 2217000.0,
        "Other Operating Expenses": 166000.0,
        "Depreciation Amortization Depletion Income Statement": 13000.0,
        "Depreciation And Amortization In Income Statement": 13000.0,
        "Depreciation Income Statement": 13000.0,
        "Selling General And Administration": 1960000.0,
        "General And Administrative Expense": 1960000.0,
        "Other Gand A": 396000.0,
        "Insurance And Claims": 313000.0,
        "Salaries And Wages": 1251000.0,
        "Gross Profit": 424000.0,
        "Cost Of Revenue": 373000.0,
        "Total Revenue": 797000.0,
        "Operating Revenue": 548000.0
    },
    "2023-06-30": {
        "Tax Effect Of Unusual Items": NaN,
        "Tax Rate For Calcs": NaN,
        "Normalized EBITDA": NaN,
        "Total Unusual Items": NaN,
        "Total Unusual Items Excluding Goodwill": NaN,
        "Net Income From Continuing Operation Net Minority Interest": NaN,
        "Reconciled Depreciation": NaN,
        "Reconciled Cost Of Revenue": NaN,
        "EBITDA": NaN,
        "EBIT": NaN,
        "Net Interest Income": NaN,
        "Interest Expense": NaN,
        "Normalized Income": NaN,
        "Net Income From Continuing And Discontinued Operation": NaN,
        "Total Expenses": NaN,
        "Total Operating Income As Reported": -2040000.0,
        "Diluted Average Shares": 144560621.0,
        "Basic Average Shares": 144560621.0,
        "Diluted EPS": -0.02,
        "Basic EPS": -0.02,
        "Diluted NI Availto Com Stockholders": NaN,
        "Net Income Common Stockholders": NaN,
        "Net Income": NaN,
        "Net Income Including Noncontrolling Interests": NaN,
        "Net Income Continuous Operations": NaN,
        "Tax Provision": NaN,
        "Pretax Income": NaN,
        "Other Income Expense": NaN,
        "Other Non Operating Income Expenses": NaN,
        "Special Income Charges": NaN,
        "Gain On Sale Of Business": NaN,
        "Other Special Charges": NaN,
        "Impairment Of Capital Assets": 0.0,
        "Earnings From Equity Interest": NaN,
        "Gain On Sale Of Security": NaN,
        "Net Non Operating Interest Income Expense": NaN,
        "Interest Expense Non Operating": NaN,
        "Operating Income": NaN,
        "Operating Expense": NaN,
        "Other Operating Expenses": 76000.0,
        "Depreciation Amortization Depletion Income Statement": 16000.0,
        "Depreciation And Amortization In Income Statement": 16000.0,
        "Depreciation Income Statement": 16000.0,
        "Selling General And Administration": NaN,
        "General And Administrative Expense": NaN,
        "Other Gand A": NaN,
        "Insurance And Claims": 324000.0,
        "Salaries And Wages": 1581000.0,
        "Gross Profit": NaN,
        "Cost Of Revenue": NaN,
        "Total Revenue": NaN,
        "Operating Revenue": NaN
    },
    "2023-03-31": {
        "Tax Effect Of Unusual Items": NaN,
        "Tax Rate For Calcs": NaN,
        "Normalized EBITDA": NaN,
        "Total Unusual Items": NaN,
        "Total Unusual Items Excluding Goodwill": NaN,
        "Net Income From Continuing Operation Net Minority Interest": NaN,
        "Reconciled Depreciation": NaN,
        "Reconciled Cost Of Revenue": NaN,
        "EBITDA": NaN,
        "EBIT": NaN,
        "Net Interest Income": NaN,
        "Interest Expense": NaN,
        "Normalized Income": NaN,
        "Net Income From Continuing And Discontinued Operation": NaN,
        "Total Expenses": NaN,
        "Total Operating Income As Reported": NaN,
        "Diluted Average Shares": NaN,
        "Basic Average Shares": NaN,
        "Diluted EPS": NaN,
        "Basic EPS": NaN,
        "Diluted NI Availto Com Stockholders": NaN,
        "Net Income Common Stockholders": NaN,
        "Net Income": NaN,
        "Net Income Including Noncontrolling Interests": NaN,
        "Net Income Continuous Operations": NaN,
        "Tax Provision": NaN,
        "Pretax Income": NaN,
        "Other Income Expense": NaN,
        "Other Non Operating Income Expenses": NaN,
        "Special Income Charges": NaN,
        "Gain On Sale Of Business": NaN,
        "Other Special Charges": 249000.0,
        "Impairment Of Capital Assets": 0.0,
        "Earnings From Equity Interest": NaN,
        "Gain On Sale Of Security": NaN,
        "Net Non Operating Interest Income Expense": NaN,
        "Interest Expense Non Operating": NaN,
        "Operating Income": NaN,
        "Operating Expense": NaN,
        "Other Operating Expenses": 378000.0,
        "Depreciation Amortization Depletion Income Statement": 21000.0,
        "Depreciation And Amortization In Income Statement": 21000.0,
        "Depreciation Income Statement": 21000.0,
        "Selling General And Administration": NaN,
        "General And Administrative Expense": NaN,
        "Other Gand A": NaN,
        "Insurance And Claims": 394000.0,
        "Salaries And Wages": 1538000.0,
        "Gross Profit": NaN,
        "Cost Of Revenue": NaN,
        "Total Revenue": NaN,
        "Operating Revenue": NaN
    },
    "2022-12-31": {
        "Tax Effect Of Unusual Items": NaN,
        "Tax Rate For Calcs": NaN,
        "Normalized EBITDA": NaN,
        "Total Unusual Items": NaN,
        "Total Unusual Items Excluding Goodwill": NaN,
        "Net Income From Continuing Operation Net Minority Interest": NaN,
        "Reconciled Depreciation": NaN,
        "Reconciled Cost Of Revenue": NaN,
        "EBITDA": NaN,
        "EBIT": NaN,
        "Net Interest Income": NaN,
        "Interest Expense": NaN,
        "Normalized Income": NaN,
        "Net Income From Continuing And Discontinued Operation": NaN,
        "Total Expenses": NaN,
        "Total Operating Income As Reported": NaN,
        "Diluted Average Shares": NaN,
        "Basic Average Shares": NaN,
        "Diluted EPS": NaN,
        "Basic EPS": NaN,
        "Diluted NI Availto Com Stockholders": NaN,
        "Net Income Common Stockholders": NaN,
        "Net Income": NaN,
        "Net Income Including Noncontrolling Interests": NaN,
        "Net Income Continuous Operations": NaN,
        "Tax Provision": NaN,
        "Pretax Income": NaN,
        "Other Income Expense": NaN,
        "Other Non Operating Income Expenses": NaN,
        "Special Income Charges": NaN,
        "Gain On Sale Of Business": NaN,
        "Other Special Charges": NaN,
        "Impairment Of Capital Assets": 0.0,
        "Earnings From Equity Interest": NaN,
        "Gain On Sale Of Security": NaN,
        "Net Non Operating Interest Income Expense": NaN,
        "Interest Expense Non Operating": NaN,
        "Operating Income": NaN,
        "Operating Expense": NaN,
        "Other Operating Expenses": 318000.0,
        "Depreciation Amortization Depletion Income Statement": 29000.0,
        "Depreciation And Amortization In Income Statement": 29000.0,
        "Depreciation Income Statement": 29000.0,
        "Selling General And Administration": NaN,
        "General And Administrative Expense": NaN,
        "Other Gand A": NaN,
        "Insurance And Claims": 438000.0,
        "Salaries And Wages": 1816000.0,
        "Gross Profit": NaN,
        "Cost Of Revenue": NaN,
        "Total Revenue": NaN,
        "Operating Revenue": NaN
    },
    "2022-09-30": {
        "Tax Effect Of Unusual Items": NaN,
        "Tax Rate For Calcs": NaN,
        "Normalized EBITDA": NaN,
        "Total Unusual Items": NaN,
        "Total Unusual Items Excluding Goodwill": NaN,
        "Net Income From Continuing Operation Net Minority Interest": NaN,
        "Reconciled Depreciation": NaN,
        "Reconciled Cost Of Revenue": NaN,
        "EBITDA": NaN,
        "EBIT": NaN,
        "Net Interest Income": NaN,
        "Interest Expense": NaN,
        "Normalized Income": NaN,
        "Net Income From Continuing And Discontinued Operation": NaN,
        "Total Expenses": NaN,
        "Total Operating Income As Reported": NaN,
        "Diluted Average Shares": NaN,
        "Basic Average Shares": NaN,
        "Diluted EPS": NaN,
        "Basic EPS": NaN,
        "Diluted NI Availto Com Stockholders": NaN,
        "Net Income Common Stockholders": NaN,
        "Net Income": NaN,
        "Net Income Including Noncontrolling Interests": NaN,
        "Net Income Continuous Operations": NaN,
        "Tax Provision": NaN,
        "Pretax Income": NaN,
        "Other Income Expense": NaN,
        "Other Non Operating Income Expenses": NaN,
        "Special Income Charges": NaN,
        "Gain On Sale Of Business": NaN,
        "Other Special Charges": NaN,
        "Write Off": 0.0,
        "Impairment Of Capital Assets": NaN,
        "Earnings From Equity Interest": NaN,
        "Gain On Sale Of Security": NaN,
        "Net Non Operating Interest Income Expense": NaN,
        "Interest Expense Non Operating": NaN,
        "Operating Income": NaN,
        "Operating Expense": NaN,
        "Other Operating Expenses": 352000.0,
        "Depreciation Amortization Depletion Income Statement": 27000.0,
        "Depreciation And Amortization In Income Statement": 27000.0,
        "Depreciation Income Statement": 27000.0,
        "Selling General And Administration": NaN,
        "General And Administrative Expense": NaN,
        "Other Gand A": NaN,
        "Insurance And Claims": 452000.0,
        "Salaries And Wages": 1729000.0,
        "Gross Profit": NaN,
        "Cost Of Revenue": NaN,
        "Total Revenue": NaN,
        "Operating Revenue": NaN
    },
    "2024-06-30": {
        "Tax Effect Of Unusual Items": 4050.0,
        "Tax Rate For Calcs": 0.15,
        "Normalized EBITDA": 181000.0,
        "Total Unusual Items": 27000.0,
        "Total Unusual Items Excluding Goodwill": 27000.0,
        "Net Income From Continuing Operation Net Minority Interest": -2236000.0,
        "Reconciled Depreciation": 444000.0,
        "Reconciled Cost Of Revenue": 425000.0,
        "EBITDA": 208000.0,
        "EBIT": -236000.0,
        "Net Interest Income": -1905000.0,
        "Interest Expense": 1905000.0,
        "Normalized Income": -2258950.0,
        "Net Income From Continuing And Discontinued Operation": -2236000.0,
        "Total Expenses": 2558000.0,
        "Total Operating Income As Reported": -612000.0,
        "Diluted Average Shares": 153412808.0,
        "Basic Average Shares": 153412808.0,
        "Diluted EPS": -0.01,
        "Basic EPS": -0.01,
        "Diluted NI Availto Com Stockholders": -2236000.0,
        "Net Income Common Stockholders": -2236000.0,
        "Net Income": -2236000.0,
        "Net Income Including Noncontrolling Interests": -2236000.0,
        "Net Income Continuous Operations": -2236000.0,
        "Tax Provision": 95000.0,
        "Pretax Income": -2141000.0,
        "Other Income Expense": 528000.0,
        "Other Non Operating Income Expenses": 349000.0,
        "Special Income Charges": 0.0,
        "Gain On Sale Of Business": 0.0,
        "Other Special Charges": NaN,
        "Impairment Of Capital Assets": NaN,
        "Earnings From Equity Interest": 152000.0,
        "Gain On Sale Of Security": 27000.0,
        "Net Non Operating Interest Income Expense": -1905000.0,
        "Interest Expense Non Operating": 1905000.0,
        "Operating Income": -764000.0,
        "Operating Expense": 2133000.0,
        "Other Operating Expenses": 13000.0,
        "Depreciation Amortization Depletion Income Statement": NaN,
        "Depreciation And Amortization In Income Statement": NaN,
        "Depreciation Income Statement": NaN,
        "Selling General And Administration": 2120000.0,
        "General And Administrative Expense": 2120000.0,
        "Other Gand A": 2120000.0,
        "Insurance And Claims": NaN,
        "Salaries And Wages": NaN,
        "Gross Profit": 1369000.0,
        "Cost Of Revenue": 425000.0,
        "Total Revenue": 1794000.0,
        "Operating Revenue": 1530000.0
    },
    "2024-09-30": {
        "Tax Effect Of Unusual Items": -5100.0,
        "Tax Rate For Calcs": 0.15,
        "Normalized EBITDA": 7000.0,
        "Total Unusual Items": -34000.0,
        "Total Unusual Items Excluding Goodwill": -34000.0,
        "Net Income From Continuing Operation Net Minority Interest": 3423000.0,
        "Reconciled Depreciation": 508000.0,
        "Reconciled Cost Of Revenue": 488000.0,
        "EBITDA": -27000.0,
        "EBIT": -535000.0,
        "Net Interest Income": -2166000.0,
        "Interest Expense": 2166000.0,
        "Normalized Income": 3451900.0,
        "Net Income From Continuing And Discontinued Operation": 3423000.0,
        "Total Expenses": 2916000.0,
        "Total Operating Income As Reported": -923000.0,
        "Diluted Average Shares": 170233750.0,
        "Basic Average Shares": 169152636.0,
        "Diluted EPS": 0.02,
        "Basic EPS": 0.02,
        "Diluted NI Availto Com Stockholders": 3423000.0,
        "Net Income Common Stockholders": 3423000.0,
        "Net Income": 3423000.0,
        "Net Income Including Noncontrolling Interests": 3423000.0,
        "Net Income Continuous Operations": 3423000.0,
        "Tax Provision": -6124000.0,
        "Pretax Income": -2701000.0,
        "Other Income Expense": 321000.0,
        "Other Non Operating Income Expenses": 422000.0,
        "Special Income Charges": 0.0,
        "Gain On Sale Of Business": 0.0,
        "Other Special Charges": NaN,
        "Impairment Of Capital Assets": NaN,
        "Earnings From Equity Interest": -67000.0,
        "Gain On Sale Of Security": -34000.0,
        "Net Non Operating Interest Income Expense": -2166000.0,
        "Interest Expense Non Operating": 2166000.0,
        "Operating Income": -856000.0,
        "Operating Expense": 2428000.0,
        "Other Operating Expenses": 15000.0,
        "Depreciation Amortization Depletion Income Statement": NaN,
        "Depreciation And Amortization In Income Statement": NaN,
        "Depreciation Income Statement": NaN,
        "Selling General And Administration": 2413000.0,
        "General And Administrative Expense": 2413000.0,
        "Other Gand A": 2413000.0,
        "Insurance And Claims": NaN,
        "Salaries And Wages": NaN,
        "Gross Profit": 1572000.0,
        "Cost Of Revenue": 488000.0,
        "Total Revenue": 2060000.0,
        "Operating Revenue": 1824000.0
    }
}