{
    "2023-03-31": {
        "Tax Effect Of Unusual Items": 0.0,
        "Tax Rate For Calcs": 0.0,
        "Normalized EBITDA": -20559000.0,
        "Total Unusual Items": -2654000.0,
        "Total Unusual Items Excluding Goodwill": -2654000.0,
        "Net Income From Continuing Operation Net Minority Interest": -23934000.0,
        "Reconciled Depreciation": 654000.0,
        "EBITDA": -23213000.0,
        "EBIT": -23867000.0,
        "Net Interest Income": 2587000.0,
        "Interest Income": 2587000.0,
        "Normalized Income": -21280000.0,
        "Net Income From Continuing And Discontinued Operation": -23934000.0,
        "Total Expenses": 23867000.0,
        "Total Operating Income As Reported": -26450000.0,
        "Diluted Average Shares": 55864475.0,
        "Basic Average Shares": 55864475.0,
        "Diluted EPS": -0.43,
        "Basic EPS": -0.43,
        "Diluted NI Availto Com Stockholders": -23934000.0,
        "Net Income Common Stockholders": -23934000.0,
        "Net Income": -23934000.0,
        "Net Income Including Noncontrolling Interests": -23934000.0,
        "Net Income Continuous Operations": -23934000.0,
        "Pretax Income": -23934000.0,
        "Other Income Expense": -2654000.0,
        "Other Non Operating Income Expenses": NaN,
        "Special Income Charges": -2654000.0,
        "Gain On Sale Of Ppe": -71000.0,
        "Restructuring And Mergern Acquisition": 2583000.0,
        "Net Non Operating Interest Income Expense": 2587000.0,
        "Interest Income Non Operating": 2587000.0,
        "Operating Income": -23867000.0,
        "Operating Expense": 23867000.0,
        "Research And Development": 16244000.0,
        "Selling General And Administration": 7623000.0,
        "General And Administrative Expense": 7623000.0,
        "Other Gand A": 7623000.0,
        "Total Revenue": 0.0,
        "Operating Revenue": 0.0
    },
    "2022-12-31": {
        "Tax Effect Of Unusual Items": 0.0,
        "Tax Rate For Calcs": 0.0,
        "Normalized EBITDA": -26751000.0,
        "Total Unusual Items": NaN,
        "Total Unusual Items Excluding Goodwill": NaN,
        "Net Income From Continuing Operation Net Minority Interest": -24599000.0,
        "Reconciled Depreciation": 682000.0,
        "EBITDA": -26751000.0,
        "EBIT": -26751000.0,
        "Net Interest Income": 2152000.0,
        "Interest Income": 2152000.0,
        "Normalized Income": -24599000.0,
        "Net Income From Continuing And Discontinued Operation": -24599000.0,
        "Total Expenses": 26751000.0,
        "Total Operating Income As Reported": -26751000.0,
        "Diluted Average Shares": 55721704.0,
        "Basic Average Shares": 55721704.0,
        "Diluted EPS": -0.44,
        "Basic EPS": -0.44,
        "Diluted NI Availto Com Stockholders": -24599000.0,
        "Net Income Common Stockholders": -24599000.0,
        "Net Income": -24599000.0,
        "Net Income Including Noncontrolling Interests": -24599000.0,
        "Net Income Continuous Operations": -24599000.0,
        "Pretax Income": -24599000.0,
        "Other Income Expense": NaN,
        "Other Non Operating Income Expenses": NaN,
        "Special Income Charges": NaN,
        "Gain On Sale Of Ppe": NaN,
        "Restructuring And Mergern Acquisition": NaN,
        "Net Non Operating Interest Income Expense": 2152000.0,
        "Interest Income Non Operating": 2152000.0,
        "Operating Income": -26751000.0,
        "Operating Expense": 26751000.0,
        "Research And Development": 18462000.0,
        "Selling General And Administration": 8289000.0,
        "General And Administrative Expense": 8289000.0,
        "Other Gand A": 8289000.0,
        "Total Revenue": 0.0,
        "Operating Revenue": 0.0
    },
    "2022-09-30": {
        "Tax Effect Of Unusual Items": 0.0,
        "Tax Rate For Calcs": 0.0,
        "Normalized EBITDA": -25502000.0,
        "Total Unusual Items": NaN,
        "Total Unusual Items Excluding Goodwill": NaN,
        "Net Income From Continuing Operation Net Minority Interest": -24682000.0,
        "Reconciled Depreciation": 652000.0,
        "EBITDA": -25502000.0,
        "EBIT": -26154000.0,
        "Net Interest Income": 1472000.0,
        "Interest Income": 1472000.0,
        "Normalized Income": -24682000.0,
        "Net Income From Continuing And Discontinued Operation": -24682000.0,
        "Total Expenses": 26154000.0,
        "Total Operating Income As Reported": -26154000.0,
        "Diluted Average Shares": 55206139.0,
        "Basic Average Shares": 55206139.0,
        "Diluted EPS": -0.45,
        "Basic EPS": -0.45,
        "Diluted NI Availto Com Stockholders": -24682000.0,
        "Net Income Common Stockholders": -24682000.0,
        "Net Income": -24682000.0,
        "Net Income Including Noncontrolling Interests": -24682000.0,
        "Net Income Continuous Operations": -24682000.0,
        "Pretax Income": -24682000.0,
        "Other Income Expense": NaN,
        "Other Non Operating Income Expenses": NaN,
        "Special Income Charges": NaN,
        "Gain On Sale Of Ppe": NaN,
        "Restructuring And Mergern Acquisition": NaN,
        "Net Non Operating Interest Income Expense": 1472000.0,
        "Interest Income Non Operating": 1472000.0,
        "Operating Income": -26154000.0,
        "Operating Expense": 26154000.0,
        "Research And Development": 18302000.0,
        "Selling General And Administration": 7852000.0,
        "General And Administrative Expense": 7852000.0,
        "Other Gand A": 7852000.0,
        "Total Revenue": 0.0,
        "Operating Revenue": 0.0
    },
    "2022-06-30": {
        "Tax Effect Of Unusual Items": 0.0,
        "Tax Rate For Calcs": 0.0,
        "Normalized EBITDA": -26198000.0,
        "Total Unusual Items": NaN,
        "Total Unusual Items Excluding Goodwill": NaN,
        "Net Income From Continuing Operation Net Minority Interest": -25936000.0,
        "Reconciled Depreciation": 578000.0,
        "EBITDA": -26198000.0,
        "EBIT": -26776000.0,
        "Net Interest Income": NaN,
        "Interest Income": NaN,
        "Normalized Income": -25936000.0,
        "Net Income From Continuing And Discontinued Operation": -25936000.0,
        "Total Expenses": 26776000.0,
        "Total Operating Income As Reported": -26776000.0,
        "Diluted Average Shares": 54572866.0,
        "Basic Average Shares": 54572866.0,
        "Diluted EPS": -0.48,
        "Basic EPS": -0.48,
        "Diluted NI Availto Com Stockholders": -25936000.0,
        "Net Income Common Stockholders": -25936000.0,
        "Net Income": -25936000.0,
        "Net Income Including Noncontrolling Interests": -25936000.0,
        "Net Income Continuous Operations": -25936000.0,
        "Pretax Income": -25936000.0,
        "Other Income Expense": 840000.0,
        "Other Non Operating Income Expenses": 840000.0,
        "Special Income Charges": NaN,
        "Gain On Sale Of Ppe": NaN,
        "Restructuring And Mergern Acquisition": NaN,
        "Net Non Operating Interest Income Expense": NaN,
        "Interest Income Non Operating": NaN,
        "Operating Income": -26776000.0,
        "Operating Expense": 26776000.0,
        "Research And Development": 17777000.0,
        "Selling General And Administration": 8999000.0,
        "General And Administrative Expense": 8999000.0,
        "Other Gand A": 8999000.0,
        "Total Revenue": 0.0,
        "Operating Revenue": 0.0
    },
    "2022-03-31": {
        "Diluted EPS": -0.48,
        "Total Revenue": NaN,
        "Gross Profit": NaN,
        "Operating Income": -26,
        "EBIT": -25,
        "Net Income": -26
    },
    "2021-12-31": {
        "Diluted EPS": 7.03,
        "Total Revenue": NaN,
        "Gross Profit": NaN,
        "Operating Income": -19,
        "EBIT": -19,
        "Net Income": -19
    },
    "2021-09-30": {
        "Diluted EPS": -0.28,
        "Total Revenue": NaN,
        "Gross Profit": NaN,
        "Operating Income": -15,
        "EBIT": -14,
        "Net Income": -15
    },
    "2021-06-30": {
        "Diluted EPS": -3.45,
        "Total Revenue": NaN,
        "Gross Profit": NaN,
        "Operating Income": -18,
        "EBIT": -17,
        "Net Income": -18
    },
    "2021-03-31": {
        "Diluted EPS": -5.75,
        "Total Revenue": NaN,
        "Gross Profit": NaN,
        "Operating Income": -9,
        "EBIT": -9,
        "Net Income": -20
    },
    "2020-12-31": {
        "Diluted EPS": 0.0,
        "Total Revenue": NaN,
        "Gross Profit": NaN,
        "Operating Income": NaN,
        "EBIT": NaN,
        "Net Income": NaN
    },
    "2020-09-30": {
        "Diluted EPS": -1.0,
        "Total Revenue": NaN,
        "Gross Profit": NaN,
        "Operating Income": -4,
        "EBIT": -4,
        "Net Income": -3
    },
    "2020-06-30": {
        "Diluted EPS": -0.56,
        "Total Revenue": NaN,
        "Gross Profit": NaN,
        "Operating Income": -1,
        "EBIT": -1,
        "Net Income": -1
    },
    "2019-12-31": {
        "Diluted EPS": 0.0,
        "Total Revenue": NaN,
        "Gross Profit": NaN,
        "Operating Income": NaN,
        "EBIT": NaN,
        "Net Income": NaN
    },
    "2023-06-30": {
        "Tax Effect Of Unusual Items": 0.0,
        "Tax Rate For Calcs": 0.0,
        "Normalized EBITDA": 17082000.0,
        "Total Unusual Items": -37196000.0,
        "Total Unusual Items Excluding Goodwill": -37196000.0,
        "Net Income From Continuing Operation Net Minority Interest": -55314000.0,
        "Reconciled Depreciation": 849000.0,
        "EBITDA": -20114000.0,
        "EBIT": -20963000.0,
        "Net Interest Income": 2845000.0,
        "Interest Income": 2845000.0,
        "Normalized Income": -18118000.0,
        "Net Income From Continuing And Discontinued Operation": -55314000.0,
        "Total Expenses": 20963000.0,
        "Total Operating Income As Reported": -58159000.0,
        "Diluted Average Shares": 56745347.0,
        "Basic Average Shares": 56745347.0,
        "Diluted EPS": -0.97,
        "Basic EPS": -0.97,
        "Diluted NI Availto Com Stockholders": -55314000.0,
        "Net Income Common Stockholders": -55314000.0,
        "Net Income": -55314000.0,
        "Net Income Including Noncontrolling Interests": -55314000.0,
        "Net Income Continuous Operations": -55314000.0,
        "Pretax Income": -55314000.0,
        "Other Income Expense": -37196000.0,
        "Other Non Operating Income Expenses": NaN,
        "Special Income Charges": -37196000.0,
        "Gain On Sale Of Ppe": 0.0,
        "Restructuring And Mergern Acquisition": 37196000.0,
        "Net Non Operating Interest Income Expense": 2845000.0,
        "Interest Income Non Operating": 2845000.0,
        "Operating Income": -20963000.0,
        "Operating Expense": 20963000.0,
        "Research And Development": 13508000.0,
        "Selling General And Administration": 7455000.0,
        "General And Administrative Expense": 7455000.0,
        "Other Gand A": 7455000.0,
        "Total Revenue": 0.0,
        "Operating Revenue": 0.0
    },
    "2023-09-30": {
        "Tax Effect Of Unusual Items": 0.0,
        "Tax Rate For Calcs": 0.0,
        "Normalized EBITDA": -1567000.0,
        "Total Unusual Items": -11349000.0,
        "Total Unusual Items Excluding Goodwill": -11349000.0,
        "Net Income From Continuing Operation Net Minority Interest": -22485000.0,
        "Reconciled Depreciation": 762000.0,
        "EBITDA": -12916000.0,
        "EBIT": -13678000.0,
        "Net Interest Income": 2955000.0,
        "Interest Income": 2955000.0,
        "Normalized Income": -11136000.0,
        "Net Income From Continuing And Discontinued Operation": -22485000.0,
        "Total Expenses": 13678000.0,
        "Total Operating Income As Reported": -25027000.0,
        "Diluted Average Shares": 57257241.0,
        "Basic Average Shares": 57257241.0,
        "Diluted EPS": -0.39,
        "Basic EPS": -0.39,
        "Diluted NI Availto Com Stockholders": -22485000.0,
        "Net Income Common Stockholders": -22485000.0,
        "Net Income": -22485000.0,
        "Net Income Including Noncontrolling Interests": -22485000.0,
        "Net Income Continuous Operations": -22485000.0,
        "Pretax Income": -22485000.0,
        "Other Income Expense": -11762000.0,
        "Other Non Operating Income Expenses": -413000.0,
        "Special Income Charges": -11349000.0,
        "Gain On Sale Of Ppe": 0.0,
        "Restructuring And Mergern Acquisition": 11349000.0,
        "Net Non Operating Interest Income Expense": 2955000.0,
        "Interest Income Non Operating": 2955000.0,
        "Operating Income": -13678000.0,
        "Operating Expense": 13678000.0,
        "Research And Development": 2384000.0,
        "Selling General And Administration": 11294000.0,
        "General And Administrative Expense": 11294000.0,
        "Other Gand A": 11294000.0,
        "Total Revenue": 0.0,
        "Operating Revenue": 0.0
    }
}