{
    "2023-03-31": {
        "Tax Effect Of Unusual Items": 0.0,
        "Tax Rate For Calcs": 0.0,
        "Normalized EBITDA": -31339000.0,
        "Net Income From Continuing Operation Net Minority Interest": -33982000.0,
        "Reconciled Depreciation": 1799000.0,
        "EBITDA": -31339000.0,
        "EBIT": -33138000.0,
        "Net Interest Income": 834000.0,
        "Interest Expense": 844000.0,
        "Interest Income": 1678000.0,
        "Normalized Income": -33982000.0,
        "Net Income From Continuing And Discontinued Operation": -33982000.0,
        "Total Expenses": 35358000.0,
        "Total Operating Income As Reported": -34816000.0,
        "Diluted Average Shares": 114423000.0,
        "Basic Average Shares": 114423000.0,
        "Diluted EPS": -0.3,
        "Basic EPS": -0.3,
        "Diluted NI Availto Com Stockholders": -33982000.0,
        "Net Income Common Stockholders": -33982000.0,
        "Net Income": -33982000.0,
        "Net Income Including Noncontrolling Interests": -33982000.0,
        "Net Income Continuous Operations": -33982000.0,
        "Pretax Income": -33982000.0,
        "Other Income Expense": NaN,
        "Other Non Operating Income Expenses": NaN,
        "Net Non Operating Interest Income Expense": 834000.0,
        "Interest Expense Non Operating": 844000.0,
        "Interest Income Non Operating": 1678000.0,
        "Operating Income": -34816000.0,
        "Operating Expense": 35358000.0,
        "Other Operating Expenses": -1901000.0,
        "Research And Development": 30514000.0,
        "Selling General And Administration": 6745000.0,
        "General And Administrative Expense": 6745000.0,
        "Other Gand A": 6745000.0,
        "Total Revenue": 542000.0,
        "Operating Revenue": 542000.0
    },
    "2022-12-31": {
        "Tax Effect Of Unusual Items": 0.0,
        "Tax Rate For Calcs": 0.0,
        "Normalized EBITDA": -28815000.0,
        "Net Income From Continuing Operation Net Minority Interest": -31290000.0,
        "Reconciled Depreciation": 1791000.0,
        "EBITDA": -28815000.0,
        "EBIT": -30606000.0,
        "Net Interest Income": 629000.0,
        "Interest Expense": 684000.0,
        "Interest Income": 1313000.0,
        "Normalized Income": -31290000.0,
        "Net Income From Continuing And Discontinued Operation": -31290000.0,
        "Total Expenses": 33246000.0,
        "Total Operating Income As Reported": -31919000.0,
        "Diluted Average Shares": NaN,
        "Basic Average Shares": NaN,
        "Diluted EPS": NaN,
        "Basic EPS": NaN,
        "Diluted NI Availto Com Stockholders": -31290000.0,
        "Net Income Common Stockholders": -31290000.0,
        "Net Income": -31290000.0,
        "Net Income Including Noncontrolling Interests": -31290000.0,
        "Net Income Continuous Operations": -31290000.0,
        "Pretax Income": -31290000.0,
        "Other Income Expense": NaN,
        "Other Non Operating Income Expenses": NaN,
        "Net Non Operating Interest Income Expense": 629000.0,
        "Interest Expense Non Operating": 684000.0,
        "Interest Income Non Operating": 1313000.0,
        "Operating Income": -31919000.0,
        "Operating Expense": 33246000.0,
        "Other Operating Expenses": -2935000.0,
        "Research And Development": 29420000.0,
        "Selling General And Administration": 6761000.0,
        "General And Administrative Expense": 6761000.0,
        "Other Gand A": 6761000.0,
        "Total Revenue": 1327000.0,
        "Operating Revenue": 1327000.0
    },
    "2022-09-30": {
        "Tax Effect Of Unusual Items": 0.0,
        "Tax Rate For Calcs": 0.0,
        "Normalized EBITDA": -27739000.0,
        "Net Income From Continuing Operation Net Minority Interest": -29966000.0,
        "Reconciled Depreciation": 1676000.0,
        "EBITDA": -27739000.0,
        "EBIT": -29415000.0,
        "Net Interest Income": -89000.0,
        "Interest Expense": 551000.0,
        "Interest Income": 462000.0,
        "Normalized Income": -29966000.0,
        "Net Income From Continuing And Discontinued Operation": -29966000.0,
        "Total Expenses": 30313000.0,
        "Total Operating Income As Reported": -29877000.0,
        "Diluted Average Shares": 86597405.0,
        "Basic Average Shares": 86597405.0,
        "Diluted EPS": -0.35,
        "Basic EPS": -0.35,
        "Diluted NI Availto Com Stockholders": -29966000.0,
        "Net Income Common Stockholders": -29966000.0,
        "Net Income": -29966000.0,
        "Net Income Including Noncontrolling Interests": -29966000.0,
        "Net Income Continuous Operations": -29966000.0,
        "Pretax Income": -29966000.0,
        "Other Income Expense": NaN,
        "Other Non Operating Income Expenses": NaN,
        "Net Non Operating Interest Income Expense": -89000.0,
        "Interest Expense Non Operating": 551000.0,
        "Interest Income Non Operating": 462000.0,
        "Operating Income": -29877000.0,
        "Operating Expense": 30313000.0,
        "Other Operating Expenses": -2585000.0,
        "Research And Development": 26436000.0,
        "Selling General And Administration": 6462000.0,
        "General And Administrative Expense": 6462000.0,
        "Other Gand A": 6462000.0,
        "Total Revenue": 436000.0,
        "Operating Revenue": 436000.0
    },
    "2022-06-30": {
        "Tax Effect Of Unusual Items": 0.0,
        "Tax Rate For Calcs": 0.0,
        "Normalized EBITDA": -28164000.0,
        "Net Income From Continuing Operation Net Minority Interest": -29515000.0,
        "Reconciled Depreciation": 1504000.0,
        "EBITDA": -28164000.0,
        "EBIT": -29668000.0,
        "Net Interest Income": 153000.0,
        "Interest Expense": NaN,
        "Interest Income": 153000.0,
        "Normalized Income": -29515000.0,
        "Net Income From Continuing And Discontinued Operation": -29515000.0,
        "Total Expenses": 32429000.0,
        "Total Operating Income As Reported": -29668000.0,
        "Diluted Average Shares": 86448632.0,
        "Basic Average Shares": 86448632.0,
        "Diluted EPS": -0.34,
        "Basic EPS": -0.34,
        "Diluted NI Availto Com Stockholders": -29515000.0,
        "Net Income Common Stockholders": -29515000.0,
        "Net Income": -29515000.0,
        "Net Income Including Noncontrolling Interests": -29515000.0,
        "Net Income Continuous Operations": -29515000.0,
        "Pretax Income": -29515000.0,
        "Other Income Expense": NaN,
        "Other Non Operating Income Expenses": NaN,
        "Net Non Operating Interest Income Expense": 153000.0,
        "Interest Expense Non Operating": NaN,
        "Interest Income Non Operating": 153000.0,
        "Operating Income": -29668000.0,
        "Operating Expense": 32429000.0,
        "Other Operating Expenses": -2710000.0,
        "Research And Development": 27347000.0,
        "Selling General And Administration": 7792000.0,
        "General And Administrative Expense": 7792000.0,
        "Other Gand A": 7792000.0,
        "Total Revenue": 2761000.0,
        "Operating Revenue": 2761000.0
    },
    "2022-03-31": {
        "Diluted EPS": -0.34,
        "Total Revenue": 7,
        "Gross Profit": 7,
        "Operating Income": -29,
        "EBIT": -27,
        "Net Income": -29
    },
    "2021-12-31": {
        "Diluted EPS": -0.36,
        "Total Revenue": 3,
        "Gross Profit": 3,
        "Operating Income": -30,
        "EBIT": -28,
        "Net Income": -30
    },
    "2021-09-30": {
        "Diluted EPS": -0.36,
        "Total Revenue": 3,
        "Gross Profit": 3,
        "Operating Income": -28,
        "EBIT": -26,
        "Net Income": -28
    },
    "2021-06-30": {
        "Diluted EPS": -0.33,
        "Total Revenue": 3,
        "Gross Profit": 3,
        "Operating Income": -25,
        "EBIT": -23,
        "Net Income": -25
    },
    "2021-03-31": {
        "Diluted EPS": 0.1,
        "Total Revenue": 40,
        "Gross Profit": 40,
        "Operating Income": 8,
        "EBIT": 10,
        "Net Income": 8
    },
    "2020-12-31": {
        "Diluted EPS": -0.7,
        "Total Revenue": 1,
        "Gross Profit": 1,
        "Operating Income": -27,
        "EBIT": -25,
        "Net Income": -27
    },
    "2020-09-30": {
        "Diluted EPS": -0.69,
        "Total Revenue": 1,
        "Gross Profit": 1,
        "Operating Income": -26,
        "EBIT": -24,
        "Net Income": -26
    },
    "2020-06-30": {
        "Diluted EPS": -0.69,
        "Total Revenue": 0,
        "Gross Profit": 0,
        "Operating Income": -26,
        "EBIT": -24,
        "Net Income": -26
    },
    "2020-03-31": {
        "Diluted EPS": -0.71,
        "Total Revenue": 1,
        "Gross Profit": 1,
        "Operating Income": -27,
        "EBIT": -25,
        "Net Income": -26
    },
    "2019-12-31": {
        "Diluted EPS": -0.79,
        "Total Revenue": 1,
        "Gross Profit": 1,
        "Operating Income": -28,
        "EBIT": -27,
        "Net Income": -28
    },
    "2019-09-30": {
        "Diluted EPS": -0.77,
        "Total Revenue": 1,
        "Gross Profit": 1,
        "Operating Income": -28,
        "EBIT": -28,
        "Net Income": -28
    },
    "2019-06-30": {
        "Diluted EPS": -0.63,
        "Total Revenue": 1,
        "Gross Profit": 1,
        "Operating Income": -22,
        "EBIT": -22,
        "Net Income": -21
    },
    "2019-03-31": {
        "Diluted EPS": -0.62,
        "Total Revenue": 1,
        "Gross Profit": 1,
        "Operating Income": -19,
        "EBIT": -18,
        "Net Income": -18
    },
    "2018-12-31": {
        "Diluted EPS": 12.94,
        "Total Revenue": 1,
        "Gross Profit": 1,
        "Operating Income": -18,
        "EBIT": -17,
        "Net Income": -17
    },
    "2018-09-30": {
        "Diluted EPS": -7.6,
        "Total Revenue": 0,
        "Gross Profit": 0,
        "Operating Income": -19,
        "EBIT": -18,
        "Net Income": -19
    },
    "2018-06-30": {
        "Diluted EPS": -6.57,
        "Total Revenue": NaN,
        "Gross Profit": NaN,
        "Operating Income": -16,
        "EBIT": -15,
        "Net Income": -15
    },
    "2018-03-31": {
        "Diluted EPS": -6.03,
        "Total Revenue": NaN,
        "Gross Profit": NaN,
        "Operating Income": -13,
        "EBIT": -13,
        "Net Income": -13
    },
    "2017-12-31": {
        "Diluted EPS": 0.0,
        "Total Revenue": NaN,
        "Gross Profit": NaN,
        "Operating Income": NaN,
        "EBIT": NaN,
        "Net Income": NaN
    },
    "2017-09-30": {
        "Diluted EPS": -4.59,
        "Total Revenue": NaN,
        "Gross Profit": NaN,
        "Operating Income": -9,
        "EBIT": -9,
        "Net Income": -9
    },
    "2016-12-31": {
        "Diluted EPS": 0.0,
        "Total Revenue": NaN,
        "Gross Profit": NaN,
        "Operating Income": NaN,
        "EBIT": NaN,
        "Net Income": NaN
    },
    "2023-06-30": {
        "Tax Effect Of Unusual Items": 0.0,
        "Tax Rate For Calcs": 0.0,
        "Normalized EBITDA": -32364000.0,
        "Net Income From Continuing Operation Net Minority Interest": -35256000.0,
        "Reconciled Depreciation": 1907000.0,
        "EBITDA": -32364000.0,
        "EBIT": -34271000.0,
        "Net Interest Income": 494000.0,
        "Interest Expense": 985000.0,
        "Interest Income": 1479000.0,
        "Normalized Income": -35256000.0,
        "Net Income From Continuing And Discontinued Operation": -35256000.0,
        "Total Expenses": 36128000.0,
        "Total Operating Income As Reported": -35728000.0,
        "Diluted Average Shares": 114929523.0,
        "Basic Average Shares": 114929523.0,
        "Diluted EPS": -0.31,
        "Basic EPS": -0.31,
        "Diluted NI Availto Com Stockholders": -35256000.0,
        "Net Income Common Stockholders": -35256000.0,
        "Net Income": -35256000.0,
        "Net Income Including Noncontrolling Interests": -35256000.0,
        "Net Income Continuous Operations": -35256000.0,
        "Pretax Income": -35256000.0,
        "Other Income Expense": -22000.0,
        "Other Non Operating Income Expenses": -22000.0,
        "Net Non Operating Interest Income Expense": 494000.0,
        "Interest Expense Non Operating": 985000.0,
        "Interest Income Non Operating": 1479000.0,
        "Operating Income": -35728000.0,
        "Operating Expense": 36128000.0,
        "Other Operating Expenses": -1555000.0,
        "Research And Development": 30967000.0,
        "Selling General And Administration": 6716000.0,
        "General And Administrative Expense": 6716000.0,
        "Other Gand A": 6716000.0,
        "Total Revenue": 400000.0,
        "Operating Revenue": 400000.0
    },
    "2023-09-30": {
        "Tax Effect Of Unusual Items": 0.0,
        "Tax Rate For Calcs": 0.0,
        "Normalized EBITDA": -35479000.0,
        "Net Income From Continuing Operation Net Minority Interest": -38434000.0,
        "Reconciled Depreciation": 1964000.0,
        "EBITDA": -35479000.0,
        "EBIT": -37443000.0,
        "Net Interest Income": 176000.0,
        "Interest Expense": 991000.0,
        "Interest Income": 1167000.0,
        "Normalized Income": -38434000.0,
        "Net Income From Continuing And Discontinued Operation": -38434000.0,
        "Total Expenses": 38965000.0,
        "Total Operating Income As Reported": -38604000.0,
        "Diluted Average Shares": 115342613.0,
        "Basic Average Shares": 115342613.0,
        "Diluted EPS": -0.33,
        "Basic EPS": -0.33,
        "Diluted NI Availto Com Stockholders": -38434000.0,
        "Net Income Common Stockholders": -38434000.0,
        "Net Income": -38434000.0,
        "Net Income Including Noncontrolling Interests": -38434000.0,
        "Net Income Continuous Operations": -38434000.0,
        "Pretax Income": -38434000.0,
        "Other Income Expense": -6000.0,
        "Other Non Operating Income Expenses": -6000.0,
        "Net Non Operating Interest Income Expense": 176000.0,
        "Interest Expense Non Operating": 991000.0,
        "Interest Income Non Operating": 1167000.0,
        "Operating Income": -38604000.0,
        "Operating Expense": 38965000.0,
        "Other Operating Expenses": -1204000.0,
        "Research And Development": 32763000.0,
        "Selling General And Administration": 7406000.0,
        "General And Administrative Expense": 7406000.0,
        "Other Gand A": 7406000.0,
        "Total Revenue": 361000.0,
        "Operating Revenue": 361000.0
    }
}