{
    "2023-03-31": {
        "Tax Effect Of Unusual Items": 0.0,
        "Tax Rate For Calcs": 0.0,
        "Normalized EBITDA": -13881000.0,
        "Total Unusual Items": -1000.0,
        "Total Unusual Items Excluding Goodwill": -1000.0,
        "Net Income From Continuing Operation Net Minority Interest": -17710000.0,
        "Reconciled Depreciation": 20000.0,
        "EBITDA": -13881000.0,
        "EBIT": -13881000.0,
        "Net Interest Income": -3828000.0,
        "Interest Expense": 4223000.0,
        "Interest Income": 395000.0,
        "Normalized Income": -17710000.0,
        "Net Income From Continuing And Discontinued Operation": -17710000.0,
        "Total Expenses": 13881000.0,
        "Total Operating Income As Reported": -13881000.0,
        "Diluted Average Shares": 35196134.0,
        "Basic Average Shares": 35196134.0,
        "Diluted EPS": -0.5,
        "Basic EPS": -0.5,
        "Diluted NI Availto Com Stockholders": -17710000.0,
        "Net Income Common Stockholders": -17710000.0,
        "Net Income": -17710000.0,
        "Net Income Including Noncontrolling Interests": -17710000.0,
        "Net Income Continuous Operations": -17710000.0,
        "Tax Provision": NaN,
        "Pretax Income": -17710000.0,
        "Other Income Expense": -3829000.0,
        "Other Non Operating Income Expenses": -3829000.0,
        "Special Income Charges": NaN,
        "Gain On Sale Of Ppe": NaN,
        "Gain On Sale Of Security": -1000.0,
        "Net Non Operating Interest Income Expense": -3828000.0,
        "Interest Expense Non Operating": 4223000.0,
        "Interest Income Non Operating": 395000.0,
        "Operating Income": -13881000.0,
        "Operating Expense": 13881000.0,
        "Research And Development": 7272000.0,
        "Selling General And Administration": 6609000.0,
        "General And Administrative Expense": 6609000.0,
        "Other Gand A": 6609000.0,
        "Total Revenue": 0.0,
        "Operating Revenue": 0.0
    },
    "2022-12-31": {
        "Tax Effect Of Unusual Items": 0.0,
        "Tax Rate For Calcs": 0.004306,
        "Normalized EBITDA": -13158000.0,
        "Total Unusual Items": -26000.0,
        "Total Unusual Items Excluding Goodwill": -26000.0,
        "Net Income From Continuing Operation Net Minority Interest": -16188000.0,
        "Reconciled Depreciation": 26000.0,
        "EBITDA": -13158000.0,
        "EBIT": -13158000.0,
        "Net Interest Income": -3074000.0,
        "Interest Expense": 3324000.0,
        "Interest Income": 250000.0,
        "Normalized Income": -16188000.0,
        "Net Income From Continuing And Discontinued Operation": -16188000.0,
        "Total Expenses": 13158000.0,
        "Total Operating Income As Reported": -13158000.0,
        "Diluted Average Shares": 27942210.0,
        "Basic Average Shares": 27942210.0,
        "Diluted EPS": -0.58,
        "Basic EPS": -0.58,
        "Diluted NI Availto Com Stockholders": -16188000.0,
        "Net Income Common Stockholders": -16188000.0,
        "Net Income": -16188000.0,
        "Net Income Including Noncontrolling Interests": -16188000.0,
        "Net Income Continuous Operations": -16188000.0,
        "Tax Provision": -70000.0,
        "Pretax Income": -16258000.0,
        "Other Income Expense": -3100000.0,
        "Other Non Operating Income Expenses": -3100000.0,
        "Special Income Charges": NaN,
        "Gain On Sale Of Ppe": NaN,
        "Gain On Sale Of Security": 1000.0,
        "Net Non Operating Interest Income Expense": -3074000.0,
        "Interest Expense Non Operating": 3324000.0,
        "Interest Income Non Operating": 250000.0,
        "Operating Income": -13158000.0,
        "Operating Expense": 13158000.0,
        "Research And Development": 8137000.0,
        "Selling General And Administration": 5021000.0,
        "General And Administrative Expense": 5021000.0,
        "Other Gand A": 5021000.0,
        "Total Revenue": 0.0,
        "Operating Revenue": 0.0
    },
    "2022-09-30": {
        "Tax Effect Of Unusual Items": 0.0,
        "Tax Rate For Calcs": 0.0,
        "Normalized EBITDA": -12761000.0,
        "Total Unusual Items": 0.0,
        "Total Unusual Items Excluding Goodwill": 0.0,
        "Net Income From Continuing Operation Net Minority Interest": -16033000.0,
        "Reconciled Depreciation": 27000.0,
        "EBITDA": -12761000.0,
        "EBIT": -12788000.0,
        "Net Interest Income": -3074000.0,
        "Interest Expense": 3245000.0,
        "Interest Income": 171000.0,
        "Normalized Income": -16033000.0,
        "Net Income From Continuing And Discontinued Operation": -16033000.0,
        "Total Expenses": 12959000.0,
        "Total Operating Income As Reported": -12959000.0,
        "Diluted Average Shares": 26823546.0,
        "Basic Average Shares": 26823546.0,
        "Diluted EPS": -0.6,
        "Basic EPS": -0.6,
        "Diluted NI Availto Com Stockholders": -16033000.0,
        "Net Income Common Stockholders": -16033000.0,
        "Net Income": -16033000.0,
        "Net Income Including Noncontrolling Interests": -16033000.0,
        "Net Income Continuous Operations": -16033000.0,
        "Tax Provision": NaN,
        "Pretax Income": -16033000.0,
        "Other Income Expense": NaN,
        "Other Non Operating Income Expenses": NaN,
        "Special Income Charges": 1000.0,
        "Gain On Sale Of Ppe": 1000.0,
        "Gain On Sale Of Security": -1000.0,
        "Net Non Operating Interest Income Expense": -3074000.0,
        "Interest Expense Non Operating": 3245000.0,
        "Interest Income Non Operating": 171000.0,
        "Operating Income": -12959000.0,
        "Operating Expense": 12959000.0,
        "Research And Development": 8106000.0,
        "Selling General And Administration": 4853000.0,
        "General And Administrative Expense": 4853000.0,
        "Other Gand A": 4853000.0,
        "Total Revenue": 0.0,
        "Operating Revenue": 0.0
    },
    "2022-06-30": {
        "Tax Effect Of Unusual Items": 0.0,
        "Tax Rate For Calcs": 0.0,
        "Normalized EBITDA": -11854000.0,
        "Total Unusual Items": 25000.0,
        "Total Unusual Items Excluding Goodwill": 25000.0,
        "Net Income From Continuing Operation Net Minority Interest": -14558000.0,
        "Reconciled Depreciation": 30000.0,
        "EBITDA": -11829000.0,
        "EBIT": -11859000.0,
        "Net Interest Income": -2628000.0,
        "Interest Expense": 2699000.0,
        "Interest Income": 71000.0,
        "Normalized Income": -14583000.0,
        "Net Income From Continuing And Discontinued Operation": -14558000.0,
        "Total Expenses": 11955000.0,
        "Total Operating Income As Reported": -11955000.0,
        "Diluted Average Shares": 26821303.0,
        "Basic Average Shares": 26821303.0,
        "Diluted EPS": -0.54,
        "Basic EPS": -0.54,
        "Diluted NI Availto Com Stockholders": -14558000.0,
        "Net Income Common Stockholders": -14558000.0,
        "Net Income": -14558000.0,
        "Net Income Including Noncontrolling Interests": -14558000.0,
        "Net Income Continuous Operations": -14558000.0,
        "Tax Provision": NaN,
        "Pretax Income": -14558000.0,
        "Other Income Expense": 25000.0,
        "Other Non Operating Income Expenses": NaN,
        "Special Income Charges": 26000.0,
        "Gain On Sale Of Ppe": 26000.0,
        "Gain On Sale Of Security": -1000.0,
        "Net Non Operating Interest Income Expense": -2628000.0,
        "Interest Expense Non Operating": 2699000.0,
        "Interest Income Non Operating": 71000.0,
        "Operating Income": -11955000.0,
        "Operating Expense": 11955000.0,
        "Research And Development": 6662000.0,
        "Selling General And Administration": 5293000.0,
        "General And Administrative Expense": 5293000.0,
        "Other Gand A": 5293000.0,
        "Total Revenue": 0.0,
        "Operating Revenue": 0.0
    },
    "2022-03-31": {
        "Diluted EPS": -0.58,
        "Total Revenue": NaN,
        "Gross Profit": NaN,
        "Operating Income": -13,
        "EBIT": -13,
        "Net Income": -15
    },
    "2021-12-31": {
        "Diluted EPS": -0.63,
        "Total Revenue": NaN,
        "Gross Profit": NaN,
        "Operating Income": -14,
        "EBIT": -14,
        "Net Income": -17
    },
    "2021-09-30": {
        "Diluted EPS": -0.86,
        "Total Revenue": NaN,
        "Gross Profit": NaN,
        "Operating Income": -20,
        "EBIT": -20,
        "Net Income": -23
    },
    "2021-06-30": {
        "Diluted EPS": -0.88,
        "Total Revenue": NaN,
        "Gross Profit": NaN,
        "Operating Income": -21,
        "EBIT": -21,
        "Net Income": -22
    },
    "2021-03-31": {
        "Diluted EPS": -0.75,
        "Total Revenue": NaN,
        "Gross Profit": NaN,
        "Operating Income": -17,
        "EBIT": -17,
        "Net Income": -19
    },
    "2020-12-31": {
        "Diluted EPS": -0.8,
        "Total Revenue": NaN,
        "Gross Profit": NaN,
        "Operating Income": -19,
        "EBIT": -19,
        "Net Income": -20
    },
    "2020-09-30": {
        "Diluted EPS": -0.69,
        "Total Revenue": NaN,
        "Gross Profit": NaN,
        "Operating Income": -16,
        "EBIT": -16,
        "Net Income": -17
    },
    "2020-06-30": {
        "Diluted EPS": -0.75,
        "Total Revenue": NaN,
        "Gross Profit": NaN,
        "Operating Income": -18,
        "EBIT": -18,
        "Net Income": -19
    },
    "2020-03-31": {
        "Diluted EPS": -0.74,
        "Total Revenue": NaN,
        "Gross Profit": NaN,
        "Operating Income": -18,
        "EBIT": -18,
        "Net Income": -18
    },
    "2019-12-31": {
        "Diluted EPS": 121.54,
        "Total Revenue": NaN,
        "Gross Profit": NaN,
        "Operating Income": -16,
        "EBIT": -16,
        "Net Income": -18
    },
    "2019-09-30": {
        "Diluted EPS": -51.43,
        "Total Revenue": NaN,
        "Gross Profit": NaN,
        "Operating Income": -13,
        "EBIT": -13,
        "Net Income": -15
    },
    "2019-06-30": {
        "Diluted EPS": -45.3,
        "Total Revenue": NaN,
        "Gross Profit": NaN,
        "Operating Income": -11,
        "EBIT": -11,
        "Net Income": -14
    },
    "2019-03-31": {
        "Diluted EPS": -41.12,
        "Total Revenue": NaN,
        "Gross Profit": NaN,
        "Operating Income": -10,
        "EBIT": -10,
        "Net Income": -12
    },
    "2018-12-31": {
        "Diluted EPS": 0.0,
        "Total Revenue": NaN,
        "Gross Profit": NaN,
        "Operating Income": NaN,
        "EBIT": NaN,
        "Net Income": NaN
    },
    "2018-09-30": {
        "Diluted EPS": -22.35,
        "Total Revenue": NaN,
        "Gross Profit": NaN,
        "Operating Income": -5,
        "EBIT": -5,
        "Net Income": -7
    },
    "2018-06-30": {
        "Diluted EPS": 0.0,
        "Total Revenue": NaN,
        "Gross Profit": NaN,
        "Operating Income": NaN,
        "EBIT": NaN,
        "Net Income": NaN
    },
    "2017-12-31": {
        "Diluted EPS": 0.0,
        "Total Revenue": NaN,
        "Gross Profit": NaN,
        "Operating Income": NaN,
        "EBIT": NaN,
        "Net Income": NaN
    },
    "2023-06-30": {
        "Tax Effect Of Unusual Items": 0.0,
        "Tax Rate For Calcs": 0.0,
        "Normalized EBITDA": -16301000.0,
        "Total Unusual Items": NaN,
        "Total Unusual Items Excluding Goodwill": NaN,
        "Net Income From Continuing Operation Net Minority Interest": -20712000.0,
        "Reconciled Depreciation": 12000.0,
        "EBITDA": -16301000.0,
        "EBIT": -16313000.0,
        "Net Interest Income": -3905000.0,
        "Interest Expense": 4399000.0,
        "Interest Income": 494000.0,
        "Normalized Income": -20712000.0,
        "Net Income From Continuing And Discontinued Operation": -20712000.0,
        "Total Expenses": 16807000.0,
        "Total Operating Income As Reported": -16807000.0,
        "Diluted Average Shares": 42916962.0,
        "Basic Average Shares": 42916962.0,
        "Diluted EPS": -0.48,
        "Basic EPS": -0.48,
        "Diluted NI Availto Com Stockholders": -20712000.0,
        "Net Income Common Stockholders": -20712000.0,
        "Net Income": -20712000.0,
        "Net Income Including Noncontrolling Interests": -20712000.0,
        "Net Income Continuous Operations": -20712000.0,
        "Tax Provision": NaN,
        "Pretax Income": -20712000.0,
        "Other Income Expense": NaN,
        "Other Non Operating Income Expenses": NaN,
        "Special Income Charges": NaN,
        "Gain On Sale Of Ppe": NaN,
        "Gain On Sale Of Security": NaN,
        "Net Non Operating Interest Income Expense": -3905000.0,
        "Interest Expense Non Operating": 4399000.0,
        "Interest Income Non Operating": 494000.0,
        "Operating Income": -16807000.0,
        "Operating Expense": 16807000.0,
        "Research And Development": 7561000.0,
        "Selling General And Administration": 9246000.0,
        "General And Administrative Expense": 9246000.0,
        "Other Gand A": 9246000.0,
        "Total Revenue": 0.0,
        "Operating Revenue": 0.0
    }
}