{
    "2023-12-31": {
        "Tax Effect Of Unusual Items": 1280370.0,
        "Tax Rate For Calcs": 0.21,
        "Normalized EBITDA": 4741000.0,
        "Total Unusual Items": 6097000.0,
        "Total Unusual Items Excluding Goodwill": 6097000.0,
        "Net Income From Continuing Operation Net Minority Interest": -15078000.0,
        "Reconciled Depreciation": 22503000.0,
        "Reconciled Cost Of Revenue": 18105000.0,
        "EBITDA": 10838000.0,
        "EBIT": -11665000.0,
        "Net Interest Income": -3562000.0,
        "Normalized Income": -19894630.0,
        "Net Income From Continuing And Discontinued Operation": -15078000.0,
        "Total Expenses": 64074000.0,
        "Total Operating Income As Reported": -11993000.0,
        "Diluted Average Shares": 1877806000.0,
        "Basic Average Shares": 1877806000.0,
        "Diluted EPS": -0.01,
        "Basic EPS": -0.01,
        "Diluted NI Availto Com Stockholders": -25683000.0,
        "Net Income Common Stockholders": -25683000.0,
        "Preferred Stock Dividends": NaN,
        "Net Income": -15078000.0,
        "Net Income Including Noncontrolling Interests": -15078000.0,
        "Net Income Continuous Operations": -15078000.0,
        "Tax Provision": 938000.0,
        "Pretax Income": -14140000.0,
        "Other Income Expense": 1087000.0,
        "Other Non Operating Income Expenses": NaN,
        "Special Income Charges": -328000.0,
        "Other Special Charges": 0.0,
        "Impairment Of Capital Assets": 328000.0,
        "Gain On Sale Of Security": 6425000.0,
        "Net Non Operating Interest Income Expense": -3562000.0,
        "Total Other Finance Cost": 3562000.0,
        "Operating Income": -11665000.0,
        "Operating Expense": 45969000.0,
        "Depreciation Amortization Depletion Income Statement": 22503000.0,
        "Depreciation And Amortization In Income Statement": 22503000.0,
        "Selling General And Administration": 23466000.0,
        "General And Administrative Expense": 23466000.0,
        "Other Gand A": 11615000.0,
        "Salaries And Wages": 11851000.0,
        "Gross Profit": 34304000.0,
        "Cost Of Revenue": 18105000.0,
        "Total Revenue": 52409000.0,
        "Operating Revenue": 52409000.0
    },
    "2023-09-30": {
        "Tax Effect Of Unusual Items": -879060.0,
        "Tax Rate For Calcs": 0.21,
        "Normalized EBITDA": 28103000.0,
        "Total Unusual Items": -4186000.0,
        "Total Unusual Items Excluding Goodwill": -4186000.0,
        "Net Income From Continuing Operation Net Minority Interest": -6169000.0,
        "Reconciled Depreciation": 21865000.0,
        "Reconciled Cost Of Revenue": 17330000.0,
        "EBITDA": 23917000.0,
        "EBIT": 2052000.0,
        "Net Interest Income": -3945000.0,
        "Normalized Income": -2862060.0,
        "Net Income From Continuing And Discontinued Operation": -6169000.0,
        "Total Expenses": 55631000.0,
        "Total Operating Income As Reported": 2017000.0,
        "Diluted Average Shares": 1836251000.0,
        "Basic Average Shares": 1836251000.0,
        "Diluted EPS": -0.00336,
        "Basic EPS": -0.00336,
        "Diluted NI Availto Com Stockholders": -6169000.0,
        "Net Income Common Stockholders": -6169000.0,
        "Preferred Stock Dividends": NaN,
        "Net Income": -6169000.0,
        "Net Income Including Noncontrolling Interests": -6169000.0,
        "Net Income Continuous Operations": -6169000.0,
        "Tax Provision": 115000.0,
        "Pretax Income": -6054000.0,
        "Other Income Expense": -4161000.0,
        "Other Non Operating Income Expenses": 25000.0,
        "Special Income Charges": -35000.0,
        "Other Special Charges": NaN,
        "Impairment Of Capital Assets": 35000.0,
        "Gain On Sale Of Security": -4151000.0,
        "Net Non Operating Interest Income Expense": -3945000.0,
        "Total Other Finance Cost": 3945000.0,
        "Operating Income": 2052000.0,
        "Operating Expense": 38301000.0,
        "Depreciation Amortization Depletion Income Statement": 21865000.0,
        "Depreciation And Amortization In Income Statement": 21865000.0,
        "Selling General And Administration": 16436000.0,
        "General And Administrative Expense": 16436000.0,
        "Other Gand A": 12090000.0,
        "Salaries And Wages": 4346000.0,
        "Gross Profit": 40353000.0,
        "Cost Of Revenue": 17330000.0,
        "Total Revenue": 57683000.0,
        "Operating Revenue": 57683000.0
    },
    "2023-06-30": {
        "Tax Effect Of Unusual Items": NaN,
        "Tax Rate For Calcs": NaN,
        "Normalized EBITDA": NaN,
        "Total Unusual Items": NaN,
        "Total Unusual Items Excluding Goodwill": NaN,
        "Net Income From Continuing Operation Net Minority Interest": NaN,
        "Reconciled Depreciation": NaN,
        "Reconciled Cost Of Revenue": NaN,
        "EBITDA": NaN,
        "EBIT": NaN,
        "Net Interest Income": NaN,
        "Normalized Income": NaN,
        "Net Income From Continuing And Discontinued Operation": NaN,
        "Total Expenses": NaN,
        "Total Operating Income As Reported": NaN,
        "Diluted Average Shares": NaN,
        "Basic Average Shares": NaN,
        "Diluted EPS": NaN,
        "Basic EPS": NaN,
        "Diluted NI Availto Com Stockholders": NaN,
        "Net Income Common Stockholders": NaN,
        "Preferred Stock Dividends": 2644000.0,
        "Net Income": NaN,
        "Net Income Including Noncontrolling Interests": NaN,
        "Net Income Continuous Operations": NaN,
        "Tax Provision": NaN,
        "Pretax Income": NaN,
        "Other Income Expense": NaN,
        "Other Non Operating Income Expenses": 447000.0,
        "Special Income Charges": NaN,
        "Other Special Charges": NaN,
        "Impairment Of Capital Assets": NaN,
        "Gain On Sale Of Security": NaN,
        "Net Non Operating Interest Income Expense": NaN,
        "Total Other Finance Cost": NaN,
        "Operating Income": NaN,
        "Operating Expense": NaN,
        "Depreciation Amortization Depletion Income Statement": NaN,
        "Depreciation And Amortization In Income Statement": NaN,
        "Selling General And Administration": NaN,
        "General And Administrative Expense": NaN,
        "Other Gand A": NaN,
        "Salaries And Wages": NaN,
        "Gross Profit": NaN,
        "Cost Of Revenue": NaN,
        "Total Revenue": NaN,
        "Operating Revenue": NaN
    },
    "2023-03-31": {
        "Tax Effect Of Unusual Items": NaN,
        "Tax Rate For Calcs": NaN,
        "Normalized EBITDA": NaN,
        "Total Unusual Items": NaN,
        "Total Unusual Items Excluding Goodwill": NaN,
        "Net Income From Continuing Operation Net Minority Interest": NaN,
        "Reconciled Depreciation": NaN,
        "Reconciled Cost Of Revenue": NaN,
        "EBITDA": NaN,
        "EBIT": NaN,
        "Net Interest Income": NaN,
        "Normalized Income": NaN,
        "Net Income From Continuing And Discontinued Operation": NaN,
        "Total Expenses": NaN,
        "Total Operating Income As Reported": NaN,
        "Diluted Average Shares": NaN,
        "Basic Average Shares": NaN,
        "Diluted EPS": NaN,
        "Basic EPS": NaN,
        "Diluted NI Availto Com Stockholders": NaN,
        "Net Income Common Stockholders": NaN,
        "Preferred Stock Dividends": 2615000.0,
        "Net Income": NaN,
        "Net Income Including Noncontrolling Interests": NaN,
        "Net Income Continuous Operations": NaN,
        "Tax Provision": NaN,
        "Pretax Income": NaN,
        "Other Income Expense": NaN,
        "Other Non Operating Income Expenses": NaN,
        "Special Income Charges": NaN,
        "Other Special Charges": 10403000.0,
        "Impairment Of Capital Assets": NaN,
        "Gain On Sale Of Security": NaN,
        "Net Non Operating Interest Income Expense": NaN,
        "Total Other Finance Cost": NaN,
        "Operating Income": NaN,
        "Operating Expense": NaN,
        "Depreciation Amortization Depletion Income Statement": NaN,
        "Depreciation And Amortization In Income Statement": NaN,
        "Selling General And Administration": NaN,
        "General And Administrative Expense": NaN,
        "Other Gand A": NaN,
        "Salaries And Wages": NaN,
        "Gross Profit": NaN,
        "Cost Of Revenue": NaN,
        "Total Revenue": NaN,
        "Operating Revenue": NaN
    },
    "2024-03-31": {
        "Tax Effect Of Unusual Items": -870870.0,
        "Tax Rate For Calcs": 0.21,
        "Normalized EBITDA": 21837000.0,
        "Total Unusual Items": -4147000.0,
        "Total Unusual Items Excluding Goodwill": -4147000.0,
        "Net Income From Continuing Operation Net Minority Interest": -13196000.0,
        "Reconciled Depreciation": 22097000.0,
        "Reconciled Cost Of Revenue": 18917000.0,
        "EBITDA": 17690000.0,
        "EBIT": -4407000.0,
        "Net Interest Income": -3785000.0,
        "Normalized Income": -9919870.0,
        "Net Income From Continuing And Discontinued Operation": -13196000.0,
        "Total Expenses": 60887000.0,
        "Total Operating Income As Reported": -4712000.0,
        "Diluted Average Shares": 1882605000.0,
        "Basic Average Shares": 1882605000.0,
        "Diluted EPS": -0.01,
        "Basic EPS": -0.01,
        "Diluted NI Availto Com Stockholders": -15840000.0,
        "Net Income Common Stockholders": -15840000.0,
        "Preferred Stock Dividends": 2644000.0,
        "Net Income": -13196000.0,
        "Net Income Including Noncontrolling Interests": -13196000.0,
        "Net Income Continuous Operations": -13196000.0,
        "Tax Provision": 8000.0,
        "Pretax Income": -13188000.0,
        "Other Income Expense": -4996000.0,
        "Other Non Operating Income Expenses": -849000.0,
        "Special Income Charges": -305000.0,
        "Other Special Charges": NaN,
        "Impairment Of Capital Assets": 305000.0,
        "Gain On Sale Of Security": -3842000.0,
        "Net Non Operating Interest Income Expense": -3785000.0,
        "Total Other Finance Cost": 3785000.0,
        "Operating Income": -4407000.0,
        "Operating Expense": 41970000.0,
        "Depreciation Amortization Depletion Income Statement": 22097000.0,
        "Depreciation And Amortization In Income Statement": 22097000.0,
        "Selling General And Administration": 19873000.0,
        "General And Administrative Expense": 19873000.0,
        "Other Gand A": 10646000.0,
        "Salaries And Wages": 9227000.0,
        "Gross Profit": 37563000.0,
        "Cost Of Revenue": 18917000.0,
        "Total Revenue": 56480000.0,
        "Operating Revenue": 56480000.0
    },
    "2022-12-31": {
        "Tax Effect Of Unusual Items": NaN,
        "Tax Rate For Calcs": NaN,
        "Normalized EBITDA": NaN,
        "Total Unusual Items": NaN,
        "Total Unusual Items Excluding Goodwill": NaN,
        "Net Income From Continuing Operation Net Minority Interest": NaN,
        "Reconciled Depreciation": NaN,
        "Reconciled Cost Of Revenue": NaN,
        "EBITDA": NaN,
        "EBIT": NaN,
        "Net Interest Income": NaN,
        "Normalized Income": NaN,
        "Net Income From Continuing And Discontinued Operation": NaN,
        "Total Expenses": NaN,
        "Total Operating Income As Reported": NaN,
        "Diluted Average Shares": NaN,
        "Basic Average Shares": NaN,
        "Diluted EPS": NaN,
        "Basic EPS": NaN,
        "Diluted NI Availto Com Stockholders": NaN,
        "Net Income Common Stockholders": NaN,
        "Preferred Stock Dividends": NaN,
        "Net Income": NaN,
        "Net Income Including Noncontrolling Interests": NaN,
        "Net Income Continuous Operations": NaN,
        "Tax Provision": NaN,
        "Pretax Income": NaN,
        "Other Income Expense": NaN,
        "Other Non Operating Income Expenses": 119000.0,
        "Special Income Charges": NaN,
        "Other Special Charges": -2790000.0,
        "Impairment Of Capital Assets": NaN,
        "Gain On Sale Of Security": NaN,
        "Net Non Operating Interest Income Expense": NaN,
        "Total Other Finance Cost": NaN,
        "Operating Income": NaN,
        "Operating Expense": NaN,
        "Depreciation Amortization Depletion Income Statement": NaN,
        "Depreciation And Amortization In Income Statement": NaN,
        "Selling General And Administration": NaN,
        "General And Administrative Expense": NaN,
        "Other Gand A": NaN,
        "Salaries And Wages": NaN,
        "Gross Profit": NaN,
        "Cost Of Revenue": NaN,
        "Total Revenue": NaN,
        "Operating Revenue": NaN
    },
    "2022-09-30": {
        "Tax Effect Of Unusual Items": NaN,
        "Tax Rate For Calcs": NaN,
        "Normalized EBITDA": NaN,
        "Total Unusual Items": NaN,
        "Total Unusual Items Excluding Goodwill": NaN,
        "Net Income From Continuing Operation Net Minority Interest": NaN,
        "Reconciled Depreciation": NaN,
        "Reconciled Cost Of Revenue": NaN,
        "EBITDA": NaN,
        "EBIT": NaN,
        "Net Interest Income": NaN,
        "Normalized Income": NaN,
        "Net Income From Continuing And Discontinued Operation": NaN,
        "Total Expenses": NaN,
        "Total Operating Income As Reported": NaN,
        "Diluted Average Shares": NaN,
        "Basic Average Shares": NaN,
        "Diluted EPS": NaN,
        "Basic EPS": NaN,
        "Diluted NI Availto Com Stockholders": NaN,
        "Net Income Common Stockholders": NaN,
        "Preferred Stock Dividends": NaN,
        "Net Income": NaN,
        "Net Income Including Noncontrolling Interests": NaN,
        "Net Income Continuous Operations": NaN,
        "Tax Provision": NaN,
        "Pretax Income": NaN,
        "Other Income Expense": NaN,
        "Other Non Operating Income Expenses": -45000.0,
        "Special Income Charges": NaN,
        "Other Special Charges": 1501000.0,
        "Impairment Of Capital Assets": NaN,
        "Gain On Sale Of Security": NaN,
        "Net Non Operating Interest Income Expense": NaN,
        "Total Other Finance Cost": NaN,
        "Operating Income": NaN,
        "Operating Expense": NaN,
        "Depreciation Amortization Depletion Income Statement": NaN,
        "Depreciation And Amortization In Income Statement": NaN,
        "Selling General And Administration": NaN,
        "General And Administrative Expense": 10707000.0,
        "Other Gand A": 8607000.0,
        "Salaries And Wages": 2100000.0,
        "Gross Profit": NaN,
        "Cost Of Revenue": NaN,
        "Total Revenue": NaN,
        "Operating Revenue": NaN
    },
    "2024-06-30": {
        "Tax Effect Of Unusual Items": -943530.0,
        "Tax Rate For Calcs": 0.21,
        "Normalized EBITDA": 25181000.0,
        "Total Unusual Items": -4493000.0,
        "Total Unusual Items Excluding Goodwill": -4493000.0,
        "Net Income From Continuing Operation Net Minority Interest": -9683000.0,
        "Reconciled Depreciation": 22110000.0,
        "Reconciled Cost Of Revenue": 20180000.0,
        "EBITDA": 20688000.0,
        "EBIT": -1422000.0,
        "Net Interest Income": -3644000.0,
        "Normalized Income": -6133530.0,
        "Net Income From Continuing And Discontinued Operation": -9683000.0,
        "Total Expenses": 61807000.0,
        "Total Operating Income As Reported": -1422000.0,
        "Diluted Average Shares": 1884208000.0,
        "Basic Average Shares": 1884208000.0,
        "Diluted EPS": -0.01,
        "Basic EPS": -0.01,
        "Diluted NI Availto Com Stockholders": -12327000.0,
        "Net Income Common Stockholders": -12327000.0,
        "Preferred Stock Dividends": 2644000.0,
        "Net Income": -9683000.0,
        "Net Income Including Noncontrolling Interests": -9683000.0,
        "Net Income Continuous Operations": -9683000.0,
        "Tax Provision": 182000.0,
        "Pretax Income": -9501000.0,
        "Other Income Expense": -4435000.0,
        "Other Non Operating Income Expenses": 58000.0,
        "Special Income Charges": 0.0,
        "Other Special Charges": NaN,
        "Impairment Of Capital Assets": 0.0,
        "Gain On Sale Of Security": -4493000.0,
        "Net Non Operating Interest Income Expense": -3644000.0,
        "Total Other Finance Cost": 3644000.0,
        "Operating Income": -1422000.0,
        "Operating Expense": 41627000.0,
        "Depreciation Amortization Depletion Income Statement": 22110000.0,
        "Depreciation And Amortization In Income Statement": 22110000.0,
        "Selling General And Administration": 19517000.0,
        "General And Administrative Expense": 19517000.0,
        "Other Gand A": 10353000.0,
        "Salaries And Wages": 9164000.0,
        "Gross Profit": 40205000.0,
        "Cost Of Revenue": 20180000.0,
        "Total Revenue": 60385000.0,
        "Operating Revenue": 60385000.0
    },
    "2024-09-30": {
        "Tax Effect Of Unusual Items": 695858.391908,
        "Tax Rate For Calcs": 0.148466,
        "Normalized EBITDA": 27227000.0,
        "Total Unusual Items": 4687000.0,
        "Total Unusual Items Excluding Goodwill": 4687000.0,
        "Net Income From Continuing Operation Net Minority Interest": 9934000.0,
        "Reconciled Depreciation": 22249000.0,
        "Reconciled Cost Of Revenue": 21700000.0,
        "EBITDA": 31914000.0,
        "EBIT": 9665000.0,
        "Net Interest Income": -2872000.0,
        "Normalized Income": 5942858.391908,
        "Net Income From Continuing And Discontinued Operation": 9934000.0,
        "Total Expenses": 62642000.0,
        "Total Operating Income As Reported": 9434000.0,
        "Diluted Average Shares": 1910061000.0,
        "Basic Average Shares": 1892253000.0,
        "Diluted EPS": 0.005201,
        "Basic EPS": 0.00525,
        "Diluted NI Availto Com Stockholders": 9934000.0,
        "Net Income Common Stockholders": 9934000.0,
        "Preferred Stock Dividends": NaN,
        "Net Income": 9934000.0,
        "Net Income Including Noncontrolling Interests": 9934000.0,
        "Net Income Continuous Operations": 9934000.0,
        "Tax Provision": 1732000.0,
        "Pretax Income": 11666000.0,
        "Other Income Expense": 4873000.0,
        "Other Non Operating Income Expenses": 186000.0,
        "Special Income Charges": -231000.0,
        "Other Special Charges": NaN,
        "Impairment Of Capital Assets": 231000.0,
        "Gain On Sale Of Security": 4918000.0,
        "Net Non Operating Interest Income Expense": -2872000.0,
        "Total Other Finance Cost": 2872000.0,
        "Operating Income": 9665000.0,
        "Operating Expense": 40942000.0,
        "Depreciation Amortization Depletion Income Statement": 22249000.0,
        "Depreciation And Amortization In Income Statement": 22249000.0,
        "Selling General And Administration": 18693000.0,
        "General And Administrative Expense": 18693000.0,
        "Other Gand A": 10439000.0,
        "Salaries And Wages": 8254000.0,
        "Gross Profit": 50607000.0,
        "Cost Of Revenue": 21700000.0,
        "Total Revenue": 72307000.0,
        "Operating Revenue": 72307000.0
    }
}