{
    "2023-06-30": {
        "Tax Effect Of Unusual Items": 0.0,
        "Tax Rate For Calcs": 0.122,
        "Normalized EBITDA": 2624000000.0,
        "Total Unusual Items": 0.0,
        "Total Unusual Items Excluding Goodwill": 0.0,
        "Net Income From Continuing Operation Net Minority Interest": 1624000000.0,
        "Reconciled Depreciation": 452000000.0,
        "Reconciled Cost Of Revenue": 1932000000.0,
        "EBITDA": 2624000000.0,
        "EBIT": 2172000000.0,
        "Net Interest Income": -152000000.0,
        "Interest Expense": 185000000.0,
        "Interest Income": 33000000.0,
        "Normalized Income": 1624000000.0,
        "Net Income From Continuing And Discontinued Operation": 1624000000.0,
        "Total Expenses": 5037000000.0,
        "Total Operating Income As Reported": 2141000000.0,
        "Diluted Average Shares": 2558125000.0,
        "Basic Average Shares": 2533125000.0,
        "Diluted EPS": 0.6352,
        "Basic EPS": 0.6416,
        "Diluted NI Availto Com Stockholders": 1624000000.0,
        "Net Income Common Stockholders": 1624000000.0,
        "Otherunder Preferred Stock Dividend": 0.0,
        "Net Income": 1624000000.0,
        "Minority Interests": -121000000.0,
        "Net Income Including Noncontrolling Interests": 1745000000.0,
        "Net Income Discontinuous Operations": 0.0,
        "Net Income Continuous Operations": 1745000000.0,
        "Tax Provision": 242000000.0,
        "Pretax Income": 1987000000.0,
        "Special Income Charges": 0.0,
        "Other Special Charges": NaN,
        "Net Non Operating Interest Income Expense": -152000000.0,
        "Interest Expense Non Operating": 185000000.0,
        "Interest Income Non Operating": 33000000.0,
        "Operating Income": 2141000000.0,
        "Operating Expense": 3105000000.0,
        "Other Operating Expenses": NaN,
        "Research And Development": 1341000000.0,
        "Selling General And Administration": 2268000000.0,
        "General And Administrative Expense": 2268000000.0,
        "Gross Profit": 5246000000.0,
        "Cost Of Revenue": 1932000000.0,
        "Total Revenue": 7178000000.0,
        "Operating Revenue": 7178000000.0
    },
    "2023-03-31": {
        "Tax Effect Of Unusual Items": NaN,
        "Tax Rate For Calcs": NaN,
        "Normalized EBITDA": NaN,
        "Total Unusual Items": NaN,
        "Total Unusual Items Excluding Goodwill": NaN,
        "Net Income From Continuing Operation Net Minority Interest": NaN,
        "Reconciled Depreciation": NaN,
        "Reconciled Cost Of Revenue": NaN,
        "EBITDA": NaN,
        "EBIT": NaN,
        "Net Interest Income": NaN,
        "Interest Expense": NaN,
        "Interest Income": NaN,
        "Normalized Income": NaN,
        "Net Income From Continuing And Discontinued Operation": NaN,
        "Total Expenses": NaN,
        "Total Operating Income As Reported": NaN,
        "Diluted Average Shares": 2042500000.0,
        "Basic Average Shares": 2022000000.0,
        "Diluted EPS": 0.73,
        "Basic EPS": 0.736,
        "Diluted NI Availto Com Stockholders": NaN,
        "Net Income Common Stockholders": NaN,
        "Otherunder Preferred Stock Dividend": NaN,
        "Net Income": NaN,
        "Minority Interests": NaN,
        "Net Income Including Noncontrolling Interests": NaN,
        "Net Income Discontinuous Operations": 0.0,
        "Net Income Continuous Operations": NaN,
        "Tax Provision": NaN,
        "Pretax Income": NaN,
        "Special Income Charges": NaN,
        "Other Special Charges": -1000000.0,
        "Net Non Operating Interest Income Expense": NaN,
        "Interest Expense Non Operating": NaN,
        "Interest Income Non Operating": NaN,
        "Operating Income": NaN,
        "Operating Expense": NaN,
        "Other Operating Expenses": NaN,
        "Research And Development": NaN,
        "Selling General And Administration": NaN,
        "General And Administrative Expense": NaN,
        "Gross Profit": NaN,
        "Cost Of Revenue": NaN,
        "Total Revenue": NaN,
        "Operating Revenue": NaN
    },
    "2022-12-31": {
        "Tax Effect Of Unusual Items": NaN,
        "Tax Rate For Calcs": NaN,
        "Normalized EBITDA": NaN,
        "Total Unusual Items": NaN,
        "Total Unusual Items Excluding Goodwill": NaN,
        "Net Income From Continuing Operation Net Minority Interest": NaN,
        "Reconciled Depreciation": NaN,
        "Reconciled Cost Of Revenue": NaN,
        "EBITDA": NaN,
        "EBIT": NaN,
        "Net Interest Income": NaN,
        "Interest Expense": NaN,
        "Interest Income": NaN,
        "Normalized Income": NaN,
        "Net Income From Continuing And Discontinued Operation": NaN,
        "Total Expenses": NaN,
        "Total Operating Income As Reported": NaN,
        "Diluted Average Shares": NaN,
        "Basic Average Shares": NaN,
        "Diluted EPS": NaN,
        "Basic EPS": NaN,
        "Diluted NI Availto Com Stockholders": NaN,
        "Net Income Common Stockholders": NaN,
        "Otherunder Preferred Stock Dividend": NaN,
        "Net Income": NaN,
        "Minority Interests": NaN,
        "Net Income Including Noncontrolling Interests": NaN,
        "Net Income Discontinuous Operations": 501000000.0,
        "Net Income Continuous Operations": NaN,
        "Tax Provision": NaN,
        "Pretax Income": NaN,
        "Special Income Charges": NaN,
        "Other Special Charges": NaN,
        "Net Non Operating Interest Income Expense": NaN,
        "Interest Expense Non Operating": NaN,
        "Interest Income Non Operating": NaN,
        "Operating Income": NaN,
        "Operating Expense": NaN,
        "Other Operating Expenses": NaN,
        "Research And Development": NaN,
        "Selling General And Administration": NaN,
        "General And Administrative Expense": NaN,
        "Gross Profit": NaN,
        "Cost Of Revenue": NaN,
        "Total Revenue": NaN,
        "Operating Revenue": NaN
    },
    "2022-09-30": {
        "Tax Effect Of Unusual Items": NaN,
        "Tax Rate For Calcs": NaN,
        "Normalized EBITDA": NaN,
        "Total Unusual Items": NaN,
        "Total Unusual Items Excluding Goodwill": NaN,
        "Net Income From Continuing Operation Net Minority Interest": NaN,
        "Reconciled Depreciation": NaN,
        "Reconciled Cost Of Revenue": NaN,
        "EBITDA": NaN,
        "EBIT": NaN,
        "Net Interest Income": NaN,
        "Interest Expense": NaN,
        "Interest Income": NaN,
        "Normalized Income": NaN,
        "Net Income From Continuing And Discontinued Operation": NaN,
        "Total Expenses": NaN,
        "Total Operating Income As Reported": NaN,
        "Diluted Average Shares": NaN,
        "Basic Average Shares": NaN,
        "Diluted EPS": NaN,
        "Basic EPS": NaN,
        "Diluted NI Availto Com Stockholders": NaN,
        "Net Income Common Stockholders": NaN,
        "Otherunder Preferred Stock Dividend": NaN,
        "Net Income": NaN,
        "Minority Interests": NaN,
        "Net Income Including Noncontrolling Interests": NaN,
        "Net Income Discontinuous Operations": NaN,
        "Net Income Continuous Operations": NaN,
        "Tax Provision": NaN,
        "Pretax Income": NaN,
        "Special Income Charges": NaN,
        "Other Special Charges": NaN,
        "Net Non Operating Interest Income Expense": NaN,
        "Interest Expense Non Operating": NaN,
        "Interest Income Non Operating": NaN,
        "Operating Income": NaN,
        "Operating Expense": NaN,
        "Other Operating Expenses": 1068000000.0,
        "Research And Development": NaN,
        "Selling General And Administration": NaN,
        "General And Administrative Expense": NaN,
        "Gross Profit": NaN,
        "Cost Of Revenue": NaN,
        "Total Revenue": NaN,
        "Operating Revenue": NaN
    },
    "2022-06-30": {
        "Tax Effect Of Unusual Items": 0.0,
        "Tax Rate For Calcs": 0.167,
        "Normalized EBITDA": 1731000000.0,
        "Total Unusual Items": 0.0,
        "Total Unusual Items Excluding Goodwill": 0.0,
        "Net Income From Continuing Operation Net Minority Interest": 609000000.0,
        "Reconciled Depreciation": 631000000.0,
        "Reconciled Cost Of Revenue": 2176000000.0,
        "EBITDA": 1731000000.0,
        "EBIT": 1100000000.0,
        "Net Interest Income": -183000000.0,
        "Interest Expense": 204000000.0,
        "Interest Income": 21000000.0,
        "Normalized Income": 609000000.0,
        "Net Income From Continuing And Discontinued Operation": 838000000.0,
        "Total Expenses": 5848000000.0,
        "Total Operating Income As Reported": 1081000000.0,
        "Diluted Average Shares": 2540000000.0,
        "Basic Average Shares": 2515625000.0,
        "Diluted EPS": 0.3296,
        "Basic EPS": 0.3328,
        "Diluted NI Availto Com Stockholders": 838000000.0,
        "Net Income Common Stockholders": 838000000.0,
        "Otherunder Preferred Stock Dividend": 0.0,
        "Net Income": 838000000.0,
        "Minority Interests": -137000000.0,
        "Net Income Including Noncontrolling Interests": 975000000.0,
        "Net Income Discontinuous Operations": 229000000.0,
        "Net Income Continuous Operations": 746000000.0,
        "Tax Provision": 150000000.0,
        "Pretax Income": 896000000.0,
        "Special Income Charges": 0.0,
        "Other Special Charges": NaN,
        "Net Non Operating Interest Income Expense": -183000000.0,
        "Interest Expense Non Operating": 204000000.0,
        "Interest Income Non Operating": 21000000.0,
        "Operating Income": 1081000000.0,
        "Operating Expense": 3672000000.0,
        "Other Operating Expenses": 523000000.0,
        "Research And Development": 1242000000.0,
        "Selling General And Administration": 2066000000.0,
        "General And Administrative Expense": 2066000000.0,
        "Gross Profit": 4753000000.0,
        "Cost Of Revenue": 2176000000.0,
        "Total Revenue": 6929000000.0,
        "Operating Revenue": 6929000000.0
    },
    "2022-03-31": {
        "Diluted EPS": 1.2,
        "Total Revenue": NaN,
        "Gross Profit": NaN,
        "Operating Income": NaN,
        "EBIT": NaN,
        "Net Income": NaN
    },
    "2021-12-31": {
        "Diluted EPS": 0.51,
        "Total Revenue": NaN,
        "Gross Profit": NaN,
        "Operating Income": NaN,
        "EBIT": NaN,
        "Net Income": 990
    },
    "2021-09-30": {
        "Diluted EPS": 0.8,
        "Total Revenue": NaN,
        "Gross Profit": NaN,
        "Operating Income": NaN,
        "EBIT": NaN,
        "Net Income": NaN
    },
    "2021-06-30": {
        "Diluted EPS": 0.98,
        "Total Revenue": NaN,
        "Gross Profit": NaN,
        "Operating Income": NaN,
        "EBIT": NaN,
        "Net Income": NaN
    },
    "2021-03-31": {
        "Diluted EPS": 0.73,
        "Total Revenue": NaN,
        "Gross Profit": NaN,
        "Operating Income": NaN,
        "EBIT": NaN,
        "Net Income": NaN
    },
    "2020-12-31": {
        "Diluted EPS": 0.47,
        "Total Revenue": NaN,
        "Gross Profit": NaN,
        "Operating Income": NaN,
        "EBIT": NaN,
        "Net Income": 962
    },
    "2020-09-30": {
        "Diluted EPS": 0.8,
        "Total Revenue": NaN,
        "Gross Profit": NaN,
        "Operating Income": NaN,
        "EBIT": NaN,
        "Net Income": NaN
    },
    "2020-06-30": {
        "Diluted EPS": 1.4,
        "Total Revenue": NaN,
        "Gross Profit": NaN,
        "Operating Income": NaN,
        "EBIT": NaN,
        "Net Income": NaN
    },
    "2020-03-31": {
        "Diluted EPS": 1.0,
        "Total Revenue": NaN,
        "Gross Profit": NaN,
        "Operating Income": NaN,
        "EBIT": NaN,
        "Net Income": NaN
    },
    "2019-12-31": {
        "Diluted EPS": 0.84,
        "Total Revenue": NaN,
        "Gross Profit": NaN,
        "Operating Income": NaN,
        "EBIT": NaN,
        "Net Income": NaN
    },
    "2019-09-30": {
        "Diluted EPS": 0.96,
        "Total Revenue": NaN,
        "Gross Profit": NaN,
        "Operating Income": NaN,
        "EBIT": NaN,
        "Net Income": NaN
    },
    "2019-06-30": {
        "Diluted EPS": 0.62,
        "Total Revenue": NaN,
        "Gross Profit": NaN,
        "Operating Income": NaN,
        "EBIT": NaN,
        "Net Income": NaN
    },
    "2019-03-31": {
        "Diluted EPS": 0.54,
        "Total Revenue": NaN,
        "Gross Profit": NaN,
        "Operating Income": NaN,
        "EBIT": NaN,
        "Net Income": NaN
    },
    "2018-12-31": {
        "Diluted EPS": 0.82,
        "Total Revenue": NaN,
        "Gross Profit": NaN,
        "Operating Income": NaN,
        "EBIT": NaN,
        "Net Income": NaN
    },
    "2018-09-30": {
        "Diluted EPS": 0.93,
        "Total Revenue": NaN,
        "Gross Profit": NaN,
        "Operating Income": NaN,
        "EBIT": NaN,
        "Net Income": NaN
    },
    "2018-06-30": {
        "Diluted EPS": 0.3,
        "Total Revenue": NaN,
        "Gross Profit": NaN,
        "Operating Income": NaN,
        "EBIT": NaN,
        "Net Income": 600
    },
    "2018-03-31": {
        "Diluted EPS": 0.39,
        "Total Revenue": NaN,
        "Gross Profit": NaN,
        "Operating Income": NaN,
        "EBIT": NaN,
        "Net Income": NaN
    },
    "2017-12-31": {
        "Diluted EPS": -0.35,
        "Total Revenue": NaN,
        "Gross Profit": NaN,
        "Operating Income": 707,
        "EBIT": 439,
        "Net Income": -678
    },
    "2017-09-30": {
        "Diluted EPS": 0.8,
        "Total Revenue": NaN,
        "Gross Profit": NaN,
        "Operating Income": NaN,
        "EBIT": NaN,
        "Net Income": NaN
    },
    "2017-06-30": {
        "Diluted EPS": -0.12,
        "Total Revenue": NaN,
        "Gross Profit": NaN,
        "Operating Income": -26,
        "EBIT": NaN,
        "Net Income": -230
    },
    "2017-03-31": {
        "Diluted EPS": 0.66,
        "Total Revenue": NaN,
        "Gross Profit": NaN,
        "Operating Income": NaN,
        "EBIT": NaN,
        "Net Income": NaN
    },
    "2016-12-31": {
        "Diluted EPS": 0.17,
        "Total Revenue": NaN,
        "Gross Profit": NaN,
        "Operating Income": 740,
        "Net Income": 319
    },
    "2016-09-30": {
        "Diluted EPS": 0.54,
        "Total Revenue": NaN,
        "Gross Profit": NaN,
        "Operating Income": NaN,
        "EBIT": NaN,
        "Net Income": NaN
    },
    "2016-06-30": {
        "Diluted EPS": -0.32,
        "Total Revenue": NaN,
        "Gross Profit": NaN,
        "Operating Income": -217,
        "EBIT": 360,
        "Net Income": -624
    },
    "2016-03-31": {
        "Diluted EPS": 0.21,
        "Total Revenue": NaN,
        "Gross Profit": NaN,
        "Operating Income": NaN,
        "EBIT": NaN,
        "Net Income": 404
    },
    "2015-12-31": {
        "Diluted EPS": -0.28,
        "Total Revenue": NaN,
        "Gross Profit": NaN,
        "Operating Income": NaN,
        "EBIT": NaN,
        "Net Income": -541
    },
    "2015-09-30": {
        "Diluted EPS": 0.43,
        "Total Revenue": NaN,
        "Gross Profit": NaN,
        "Operating Income": NaN,
        "EBIT": NaN,
        "Net Income": 834
    },
    "2015-06-30": {
        "Diluted EPS": 0.11,
        "Total Revenue": NaN,
        "Gross Profit": NaN,
        "Operating Income": 420,
        "EBIT": 61,
        "Net Income": 228
    },
    "2015-03-31": {
        "Diluted EPS": 6.3,
        "Total Revenue": NaN,
        "Gross Profit": NaN,
        "Operating Income": 636,
        "EBIT": NaN,
        "Net Income": NaN
    },
    "2014-12-31": {
        "Diluted EPS": 0.8,
        "Total Revenue": NaN,
        "Gross Profit": NaN,
        "Operating Income": -57,
        "EBIT": NaN,
        "Net Income": NaN
    },
    "2014-09-30": {
        "Diluted EPS": 0.34,
        "Total Revenue": NaN,
        "Gross Profit": NaN,
        "Operating Income": NaN,
        "EBIT": NaN,
        "Net Income": 648
    },
    "2014-06-30": {
        "Diluted EPS": 0.58,
        "Total Revenue": NaN,
        "Gross Profit": NaN,
        "Operating Income": NaN,
        "EBIT": NaN,
        "Net Income": NaN
    },
    "2014-03-31": {
        "Diluted EPS": 0.58,
        "Total Revenue": NaN,
        "Gross Profit": NaN,
        "Operating Income": NaN,
        "EBIT": NaN,
        "Net Income": NaN
    },
    "2013-12-31": {
        "Diluted EPS": 2.05,
        "Total Revenue": NaN,
        "Gross Profit": NaN,
        "Operating Income": NaN,
        "EBIT": NaN,
        "Net Income": NaN
    },
    "2013-09-30": {
        "Diluted EPS": 0.8,
        "Total Revenue": NaN,
        "Gross Profit": NaN,
        "Operating Income": NaN,
        "EBIT": NaN,
        "Net Income": NaN
    },
    "2013-06-30": {
        "Diluted EPS": 0.81,
        "Total Revenue": NaN,
        "Gross Profit": NaN,
        "Operating Income": NaN,
        "EBIT": NaN,
        "Net Income": NaN
    },
    "2013-03-31": {
        "Diluted EPS": 0.76,
        "Total Revenue": NaN,
        "Gross Profit": NaN,
        "Operating Income": NaN,
        "EBIT": NaN,
        "Net Income": NaN
    },
    "2012-12-31": {
        "Diluted EPS": 0.71,
        "Total Revenue": NaN,
        "Gross Profit": NaN,
        "Operating Income": NaN,
        "EBIT": NaN,
        "Net Income": NaN
    },
    "2012-09-30": {
        "Diluted EPS": 0.91,
        "Total Revenue": NaN,
        "Gross Profit": NaN,
        "Operating Income": NaN,
        "EBIT": NaN,
        "Net Income": NaN
    },
    "2012-06-30": {
        "Diluted EPS": 0.99,
        "Total Revenue": NaN,
        "Gross Profit": NaN,
        "Operating Income": NaN,
        "EBIT": NaN,
        "Net Income": NaN
    },
    "2012-03-31": {
        "Diluted EPS": 1.06,
        "Total Revenue": NaN,
        "Gross Profit": NaN,
        "Operating Income": NaN,
        "EBIT": NaN,
        "Net Income": NaN
    },
    "2011-12-31": {
        "Diluted EPS": 0.98,
        "Total Revenue": NaN,
        "Gross Profit": NaN,
        "Operating Income": NaN,
        "EBIT": NaN,
        "Net Income": NaN
    },
    "2011-09-30": {
        "Diluted EPS": 1.08,
        "Total Revenue": NaN,
        "Gross Profit": NaN,
        "Operating Income": NaN,
        "EBIT": NaN,
        "Net Income": NaN
    },
    "2011-06-30": {
        "Diluted EPS": 0.88,
        "Total Revenue": NaN,
        "Gross Profit": NaN,
        "Operating Income": NaN,
        "EBIT": NaN,
        "Net Income": NaN
    },
    "2011-03-31": {
        "Diluted EPS": 1.19,
        "Total Revenue": NaN,
        "Gross Profit": NaN,
        "Operating Income": NaN,
        "EBIT": NaN,
        "Net Income": NaN
    },
    "2010-12-31": {
        "Diluted EPS": -0.54,
        "Total Revenue": NaN,
        "Gross Profit": NaN,
        "Operating Income": -270,
        "EBIT": 617,
        "Net Income": NaN
    },
    "2010-09-30": {
        "Diluted EPS": 0.98,
        "Total Revenue": NaN,
        "Gross Profit": NaN,
        "Operating Income": NaN,
        "EBIT": NaN,
        "Net Income": NaN
    },
    "2010-06-30": {
        "Diluted EPS": -0.23,
        "Total Revenue": NaN,
        "Gross Profit": NaN,
        "Operating Income": NaN,
        "EBIT": -551,
        "Net Income": -427
    },
    "2010-03-31": {
        "Diluted EPS": 1.0,
        "Total Revenue": NaN,
        "Gross Profit": NaN,
        "Operating Income": NaN,
        "EBIT": NaN,
        "Net Income": NaN
    },
    "2009-12-31": {
        "Diluted EPS": 1.3,
        "Total Revenue": NaN,
        "Gross Profit": NaN,
        "Operating Income": NaN,
        "EBIT": NaN,
        "Net Income": NaN
    },
    "2009-09-30": {
        "Diluted EPS": 1.08,
        "Total Revenue": NaN,
        "Gross Profit": NaN,
        "Operating Income": NaN,
        "EBIT": NaN,
        "Net Income": NaN
    },
    "2009-06-30": {
        "Diluted EPS": 1.16,
        "Total Revenue": NaN,
        "Gross Profit": NaN,
        "Operating Income": NaN,
        "EBIT": NaN,
        "Net Income": NaN
    },
    "2009-03-31": {
        "Diluted EPS": 0.8,
        "Total Revenue": NaN,
        "Gross Profit": NaN,
        "Operating Income": NaN,
        "EBIT": NaN,
        "Net Income": NaN
    },
    "2023-09-30": {
        "Tax Effect Of Unusual Items": 0.0,
        "Tax Rate For Calcs": 0.143,
        "Normalized EBITDA": 2552000000.0,
        "Total Unusual Items": 0.0,
        "Total Unusual Items Excluding Goodwill": 0.0,
        "Net Income From Continuing Operation Net Minority Interest": 1464000000.0,
        "Reconciled Depreciation": 579000000.0,
        "Reconciled Cost Of Revenue": 2272000000.0,
        "EBITDA": 2552000000.0,
        "EBIT": 1973000000.0,
        "Net Interest Income": -158000000.0,
        "Interest Expense": 182000000.0,
        "Interest Income": 24000000.0,
        "Normalized Income": 1464000000.0,
        "Net Income From Continuing And Discontinued Operation": 1464000000.0,
        "Total Expenses": 6198000000.0,
        "Total Operating Income As Reported": 1949000000.0,
        "Diluted Average Shares": 2056000000.0,
        "Basic Average Shares": 2027500000.0,
        "Diluted EPS": 0.712,
        "Basic EPS": 0.722,
        "Diluted NI Availto Com Stockholders": 1464000000.0,
        "Net Income Common Stockholders": 1464000000.0,
        "Otherunder Preferred Stock Dividend": 0.0,
        "Net Income": 1464000000.0,
        "Minority Interests": -70000000.0,
        "Net Income Including Noncontrolling Interests": 1534000000.0,
        "Net Income Discontinuous Operations": 0.0,
        "Net Income Continuous Operations": 1534000000.0,
        "Tax Provision": 257000000.0,
        "Pretax Income": 1791000000.0,
        "Special Income Charges": 0.0,
        "Other Special Charges": NaN,
        "Net Non Operating Interest Income Expense": -158000000.0,
        "Interest Expense Non Operating": 182000000.0,
        "Interest Income Non Operating": 24000000.0,
        "Operating Income": 1949000000.0,
        "Operating Expense": 3926000000.0,
        "Other Operating Expenses": 367000000.0,
        "Research And Development": 1575000000.0,
        "Selling General And Administration": 2296000000.0,
        "General And Administrative Expense": 2296000000.0,
        "Gross Profit": 5875000000.0,
        "Cost Of Revenue": 2272000000.0,
        "Total Revenue": 8147000000.0,
        "Operating Revenue": 8147000000.0
    },
    "2023-12-31": {
        "Tax Effect Of Unusual Items": -102980000.0,
        "Tax Rate For Calcs": 0.19,
        "Normalized EBITDA": 1699000000.0,
        "Total Unusual Items": -542000000.0,
        "Total Unusual Items Excluding Goodwill": -542000000.0,
        "Net Income From Continuing Operation Net Minority Interest": 350000000.0,
        "Reconciled Depreciation": 623000000.0,
        "Reconciled Cost Of Revenue": 2418000000.0,
        "EBITDA": 1157000000.0,
        "EBIT": 534000000.0,
        "Net Interest Income": -251000000.0,
        "Interest Expense": 155000000.0,
        "Interest Income": -38000000.0,
        "Normalized Income": 789020000.0,
        "Net Income From Continuing And Discontinued Operation": 350000000.0,
        "Total Expenses": 6879000000.0,
        "Total Operating Income As Reported": 573000000.0,
        "Diluted Average Shares": 2058000000.0,
        "Basic Average Shares": 2028000000.0,
        "Diluted EPS": 0.17,
        "Basic EPS": 0.172,
        "Diluted NI Availto Com Stockholders": 350000000.0,
        "Net Income Common Stockholders": 350000000.0,
        "Otherunder Preferred Stock Dividend": 0.0,
        "Net Income": 350000000.0,
        "Minority Interests": -48000000.0,
        "Net Income Including Noncontrolling Interests": 398000000.0,
        "Net Income Discontinuous Operations": 0.0,
        "Net Income Continuous Operations": 398000000.0,
        "Tax Provision": -19000000.0,
        "Pretax Income": 379000000.0,
        "Special Income Charges": -705000000.0,
        "Other Special Charges": -86000000.0,
        "Net Non Operating Interest Income Expense": -251000000.0,
        "Interest Expense Non Operating": 155000000.0,
        "Interest Income Non Operating": -38000000.0,
        "Operating Income": 1173000000.0,
        "Operating Expense": 4461000000.0,
        "Other Operating Expenses": NaN,
        "Research And Development": 2047000000.0,
        "Selling General And Administration": 2678000000.0,
        "General And Administrative Expense": 2678000000.0,
        "Gross Profit": 5634000000.0,
        "Cost Of Revenue": 2418000000.0,
        "Total Revenue": 8052000000.0,
        "Operating Revenue": 8052000000.0
    },
    "2024-03-31": {
        "Tax Effect Of Unusual Items": 0.0,
        "Tax Rate For Calcs": 0.202,
        "Normalized EBITDA": 2070000000.0,
        "Total Unusual Items": 0.0,
        "Total Unusual Items Excluding Goodwill": 0.0,
        "Net Income From Continuing Operation Net Minority Interest": 1046000000.0,
        "Reconciled Depreciation": 549000000.0,
        "Reconciled Cost Of Revenue": 1970000000.0,
        "EBITDA": 2070000000.0,
        "EBIT": 1521000000.0,
        "Net Interest Income": -134000000.0,
        "Interest Expense": 166000000.0,
        "Interest Income": 32000000.0,
        "Normalized Income": 1046000000.0,
        "Net Income From Continuing And Discontinued Operation": 1046000000.0,
        "Total Expenses": 5873000000.0,
        "Total Operating Income As Reported": 1490000000.0,
        "Diluted Average Shares": 2056500000.0,
        "Basic Average Shares": 2034500000.0,
        "Diluted EPS": 0.508,
        "Basic EPS": 0.514,
        "Diluted NI Availto Com Stockholders": 1046000000.0,
        "Net Income Common Stockholders": 1046000000.0,
        "Otherunder Preferred Stock Dividend": 0.0,
        "Net Income": 1046000000.0,
        "Minority Interests": -35000000.0,
        "Net Income Including Noncontrolling Interests": 1081000000.0,
        "Net Income Discontinuous Operations": NaN,
        "Net Income Continuous Operations": 1081000000.0,
        "Tax Provision": 274000000.0,
        "Pretax Income": 1355000000.0,
        "Special Income Charges": 0.0,
        "Other Special Charges": NaN,
        "Net Non Operating Interest Income Expense": -134000000.0,
        "Interest Expense Non Operating": 166000000.0,
        "Interest Income Non Operating": 32000000.0,
        "Operating Income": 1490000000.0,
        "Operating Expense": 3903000000.0,
        "Other Operating Expenses": 533000000.0,
        "Research And Development": 1434000000.0,
        "Selling General And Administration": 2087000000.0,
        "General And Administrative Expense": 2087000000.0,
        "Gross Profit": 5393000000.0,
        "Cost Of Revenue": 1970000000.0,
        "Total Revenue": 7363000000.0,
        "Operating Revenue": 7363000000.0
    },
    "2024-06-30": {
        "Tax Effect Of Unusual Items": 0.0,
        "Tax Rate For Calcs": 0.128,
        "Normalized EBITDA": 2308000000.0,
        "Total Unusual Items": 0.0,
        "Total Unusual Items Excluding Goodwill": 0.0,
        "Net Income From Continuing Operation Net Minority Interest": 1173000000.0,
        "Reconciled Depreciation": 639000000.0,
        "Reconciled Cost Of Revenue": 2122000000.0,
        "EBITDA": 2308000000.0,
        "EBIT": 1669000000.0,
        "Net Interest Income": -150000000.0,
        "Interest Expense": 174000000.0,
        "Interest Income": 24000000.0,
        "Normalized Income": 1173000000.0,
        "Net Income From Continuing And Discontinued Operation": 1173000000.0,
        "Total Expenses": 6238000000.0,
        "Total Operating Income As Reported": 1646000000.0,
        "Diluted Average Shares": NaN,
        "Basic Average Shares": NaN,
        "Diluted EPS": NaN,
        "Basic EPS": NaN,
        "Diluted NI Availto Com Stockholders": 1173000000.0,
        "Net Income Common Stockholders": 1173000000.0,
        "Otherunder Preferred Stock Dividend": 0.0,
        "Net Income": 1173000000.0,
        "Minority Interests": -131000000.0,
        "Net Income Including Noncontrolling Interests": 1304000000.0,
        "Net Income Discontinuous Operations": NaN,
        "Net Income Continuous Operations": 1304000000.0,
        "Tax Provision": 191000000.0,
        "Pretax Income": 1495000000.0,
        "Special Income Charges": 0.0,
        "Other Special Charges": NaN,
        "Net Non Operating Interest Income Expense": -150000000.0,
        "Interest Expense Non Operating": 174000000.0,
        "Interest Income Non Operating": 24000000.0,
        "Operating Income": 1646000000.0,
        "Operating Expense": 4116000000.0,
        "Other Operating Expenses": 318000000.0,
        "Research And Development": 1477000000.0,
        "Selling General And Administration": 2465000000.0,
        "General And Administrative Expense": 2465000000.0,
        "Gross Profit": 5762000000.0,
        "Cost Of Revenue": 2122000000.0,
        "Total Revenue": 7884000000.0,
        "Operating Revenue": 7884000000.0
    }
}