{
    "2023-03-31": {
        "Tax Effect Of Unusual Items": NaN,
        "Tax Rate For Calcs": NaN,
        "Normalized EBITDA": NaN,
        "Total Unusual Items": NaN,
        "Total Unusual Items Excluding Goodwill": NaN,
        "Net Income From Continuing Operation Net Minority Interest": NaN,
        "Reconciled Depreciation": NaN,
        "Reconciled Cost Of Revenue": NaN,
        "EBITDA": NaN,
        "EBIT": NaN,
        "Net Interest Income": NaN,
        "Interest Expense": NaN,
        "Interest Income": NaN,
        "Normalized Income": NaN,
        "Net Income From Continuing And Discontinued Operation": NaN,
        "Total Expenses": NaN,
        "Diluted Average Shares": 285000000.0,
        "Basic Average Shares": 285000000.0,
        "Diluted EPS": -0.35,
        "Basic EPS": -0.35,
        "Diluted NI Availto Com Stockholders": NaN,
        "Net Income Common Stockholders": NaN,
        "Net Income": NaN,
        "Minority Interests": NaN,
        "Net Income Including Noncontrolling Interests": NaN,
        "Net Income Continuous Operations": NaN,
        "Tax Provision": NaN,
        "Pretax Income": NaN,
        "Other Income Expense": NaN,
        "Other Non Operating Income Expenses": NaN,
        "Special Income Charges": NaN,
        "Gain On Sale Of Ppe": NaN,
        "Restructuring And Mergern Acquisition": NaN,
        "Gain On Sale Of Security": NaN,
        "Net Non Operating Interest Income Expense": NaN,
        "Total Other Finance Cost": NaN,
        "Interest Expense Non Operating": NaN,
        "Interest Income Non Operating": NaN,
        "Operating Income": NaN,
        "Operating Expense": NaN,
        "Selling General And Administration": NaN,
        "General And Administrative Expense": 693000000.0,
        "Other Gand A": 664000000.0,
        "Salaries And Wages": 29000000.0,
        "Gross Profit": NaN,
        "Cost Of Revenue": NaN,
        "Total Revenue": NaN,
        "Operating Revenue": NaN
    },
    "2022-12-31": {
        "Tax Effect Of Unusual Items": NaN,
        "Tax Rate For Calcs": NaN,
        "Normalized EBITDA": NaN,
        "Total Unusual Items": NaN,
        "Total Unusual Items Excluding Goodwill": NaN,
        "Net Income From Continuing Operation Net Minority Interest": NaN,
        "Reconciled Depreciation": NaN,
        "Reconciled Cost Of Revenue": NaN,
        "EBITDA": NaN,
        "EBIT": NaN,
        "Net Interest Income": NaN,
        "Interest Expense": NaN,
        "Interest Income": NaN,
        "Normalized Income": NaN,
        "Net Income From Continuing And Discontinued Operation": NaN,
        "Total Expenses": NaN,
        "Diluted Average Shares": NaN,
        "Basic Average Shares": NaN,
        "Diluted EPS": NaN,
        "Basic EPS": NaN,
        "Diluted NI Availto Com Stockholders": NaN,
        "Net Income Common Stockholders": NaN,
        "Net Income": NaN,
        "Minority Interests": NaN,
        "Net Income Including Noncontrolling Interests": NaN,
        "Net Income Continuous Operations": NaN,
        "Tax Provision": NaN,
        "Pretax Income": NaN,
        "Other Income Expense": NaN,
        "Other Non Operating Income Expenses": NaN,
        "Special Income Charges": NaN,
        "Gain On Sale Of Ppe": NaN,
        "Other Special Charges": -1000000.0,
        "Restructuring And Mergern Acquisition": NaN,
        "Gain On Sale Of Security": NaN,
        "Net Non Operating Interest Income Expense": NaN,
        "Total Other Finance Cost": NaN,
        "Interest Expense Non Operating": NaN,
        "Interest Income Non Operating": NaN,
        "Operating Income": NaN,
        "Operating Expense": NaN,
        "Selling General And Administration": NaN,
        "General And Administrative Expense": NaN,
        "Other Gand A": NaN,
        "Salaries And Wages": NaN,
        "Gross Profit": NaN,
        "Cost Of Revenue": NaN,
        "Total Revenue": NaN,
        "Operating Revenue": NaN
    },
    "2022-09-30": {
        "Tax Effect Of Unusual Items": NaN,
        "Tax Rate For Calcs": NaN,
        "Normalized EBITDA": NaN,
        "Total Unusual Items": NaN,
        "Total Unusual Items Excluding Goodwill": NaN,
        "Net Income From Continuing Operation Net Minority Interest": NaN,
        "Reconciled Depreciation": NaN,
        "Reconciled Cost Of Revenue": NaN,
        "EBITDA": NaN,
        "EBIT": NaN,
        "Net Interest Income": NaN,
        "Interest Expense": NaN,
        "Interest Income": NaN,
        "Normalized Income": NaN,
        "Net Income From Continuing And Discontinued Operation": NaN,
        "Total Expenses": NaN,
        "Diluted Average Shares": 286000000.0,
        "Basic Average Shares": 284000000.0,
        "Diluted EPS": 0.16,
        "Basic EPS": 0.16,
        "Diluted NI Availto Com Stockholders": NaN,
        "Net Income Common Stockholders": NaN,
        "Net Income": NaN,
        "Minority Interests": NaN,
        "Net Income Including Noncontrolling Interests": NaN,
        "Net Income Continuous Operations": NaN,
        "Tax Provision": NaN,
        "Pretax Income": NaN,
        "Other Income Expense": NaN,
        "Other Non Operating Income Expenses": NaN,
        "Special Income Charges": NaN,
        "Gain On Sale Of Ppe": NaN,
        "Other Special Charges": 14000000.0,
        "Restructuring And Mergern Acquisition": NaN,
        "Gain On Sale Of Security": NaN,
        "Net Non Operating Interest Income Expense": NaN,
        "Total Other Finance Cost": NaN,
        "Interest Expense Non Operating": NaN,
        "Interest Income Non Operating": NaN,
        "Operating Income": NaN,
        "Operating Expense": NaN,
        "Selling General And Administration": NaN,
        "General And Administrative Expense": NaN,
        "Other Gand A": NaN,
        "Salaries And Wages": NaN,
        "Gross Profit": NaN,
        "Cost Of Revenue": NaN,
        "Total Revenue": NaN,
        "Operating Revenue": NaN
    },
    "2022-06-30": {
        "Tax Effect Of Unusual Items": 22777777.777778,
        "Tax Rate For Calcs": 0.325397,
        "Normalized EBITDA": 529000000.0,
        "Total Unusual Items": 70000000.0,
        "Total Unusual Items Excluding Goodwill": 70000000.0,
        "Net Income From Continuing Operation Net Minority Interest": 166000000.0,
        "Reconciled Depreciation": 237000000.0,
        "Reconciled Cost Of Revenue": 4172000000.0,
        "EBITDA": 599000000.0,
        "EBIT": 362000000.0,
        "Net Interest Income": -114000000.0,
        "Interest Expense": 110000000.0,
        "Interest Income": 6000000.0,
        "Normalized Income": 118777777.777778,
        "Net Income From Continuing And Discontinued Operation": 166000000.0,
        "Total Expenses": 4889000000.0,
        "Diluted Average Shares": 286000000.0,
        "Basic Average Shares": 284000000.0,
        "Diluted EPS": 0.58,
        "Basic EPS": 0.58,
        "Diluted NI Availto Com Stockholders": 166000000.0,
        "Net Income Common Stockholders": 166000000.0,
        "Net Income": 166000000.0,
        "Minority Interests": -4000000.0,
        "Net Income Including Noncontrolling Interests": 170000000.0,
        "Net Income Continuous Operations": 170000000.0,
        "Tax Provision": 82000000.0,
        "Pretax Income": 252000000.0,
        "Other Income Expense": 43000000.0,
        "Other Non Operating Income Expenses": -27000000.0,
        "Special Income Charges": 69000000.0,
        "Gain On Sale Of Ppe": 95000000.0,
        "Other Special Charges": NaN,
        "Restructuring And Mergern Acquisition": 26000000.0,
        "Gain On Sale Of Security": 1000000.0,
        "Net Non Operating Interest Income Expense": -114000000.0,
        "Total Other Finance Cost": 10000000.0,
        "Interest Expense Non Operating": 110000000.0,
        "Interest Income Non Operating": 6000000.0,
        "Operating Income": 323000000.0,
        "Operating Expense": 717000000.0,
        "Selling General And Administration": 717000000.0,
        "Gross Profit": 1040000000.0,
        "Cost Of Revenue": 4172000000.0,
        "Total Revenue": 5212000000.0,
        "Operating Revenue": 5212000000.0
    },
    "2023-06-30": {
        "Tax Effect Of Unusual Items": -390476.190476,
        "Tax Rate For Calcs": 0.009524,
        "Normalized EBITDA": 224000000.0,
        "Total Unusual Items": -41000000.0,
        "Total Unusual Items Excluding Goodwill": -41000000.0,
        "Net Income From Continuing Operation Net Minority Interest": -208000000.0,
        "Reconciled Depreciation": 255000000.0,
        "Reconciled Cost Of Revenue": 4123000000.0,
        "EBITDA": 183000000.0,
        "EBIT": -72000000.0,
        "Net Interest Income": -137000000.0,
        "Interest Expense": 138000000.0,
        "Interest Income": 18000000.0,
        "Normalized Income": -167390476.190476,
        "Net Income From Continuing And Discontinued Operation": -208000000.0,
        "Total Expenses": 4831000000.0,
        "Diluted Average Shares": 285000000.0,
        "Basic Average Shares": 285000000.0,
        "Diluted EPS": -0.73,
        "Basic EPS": -0.73,
        "Diluted NI Availto Com Stockholders": -208000000.0,
        "Net Income Common Stockholders": -208000000.0,
        "Net Income": -208000000.0,
        "Minority Interests": 0.0,
        "Net Income Including Noncontrolling Interests": -208000000.0,
        "Net Income Continuous Operations": -208000000.0,
        "Tax Provision": -2000000.0,
        "Pretax Income": -210000000.0,
        "Other Income Expense": -109000000.0,
        "Other Non Operating Income Expenses": -68000000.0,
        "Special Income Charges": -12000000.0,
        "Gain On Sale Of Ppe": 60000000.0,
        "Restructuring And Mergern Acquisition": 72000000.0,
        "Gain On Sale Of Security": -29000000.0,
        "Net Non Operating Interest Income Expense": -137000000.0,
        "Total Other Finance Cost": 17000000.0,
        "Interest Expense Non Operating": 138000000.0,
        "Interest Income Non Operating": 18000000.0,
        "Operating Income": 36000000.0,
        "Operating Expense": 708000000.0,
        "Selling General And Administration": 708000000.0,
        "General And Administrative Expense": NaN,
        "Other Gand A": NaN,
        "Salaries And Wages": NaN,
        "Gross Profit": 744000000.0,
        "Cost Of Revenue": 4123000000.0,
        "Total Revenue": 4867000000.0,
        "Operating Revenue": 4867000000.0
    },
    "2023-09-30": {
        "Tax Effect Of Unusual Items": -39690000.0,
        "Tax Rate For Calcs": 0.21,
        "Normalized EBITDA": 513000000.0,
        "Total Unusual Items": -189000000.0,
        "Total Unusual Items Excluding Goodwill": -189000000.0,
        "Net Income From Continuing Operation Net Minority Interest": -89000000.0,
        "Reconciled Depreciation": 245000000.0,
        "Reconciled Cost Of Revenue": 4171000000.0,
        "EBITDA": 324000000.0,
        "EBIT": 79000000.0,
        "Net Interest Income": -132000000.0,
        "Interest Expense": 138000000.0,
        "Interest Income": 21000000.0,
        "Normalized Income": 60310000.0,
        "Net Income From Continuing And Discontinued Operation": -89000000.0,
        "Total Expenses": 4844000000.0,
        "Diluted Average Shares": 285000000.0,
        "Basic Average Shares": 285000000.0,
        "Diluted EPS": -0.31,
        "Basic EPS": -0.31,
        "Diluted NI Availto Com Stockholders": -89000000.0,
        "Net Income Common Stockholders": -89000000.0,
        "Net Income": -89000000.0,
        "Minority Interests": -5000000.0,
        "Net Income Including Noncontrolling Interests": -84000000.0,
        "Net Income Continuous Operations": -84000000.0,
        "Tax Provision": 25000000.0,
        "Pretax Income": -59000000.0,
        "Other Income Expense": -225000000.0,
        "Other Non Operating Income Expenses": -36000000.0,
        "Special Income Charges": -192000000.0,
        "Gain On Sale Of Ppe": 6000000.0,
        "Restructuring And Mergern Acquisition": 198000000.0,
        "Gain On Sale Of Security": 3000000.0,
        "Net Non Operating Interest Income Expense": -132000000.0,
        "Total Other Finance Cost": 15000000.0,
        "Interest Expense Non Operating": 138000000.0,
        "Interest Income Non Operating": 21000000.0,
        "Operating Income": 298000000.0,
        "Operating Expense": 673000000.0,
        "Selling General And Administration": 673000000.0,
        "General And Administrative Expense": NaN,
        "Other Gand A": NaN,
        "Salaries And Wages": NaN,
        "Gross Profit": 971000000.0,
        "Cost Of Revenue": 4171000000.0,
        "Total Revenue": 5142000000.0,
        "Operating Revenue": 5142000000.0
    },
    "2023-12-31": {
        "Tax Effect Of Unusual Items": -17259740.25974,
        "Tax Rate For Calcs": 0.038961,
        "Normalized EBITDA": 514000000.0,
        "Total Unusual Items": -443000000.0,
        "Total Unusual Items Excluding Goodwill": -443000000.0,
        "Net Income From Continuing Operation Net Minority Interest": -291000000.0,
        "Reconciled Depreciation": 250000000.0,
        "Reconciled Cost Of Revenue": 4070000000.0,
        "EBITDA": 71000000.0,
        "EBIT": -179000000.0,
        "Net Interest Income": -115000000.0,
        "Interest Expense": 129000000.0,
        "Interest Income": 29000000.0,
        "Normalized Income": 134740259.74026,
        "Net Income From Continuing And Discontinued Operation": -291000000.0,
        "Total Expenses": 4839000000.0,
        "Diluted Average Shares": NaN,
        "Basic Average Shares": NaN,
        "Diluted EPS": NaN,
        "Basic EPS": NaN,
        "Diluted NI Availto Com Stockholders": -291000000.0,
        "Net Income Common Stockholders": -291000000.0,
        "Net Income": -291000000.0,
        "Minority Interests": 5000000.0,
        "Net Income Including Noncontrolling Interests": -296000000.0,
        "Net Income Continuous Operations": -296000000.0,
        "Tax Provision": -12000000.0,
        "Pretax Income": -308000000.0,
        "Other Income Expense": -470000000.0,
        "Other Non Operating Income Expenses": -27000000.0,
        "Special Income Charges": -394000000.0,
        "Gain On Sale Of Ppe": 36000000.0,
        "Restructuring And Mergern Acquisition": 200000000.0,
        "Gain On Sale Of Security": -49000000.0,
        "Net Non Operating Interest Income Expense": -115000000.0,
        "Total Other Finance Cost": 15000000.0,
        "Interest Expense Non Operating": 129000000.0,
        "Interest Income Non Operating": 29000000.0,
        "Operating Income": 277000000.0,
        "Operating Expense": 769000000.0,
        "Selling General And Administration": 769000000.0,
        "General And Administrative Expense": NaN,
        "Other Gand A": NaN,
        "Salaries And Wages": NaN,
        "Gross Profit": 1046000000.0,
        "Cost Of Revenue": 4070000000.0,
        "Total Revenue": 5116000000.0,
        "Operating Revenue": 5116000000.0
    },
    "2024-03-31": {
        "Tax Effect Of Unusual Items": -5250000.0,
        "Tax Rate For Calcs": 0.21,
        "Normalized EBITDA": 383000000.0,
        "Total Unusual Items": -25000000.0,
        "Total Unusual Items Excluding Goodwill": -25000000.0,
        "Net Income From Continuing Operation Net Minority Interest": -57000000.0,
        "Reconciled Depreciation": 284000000.0,
        "Reconciled Cost Of Revenue": 3715000000.0,
        "EBITDA": 358000000.0,
        "EBIT": 74000000.0,
        "Net Interest Income": -126000000.0,
        "Interest Expense": 126000000.0,
        "Interest Income": 15000000.0,
        "Normalized Income": -37250000.0,
        "Net Income From Continuing And Discontinued Operation": -57000000.0,
        "Total Expenses": 4434000000.0,
        "Diluted Average Shares": 286000000.0,
        "Basic Average Shares": 286000000.0,
        "Diluted EPS": -0.2,
        "Basic EPS": -0.2,
        "Diluted NI Availto Com Stockholders": -57000000.0,
        "Net Income Common Stockholders": -57000000.0,
        "Net Income": -57000000.0,
        "Minority Interests": 1000000.0,
        "Net Income Including Noncontrolling Interests": -58000000.0,
        "Net Income Continuous Operations": -58000000.0,
        "Tax Provision": 6000000.0,
        "Pretax Income": -52000000.0,
        "Other Income Expense": -29000000.0,
        "Other Non Operating Income Expenses": -4000000.0,
        "Special Income Charges": -24000000.0,
        "Gain On Sale Of Ppe": -2000000.0,
        "Restructuring And Mergern Acquisition": 22000000.0,
        "Gain On Sale Of Security": -1000000.0,
        "Net Non Operating Interest Income Expense": -126000000.0,
        "Total Other Finance Cost": 15000000.0,
        "Interest Expense Non Operating": 126000000.0,
        "Interest Income Non Operating": 15000000.0,
        "Operating Income": 103000000.0,
        "Operating Expense": 719000000.0,
        "Selling General And Administration": 719000000.0,
        "General And Administrative Expense": 719000000.0,
        "Other Gand A": 696000000.0,
        "Salaries And Wages": 23000000.0,
        "Gross Profit": 822000000.0,
        "Cost Of Revenue": 3715000000.0,
        "Total Revenue": 4537000000.0,
        "Operating Revenue": 4537000000.0
    },
    "2024-06-30": {
        "Tax Effect Of Unusual Items": 17010000.0,
        "Tax Rate For Calcs": 0.21,
        "Normalized EBITDA": 451000000.0,
        "Total Unusual Items": 81000000.0,
        "Total Unusual Items Excluding Goodwill": 81000000.0,
        "Net Income From Continuing Operation Net Minority Interest": 85000000.0,
        "Reconciled Depreciation": 262000000.0,
        "Reconciled Cost Of Revenue": 3622000000.0,
        "EBITDA": 532000000.0,
        "EBIT": 270000000.0,
        "Net Interest Income": -134000000.0,
        "Interest Expense": 130000000.0,
        "Interest Income": 12000000.0,
        "Normalized Income": 21010000.0,
        "Net Income From Continuing And Discontinued Operation": 85000000.0,
        "Total Expenses": 4353000000.0,
        "Diluted Average Shares": 288000000.0,
        "Basic Average Shares": 287000000.0,
        "Diluted EPS": 0.3,
        "Basic EPS": 0.3,
        "Diluted NI Availto Com Stockholders": 85000000.0,
        "Net Income Common Stockholders": 85000000.0,
        "Net Income": 85000000.0,
        "Minority Interests": 5000000.0,
        "Net Income Including Noncontrolling Interests": 80000000.0,
        "Net Income Continuous Operations": 80000000.0,
        "Tax Provision": 60000000.0,
        "Pretax Income": 140000000.0,
        "Other Income Expense": 57000000.0,
        "Other Non Operating Income Expenses": -24000000.0,
        "Special Income Charges": 77000000.0,
        "Gain On Sale Of Ppe": 96000000.0,
        "Restructuring And Mergern Acquisition": 19000000.0,
        "Gain On Sale Of Security": 4000000.0,
        "Net Non Operating Interest Income Expense": -134000000.0,
        "Total Other Finance Cost": 16000000.0,
        "Interest Expense Non Operating": 130000000.0,
        "Interest Income Non Operating": 12000000.0,
        "Operating Income": 217000000.0,
        "Operating Expense": 731000000.0,
        "Selling General And Administration": 731000000.0,
        "General And Administrative Expense": NaN,
        "Other Gand A": NaN,
        "Salaries And Wages": NaN,
        "Gross Profit": 948000000.0,
        "Cost Of Revenue": 3622000000.0,
        "Total Revenue": 4570000000.0,
        "Operating Revenue": 4570000000.0
    }
}