{
    "2023-03-31": {
        "Tax Effect Of Unusual Items": NaN,
        "Tax Rate For Calcs": NaN,
        "Normalized EBITDA": NaN,
        "Total Unusual Items": NaN,
        "Total Unusual Items Excluding Goodwill": NaN,
        "Net Income From Continuing Operation Net Minority Interest": NaN,
        "EBITDA": NaN,
        "EBIT": NaN,
        "Net Interest Income": NaN,
        "Interest Expense": NaN,
        "Interest Income": NaN,
        "Normalized Income": NaN,
        "Net Income From Continuing And Discontinued Operation": NaN,
        "Total Expenses": NaN,
        "Total Operating Income As Reported": NaN,
        "Diluted Average Shares": 1082871.0,
        "Basic Average Shares": 1082871.0,
        "Diluted EPS": -0.21,
        "Basic EPS": -0.21,
        "Diluted NI Availto Com Stockholders": NaN,
        "Net Income Common Stockholders": NaN,
        "Net Income": NaN,
        "Net Income Including Noncontrolling Interests": NaN,
        "Net Income Continuous Operations": NaN,
        "Pretax Income": NaN,
        "Other Income Expense": NaN,
        "Other Non Operating Income Expenses": NaN,
        "Special Income Charges": NaN,
        "Other Special Charges": -533000.0,
        "Gain On Sale Of Security": NaN,
        "Net Non Operating Interest Income Expense": NaN,
        "Interest Expense Non Operating": NaN,
        "Interest Income Non Operating": NaN,
        "Operating Income": NaN,
        "Operating Expense": NaN,
        "Research And Development": NaN,
        "Selling General And Administration": NaN,
        "General And Administrative Expense": NaN,
        "Other Gand A": NaN,
        "Salaries And Wages": NaN,
        "Total Revenue": NaN,
        "Operating Revenue": NaN
    },
    "2022-12-31": {
        "Tax Effect Of Unusual Items": 0.0,
        "Tax Rate For Calcs": 0.0,
        "Normalized EBITDA": -5637000.0,
        "Total Unusual Items": 61000.0,
        "Total Unusual Items Excluding Goodwill": 61000.0,
        "Net Income From Continuing Operation Net Minority Interest": -5584000.0,
        "EBITDA": -5576000.0,
        "EBIT": -5576000.0,
        "Net Interest Income": 133000.0,
        "Interest Expense": 8000.0,
        "Interest Income": 141000.0,
        "Normalized Income": -5645000.0,
        "Net Income From Continuing And Discontinued Operation": -5584000.0,
        "Total Expenses": 5778000.0,
        "Total Operating Income As Reported": -5778000.0,
        "Diluted Average Shares": NaN,
        "Basic Average Shares": NaN,
        "Diluted EPS": NaN,
        "Basic EPS": NaN,
        "Diluted NI Availto Com Stockholders": -5584000.0,
        "Net Income Common Stockholders": -5584000.0,
        "Net Income": -5584000.0,
        "Net Income Including Noncontrolling Interests": -5584000.0,
        "Net Income Continuous Operations": -5584000.0,
        "Pretax Income": -5584000.0,
        "Other Income Expense": 61000.0,
        "Special Income Charges": NaN,
        "Other Special Charges": NaN,
        "Gain On Sale Of Security": 61000.0,
        "Net Non Operating Interest Income Expense": 133000.0,
        "Interest Expense Non Operating": 8000.0,
        "Interest Income Non Operating": 141000.0,
        "Operating Income": -5778000.0,
        "Operating Expense": 5778000.0,
        "Research And Development": 2842000.0,
        "Selling General And Administration": 2936000.0,
        "General And Administrative Expense": NaN,
        "Other Gand A": NaN,
        "Salaries And Wages": NaN,
        "Total Revenue": 0.0,
        "Operating Revenue": 0.0
    },
    "2022-09-30": {
        "Tax Effect Of Unusual Items": NaN,
        "Tax Rate For Calcs": NaN,
        "Normalized EBITDA": NaN,
        "Total Unusual Items": NaN,
        "Total Unusual Items Excluding Goodwill": NaN,
        "Net Income From Continuing Operation Net Minority Interest": NaN,
        "EBITDA": NaN,
        "EBIT": NaN,
        "Net Interest Income": NaN,
        "Interest Expense": NaN,
        "Interest Income": NaN,
        "Normalized Income": NaN,
        "Net Income From Continuing And Discontinued Operation": NaN,
        "Total Expenses": NaN,
        "Total Operating Income As Reported": NaN,
        "Diluted Average Shares": 1046021.0,
        "Basic Average Shares": 1046021.0,
        "Diluted EPS": -6.6,
        "Basic EPS": -6.6,
        "Diluted NI Availto Com Stockholders": NaN,
        "Net Income Common Stockholders": NaN,
        "Net Income": NaN,
        "Net Income Including Noncontrolling Interests": NaN,
        "Net Income Continuous Operations": NaN,
        "Pretax Income": NaN,
        "Other Income Expense": NaN,
        "Other Non Operating Income Expenses": NaN,
        "Special Income Charges": NaN,
        "Other Special Charges": NaN,
        "Gain On Sale Of Security": NaN,
        "Net Non Operating Interest Income Expense": NaN,
        "Interest Expense Non Operating": NaN,
        "Interest Income Non Operating": NaN,
        "Operating Income": NaN,
        "Operating Expense": NaN,
        "Research And Development": NaN,
        "Selling General And Administration": NaN,
        "General And Administrative Expense": NaN,
        "Other Gand A": NaN,
        "Salaries And Wages": NaN,
        "Total Revenue": NaN,
        "Operating Revenue": NaN
    },
    "2022-06-30": {
        "Tax Effect Of Unusual Items": 0.0,
        "Tax Rate For Calcs": 0.0,
        "Normalized EBITDA": -2978000.0,
        "Total Unusual Items": -1000.0,
        "Total Unusual Items Excluding Goodwill": -1000.0,
        "Net Income From Continuing Operation Net Minority Interest": -2979000.0,
        "EBITDA": -2979000.0,
        "EBIT": -2979000.0,
        "Net Interest Income": 36000.0,
        "Interest Expense": 0.0,
        "Interest Income": 36000.0,
        "Normalized Income": -2978000.0,
        "Net Income From Continuing And Discontinued Operation": -2979000.0,
        "Total Expenses": 3014000.0,
        "Total Operating Income As Reported": -3014000.0,
        "Diluted Average Shares": 31237560.0,
        "Basic Average Shares": 31237560.0,
        "Diluted EPS": -0.1,
        "Basic EPS": -0.1,
        "Diluted NI Availto Com Stockholders": -2979000.0,
        "Net Income Common Stockholders": -2979000.0,
        "Net Income": -2979000.0,
        "Net Income Including Noncontrolling Interests": -2979000.0,
        "Net Income Continuous Operations": -2979000.0,
        "Pretax Income": -2979000.0,
        "Other Income Expense": -1000.0,
        "Special Income Charges": NaN,
        "Other Special Charges": NaN,
        "Gain On Sale Of Security": -1000.0,
        "Net Non Operating Interest Income Expense": 36000.0,
        "Interest Expense Non Operating": 0.0,
        "Interest Income Non Operating": 36000.0,
        "Operating Income": -3014000.0,
        "Operating Expense": 3014000.0,
        "Research And Development": 1139000.0,
        "Selling General And Administration": 1875000.0,
        "General And Administrative Expense": 1875000.0,
        "Other Gand A": 1412000.0,
        "Salaries And Wages": 463000.0,
        "Total Revenue": 0.0,
        "Operating Revenue": 0.0
    },
    "2022-03-31": {
        "Diluted EPS": -0.17,
        "Total Revenue": NaN,
        "Gross Profit": NaN,
        "Operating Income": -5,
        "EBIT": -5,
        "Net Income": -5
    },
    "2021-12-31": {
        "Diluted EPS": 0.09,
        "Total Revenue": NaN,
        "Gross Profit": NaN,
        "Operating Income": -18,
        "EBIT": -18,
        "Net Income": -18
    },
    "2021-09-30": {
        "Diluted EPS": -0.17,
        "Total Revenue": NaN,
        "Gross Profit": NaN,
        "Operating Income": -6,
        "EBIT": -6,
        "Net Income": -5
    },
    "2021-06-30": {
        "Diluted EPS": -0.15,
        "Total Revenue": NaN,
        "Gross Profit": NaN,
        "Operating Income": -4,
        "EBIT": -4,
        "Net Income": -5
    },
    "2021-03-31": {
        "Diluted EPS": -1.83,
        "Total Revenue": NaN,
        "Gross Profit": NaN,
        "Operating Income": -29,
        "EBIT": -29,
        "Net Income": -30
    },
    "2020-12-31": {
        "Diluted EPS": -1.28,
        "Total Revenue": NaN,
        "Gross Profit": NaN,
        "Operating Income": -2,
        "EBIT": -2,
        "Net Income": -6
    },
    "2020-09-30": {
        "Diluted EPS": -0.64,
        "Total Revenue": NaN,
        "Gross Profit": NaN,
        "Operating Income": -2,
        "EBIT": -2,
        "Net Income": -3
    },
    "2020-06-30": {
        "Diluted EPS": -4.12,
        "Total Revenue": NaN,
        "Gross Profit": NaN,
        "Operating Income": -2,
        "EBIT": -2,
        "Net Income": -17
    },
    "2020-03-31": {
        "Diluted EPS": -0.41,
        "Total Revenue": NaN,
        "Gross Profit": NaN,
        "Operating Income": -1,
        "EBIT": -1,
        "Net Income": -2
    },
    "2019-12-31": {
        "Diluted EPS": 11.04,
        "Total Revenue": NaN,
        "Gross Profit": NaN,
        "Operating Income": -1,
        "EBIT": -1,
        "Net Income": -1
    },
    "2019-09-30": {
        "Diluted EPS": -8.67,
        "Total Revenue": NaN,
        "Gross Profit": NaN,
        "Operating Income": -9,
        "EBIT": -9,
        "Net Income": -30
    },
    "2019-06-30": {
        "Diluted EPS": -0.85,
        "Total Revenue": NaN,
        "Gross Profit": NaN,
        "Operating Income": -2,
        "EBIT": -2,
        "Net Income": -3
    },
    "2019-03-31": {
        "Diluted EPS": -1.53,
        "Total Revenue": NaN,
        "Gross Profit": NaN,
        "Operating Income": -4,
        "EBIT": -4,
        "Net Income": -5
    },
    "2018-12-31": {
        "Diluted EPS": -1.36,
        "Total Revenue": NaN,
        "Gross Profit": NaN,
        "Operating Income": -3,
        "EBIT": -2,
        "Net Income": -4
    },
    "2018-09-30": {
        "Diluted EPS": -79.93,
        "Total Revenue": NaN,
        "Gross Profit": NaN,
        "Operating Income": -235,
        "EBIT": -233,
        "Net Income": -236
    },
    "2018-06-30": {
        "Diluted EPS": -3.06,
        "Total Revenue": NaN,
        "Gross Profit": NaN,
        "Operating Income": -5,
        "EBIT": -1,
        "Net Income": -9
    },
    "2018-03-31": {
        "Diluted EPS": -3.4,
        "Total Revenue": NaN,
        "Gross Profit": NaN,
        "Operating Income": -7,
        "EBIT": -4,
        "Net Income": -10
    },
    "2017-12-31": {
        "Diluted EPS": 528.06,
        "Total Revenue": NaN,
        "Gross Profit": NaN,
        "Operating Income": -6,
        "EBIT": -6,
        "Net Income": -6
    },
    "2017-09-30": {
        "Diluted EPS": -138.61,
        "Total Revenue": NaN,
        "Gross Profit": NaN,
        "Operating Income": -127,
        "EBIT": -123,
        "Net Income": -131
    },
    "2017-06-30": {
        "Diluted EPS": -87.42,
        "Total Revenue": NaN,
        "Gross Profit": NaN,
        "Operating Income": -1,
        "EBIT": -1,
        "Net Income": -2
    },
    "2017-03-31": {
        "Diluted EPS": -448.3,
        "Total Revenue": NaN,
        "Gross Profit": NaN,
        "Operating Income": -2,
        "EBIT": -1,
        "Net Income": -5
    },
    "2016-12-31": {
        "Diluted EPS": NaN,
        "Total Revenue": NaN,
        "Gross Profit": NaN,
        "Operating Income": -1,
        "EBIT": 0,
        "Net Income": -14
    },
    "2016-09-30": {
        "Diluted EPS": -674.32,
        "Total Revenue": NaN,
        "Gross Profit": NaN,
        "Operating Income": -3,
        "EBIT": -2,
        "Net Income": -4
    },
    "2016-06-30": {
        "Diluted EPS": NaN,
        "Total Revenue": NaN,
        "Gross Profit": NaN,
        "Operating Income": -2,
        "EBIT": -2,
        "Net Income": 2
    },
    "2016-03-31": {
        "Diluted EPS": NaN,
        "Total Revenue": NaN,
        "Gross Profit": NaN,
        "Operating Income": -4,
        "EBIT": -3,
        "Net Income": 26
    },
    "2015-12-31": {
        "Diluted EPS": -111.05,
        "Total Revenue": 0,
        "Gross Profit": 0,
        "Operating Income": -3,
        "EBIT": -2,
        "Net Income": -26
    },
    "2015-09-30": {
        "Diluted EPS": 12.08,
        "Total Revenue": NaN,
        "Gross Profit": NaN,
        "Operating Income": -3,
        "EBIT": -2,
        "Net Income": -2
    },
    "2015-06-30": {
        "Diluted EPS": 93.03,
        "Total Revenue": 0,
        "Gross Profit": 0,
        "Operating Income": -1,
        "EBIT": -1,
        "Net Income": 27
    },
    "2015-03-31": {
        "Diluted EPS": -146.43,
        "Total Revenue": 0,
        "Gross Profit": 0,
        "Operating Income": -2,
        "EBIT": -1,
        "Net Income": -21
    },
    "2014-12-31": {
        "Diluted EPS": -171.59,
        "Total Revenue": 0,
        "Gross Profit": 0,
        "Operating Income": -2,
        "EBIT": 0,
        "Net Income": -19
    },
    "2014-09-30": {
        "Diluted EPS": -0.01,
        "Total Revenue": 0,
        "Gross Profit": 0,
        "Operating Income": -1,
        "EBIT": 1,
        "Net Income": -4
    },
    "2014-06-30": {
        "Diluted EPS": 0.0,
        "Total Revenue": 0,
        "Gross Profit": 0,
        "Operating Income": 0,
        "EBIT": 0,
        "Net Income": 0
    },
    "2014-03-31": {
        "Diluted EPS": 0.0,
        "Total Revenue": NaN,
        "Gross Profit": NaN,
        "Operating Income": 0,
        "EBIT": 0,
        "Net Income": 0
    },
    "2013-12-31": {
        "Diluted EPS": 0.0,
        "Total Revenue": 0,
        "Gross Profit": 0,
        "Operating Income": 0,
        "EBIT": 0,
        "Net Income": 0
    },
    "2013-09-30": {
        "Diluted EPS": 0.0,
        "Total Revenue": 0,
        "Gross Profit": 0,
        "Operating Income": 0,
        "EBIT": 0,
        "Net Income": 0
    },
    "2013-06-30": {
        "Diluted EPS": 0.0,
        "Total Revenue": 0,
        "Gross Profit": 0,
        "Operating Income": 0,
        "EBIT": 0,
        "Net Income": 0
    },
    "2013-03-31": {
        "Diluted EPS": 0.0,
        "Total Revenue": 0,
        "Gross Profit": 0,
        "Operating Income": 0,
        "EBIT": 0,
        "Net Income": 0
    },
    "2012-12-31": {
        "Diluted EPS": 0.0,
        "Total Revenue": 0,
        "Gross Profit": 0,
        "Operating Income": -1,
        "EBIT": -1,
        "Net Income": -1
    },
    "2012-09-30": {
        "Diluted EPS": 0.0,
        "Total Revenue": 0,
        "Gross Profit": 0,
        "Operating Income": -1,
        "EBIT": -1,
        "Net Income": -1
    },
    "2012-06-30": {
        "Diluted EPS": -0.01,
        "Total Revenue": 0,
        "Gross Profit": 0,
        "Operating Income": -1,
        "EBIT": -1,
        "Net Income": -2
    },
    "2012-03-31": {
        "Diluted EPS": 0.0,
        "Total Revenue": 0,
        "Gross Profit": NaN,
        "Operating Income": 0,
        "EBIT": 0,
        "Net Income": -1
    },
    "2011-12-31": {
        "Diluted EPS": -0.01,
        "Total Revenue": 0,
        "Gross Profit": 0,
        "Operating Income": -1,
        "EBIT": -1,
        "Net Income": -1
    },
    "2011-09-30": {
        "Diluted EPS": 0.0,
        "Total Revenue": 0,
        "Gross Profit": 0,
        "Operating Income": -1,
        "EBIT": 0,
        "Net Income": 0
    },
    "2011-06-30": {
        "Diluted EPS": 0.0,
        "Total Revenue": 0,
        "Gross Profit": 0,
        "Operating Income": 0,
        "EBIT": 0,
        "Net Income": -1
    },
    "2011-03-31": {
        "Diluted EPS": -0.01,
        "Total Revenue": 0,
        "Gross Profit": 0,
        "Operating Income": -2,
        "EBIT": -2,
        "Net Income": -2
    },
    "2010-12-31": {
        "Diluted EPS": -0.01,
        "Total Revenue": NaN,
        "Gross Profit": NaN,
        "Operating Income": -1,
        "EBIT": 0,
        "Net Income": -1
    },
    "2010-09-30": {
        "Diluted EPS": 0.01,
        "Total Revenue": NaN,
        "Gross Profit": NaN,
        "Operating Income": -1,
        "EBIT": 0,
        "Net Income": -1
    },
    "2010-06-30": {
        "Diluted EPS": 0.0,
        "Total Revenue": NaN,
        "Gross Profit": NaN,
        "Operating Income": 0,
        "EBIT": 0,
        "Net Income": 0
    },
    "2010-03-31": {
        "Diluted EPS": -0.03,
        "Total Revenue": NaN,
        "Gross Profit": NaN,
        "Operating Income": -1,
        "EBIT": -1,
        "Net Income": -2
    },
    "2009-12-31": {
        "Diluted EPS": -0.02,
        "Total Revenue": 0,
        "Gross Profit": 0,
        "Operating Income": -1,
        "EBIT": 0,
        "Net Income": -1
    },
    "2009-09-30": {
        "Diluted EPS": -0.01,
        "Total Revenue": NaN,
        "Gross Profit": 0,
        "Operating Income": 0,
        "EBIT": 0,
        "Net Income": 0
    },
    "2009-06-30": {
        "Diluted EPS": -0.01,
        "Total Revenue": 0,
        "Gross Profit": 0,
        "Operating Income": 0,
        "EBIT": 0,
        "Net Income": 0
    },
    "2009-03-31": {
        "Diluted EPS": -0.01,
        "Total Revenue": NaN,
        "Gross Profit": NaN,
        "Operating Income": 0,
        "EBIT": 0,
        "Net Income": 0
    },
    "2023-06-30": {
        "Tax Effect Of Unusual Items": 0.0,
        "Tax Rate For Calcs": 0.0,
        "Normalized EBITDA": -3401000.0,
        "Total Unusual Items": 1410000.0,
        "Total Unusual Items Excluding Goodwill": 1410000.0,
        "Net Income From Continuing Operation Net Minority Interest": -1992000.0,
        "EBITDA": -1991000.0,
        "EBIT": -1991000.0,
        "Net Interest Income": 219000.0,
        "Interest Expense": 1000.0,
        "Interest Income": 220000.0,
        "Normalized Income": -3402000.0,
        "Net Income From Continuing And Discontinued Operation": -1992000.0,
        "Total Expenses": 3621000.0,
        "Total Operating Income As Reported": -3621000.0,
        "Diluted Average Shares": 1339087.0,
        "Basic Average Shares": 1339087.0,
        "Diluted EPS": -1.49,
        "Basic EPS": -1.49,
        "Diluted NI Availto Com Stockholders": -1992000.0,
        "Net Income Common Stockholders": -1992000.0,
        "Net Income": -1992000.0,
        "Net Income Including Noncontrolling Interests": -1992000.0,
        "Net Income Continuous Operations": -1992000.0,
        "Pretax Income": -1992000.0,
        "Other Income Expense": 1410000.0,
        "Other Non Operating Income Expenses": NaN,
        "Special Income Charges": 14000.0,
        "Other Special Charges": -14000.0,
        "Gain On Sale Of Security": 1396000.0,
        "Net Non Operating Interest Income Expense": 219000.0,
        "Interest Expense Non Operating": 1000.0,
        "Interest Income Non Operating": 220000.0,
        "Operating Income": -3621000.0,
        "Operating Expense": 3621000.0,
        "Research And Development": 2095000.0,
        "Selling General And Administration": 1526000.0,
        "General And Administrative Expense": 1526000.0,
        "Other Gand A": 1128000.0,
        "Salaries And Wages": 398000.0,
        "Total Revenue": 0.0,
        "Operating Revenue": 0.0
    },
    "2023-09-30": {
        "Tax Effect Of Unusual Items": 0.0,
        "Tax Rate For Calcs": 0.0,
        "Normalized EBITDA": -2906000.0,
        "Total Unusual Items": 490000.0,
        "Total Unusual Items Excluding Goodwill": 490000.0,
        "Net Income From Continuing Operation Net Minority Interest": -2416000.0,
        "EBITDA": -2416000.0,
        "EBIT": -2416000.0,
        "Net Interest Income": 216000.0,
        "Interest Expense": 0.0,
        "Interest Income": 216000.0,
        "Normalized Income": -2906000.0,
        "Net Income From Continuing And Discontinued Operation": -2416000.0,
        "Total Expenses": 3122000.0,
        "Total Operating Income As Reported": -3122000.0,
        "Diluted Average Shares": 1367202.0,
        "Basic Average Shares": 1367202.0,
        "Diluted EPS": -1.8,
        "Basic EPS": -1.8,
        "Diluted NI Availto Com Stockholders": -2416000.0,
        "Net Income Common Stockholders": -2416000.0,
        "Net Income": -2416000.0,
        "Net Income Including Noncontrolling Interests": -2416000.0,
        "Net Income Continuous Operations": -2416000.0,
        "Pretax Income": -2416000.0,
        "Other Income Expense": 490000.0,
        "Other Non Operating Income Expenses": NaN,
        "Special Income Charges": 0.0,
        "Other Special Charges": NaN,
        "Gain On Sale Of Security": 490000.0,
        "Net Non Operating Interest Income Expense": 216000.0,
        "Interest Expense Non Operating": 0.0,
        "Interest Income Non Operating": 216000.0,
        "Operating Income": -3122000.0,
        "Operating Expense": 3122000.0,
        "Research And Development": 1364000.0,
        "Selling General And Administration": 1758000.0,
        "General And Administrative Expense": NaN,
        "Other Gand A": NaN,
        "Salaries And Wages": NaN,
        "Total Revenue": 0.0,
        "Operating Revenue": 0.0
    },
    "2023-12-31": {
        "Tax Effect Of Unusual Items": 0.0,
        "Tax Rate For Calcs": 0.0,
        "Normalized EBITDA": -2968000.0,
        "Total Unusual Items": 6000.0,
        "Total Unusual Items Excluding Goodwill": 6000.0,
        "Net Income From Continuing Operation Net Minority Interest": -2962000.0,
        "EBITDA": -2962000.0,
        "EBIT": -2962000.0,
        "Net Interest Income": 180000.0,
        "Interest Expense": 0.0,
        "Interest Income": 180000.0,
        "Normalized Income": -2968000.0,
        "Net Income From Continuing And Discontinued Operation": -2962000.0,
        "Total Expenses": 3168000.0,
        "Total Operating Income As Reported": -3168000.0,
        "Diluted Average Shares": NaN,
        "Basic Average Shares": NaN,
        "Diluted EPS": NaN,
        "Basic EPS": NaN,
        "Diluted NI Availto Com Stockholders": -2962000.0,
        "Net Income Common Stockholders": -2962000.0,
        "Net Income": -2962000.0,
        "Net Income Including Noncontrolling Interests": -2962000.0,
        "Net Income Continuous Operations": -2962000.0,
        "Pretax Income": -2962000.0,
        "Other Income Expense": 26000.0,
        "Other Non Operating Income Expenses": NaN,
        "Special Income Charges": 0.0,
        "Other Special Charges": 0.0,
        "Gain On Sale Of Security": 6000.0,
        "Net Non Operating Interest Income Expense": 180000.0,
        "Interest Expense Non Operating": 0.0,
        "Interest Income Non Operating": 180000.0,
        "Operating Income": -3168000.0,
        "Operating Expense": 3168000.0,
        "Research And Development": 1357000.0,
        "Selling General And Administration": 1811000.0,
        "General And Administrative Expense": NaN,
        "Other Gand A": NaN,
        "Salaries And Wages": NaN,
        "Total Revenue": 0.0,
        "Operating Revenue": 0.0
    },
    "2024-03-31": {
        "Tax Effect Of Unusual Items": 0.0,
        "Tax Rate For Calcs": 0.0,
        "Normalized EBITDA": -2922000.0,
        "Total Unusual Items": 656000.0,
        "Total Unusual Items Excluding Goodwill": 656000.0,
        "Net Income From Continuing Operation Net Minority Interest": -2266000.0,
        "EBITDA": -2266000.0,
        "EBIT": -2266000.0,
        "Net Interest Income": 142000.0,
        "Interest Expense": 0.0,
        "Interest Income": 142000.0,
        "Normalized Income": -2922000.0,
        "Net Income From Continuing And Discontinued Operation": -2266000.0,
        "Total Expenses": 3091000.0,
        "Total Operating Income As Reported": -3091000.0,
        "Diluted Average Shares": 1380633.0,
        "Basic Average Shares": 1380633.0,
        "Diluted EPS": -1.64,
        "Basic EPS": -1.64,
        "Diluted NI Availto Com Stockholders": -2266000.0,
        "Net Income Common Stockholders": -2266000.0,
        "Net Income": -2266000.0,
        "Net Income Including Noncontrolling Interests": -2266000.0,
        "Net Income Continuous Operations": -2266000.0,
        "Pretax Income": -2266000.0,
        "Other Income Expense": 683000.0,
        "Other Non Operating Income Expenses": 27000.0,
        "Special Income Charges": 0.0,
        "Other Special Charges": NaN,
        "Gain On Sale Of Security": 656000.0,
        "Net Non Operating Interest Income Expense": 142000.0,
        "Interest Expense Non Operating": 0.0,
        "Interest Income Non Operating": 142000.0,
        "Operating Income": -3091000.0,
        "Operating Expense": 3091000.0,
        "Research And Development": 777000.0,
        "Selling General And Administration": 2314000.0,
        "General And Administrative Expense": NaN,
        "Other Gand A": NaN,
        "Salaries And Wages": NaN,
        "Total Revenue": 0.0,
        "Operating Revenue": 0.0
    },
    "2024-06-30": {
        "Tax Effect Of Unusual Items": 0.0,
        "Tax Rate For Calcs": 0.0,
        "Normalized EBITDA": -3828000.0,
        "Total Unusual Items": 118000.0,
        "Total Unusual Items Excluding Goodwill": 118000.0,
        "Net Income From Continuing Operation Net Minority Interest": -3710000.0,
        "EBITDA": -3710000.0,
        "EBIT": -3710000.0,
        "Net Interest Income": 105000.0,
        "Interest Expense": 0.0,
        "Interest Income": 105000.0,
        "Normalized Income": -3828000.0,
        "Net Income From Continuing And Discontinued Operation": -3710000.0,
        "Total Expenses": 3906000.0,
        "Total Operating Income As Reported": -3906000.0,
        "Diluted Average Shares": 1711955.0,
        "Basic Average Shares": 1711955.0,
        "Diluted EPS": -2.17,
        "Basic EPS": -2.17,
        "Diluted NI Availto Com Stockholders": -3710000.0,
        "Net Income Common Stockholders": -3710000.0,
        "Net Income": -3710000.0,
        "Net Income Including Noncontrolling Interests": -3710000.0,
        "Net Income Continuous Operations": -3710000.0,
        "Pretax Income": -3710000.0,
        "Other Income Expense": 91000.0,
        "Other Non Operating Income Expenses": -27000.0,
        "Special Income Charges": 0.0,
        "Other Special Charges": NaN,
        "Gain On Sale Of Security": 118000.0,
        "Net Non Operating Interest Income Expense": 105000.0,
        "Interest Expense Non Operating": 0.0,
        "Interest Income Non Operating": 105000.0,
        "Operating Income": -3906000.0,
        "Operating Expense": 3906000.0,
        "Research And Development": 1784000.0,
        "Selling General And Administration": 2122000.0,
        "General And Administrative Expense": 2122000.0,
        "Other Gand A": 2002000.0,
        "Salaries And Wages": 120000.0,
        "Total Revenue": 0.0,
        "Operating Revenue": 0.0
    }
}