{
    "2024-03-31": {
        "Tax Effect Of Unusual Items": -157850.0,
        "Tax Rate For Calcs": 0.35,
        "Normalized EBITDA": 89036000.0,
        "Total Unusual Items": -451000.0,
        "Total Unusual Items Excluding Goodwill": -451000.0,
        "Net Income From Continuing Operation Net Minority Interest": -78000.0,
        "Reconciled Depreciation": 56150000.0,
        "Reconciled Cost Of Revenue": 56150000.0,
        "EBITDA": 88585000.0,
        "EBIT": 32435000.0,
        "Net Interest Income": -17732000.0,
        "Interest Expense": 15118000.0,
        "Interest Income": 692000.0,
        "Normalized Income": 215150.0,
        "Net Income From Continuing And Discontinued Operation": -78000.0,
        "Total Expenses": 122077000.0,
        "Diluted Average Shares": 31813072.0,
        "Basic Average Shares": 31813072.0,
        "Diluted EPS": -0.002452,
        "Basic EPS": -0.002452,
        "Diluted NI Availto Com Stockholders": -78000.0,
        "Net Income Common Stockholders": -78000.0,
        "Net Income": -78000.0,
        "Net Income Including Noncontrolling Interests": -78000.0,
        "Net Income Continuous Operations": -78000.0,
        "Tax Provision": 17395000.0,
        "Pretax Income": 17317000.0,
        "Other Income Expense": -451000.0,
        "Other Non Operating Income Expenses": NaN,
        "Special Income Charges": -1266000.0,
        "Restructuring And Mergern Acquisition": 1266000.0,
        "Gain On Sale Of Security": 815000.0,
        "Net Non Operating Interest Income Expense": -17732000.0,
        "Total Other Finance Cost": 3306000.0,
        "Interest Expense Non Operating": 15118000.0,
        "Interest Income Non Operating": 692000.0,
        "Operating Income": 35500000.0,
        "Operating Expense": 65927000.0,
        "Other Operating Expenses": 53050000.0,
        "Selling General And Administration": 12877000.0,
        "General And Administrative Expense": 12877000.0,
        "Other Gand A": 9516000.0,
        "Salaries And Wages": 3361000.0,
        "Gross Profit": 101427000.0,
        "Cost Of Revenue": 56150000.0,
        "Total Revenue": 157577000.0,
        "Operating Revenue": 157577000.0
    },
    "2023-12-31": {
        "Tax Effect Of Unusual Items": -1298850.0,
        "Tax Rate For Calcs": 0.35,
        "Normalized EBITDA": 84908000.0,
        "Total Unusual Items": -3711000.0,
        "Total Unusual Items Excluding Goodwill": -3711000.0,
        "Net Income From Continuing Operation Net Minority Interest": 7711000.0,
        "Reconciled Depreciation": 52635000.0,
        "Reconciled Cost Of Revenue": 52635000.0,
        "EBITDA": 81197000.0,
        "EBIT": 28562000.0,
        "Net Interest Income": -17492000.0,
        "Interest Expense": 15352000.0,
        "Interest Income": 297000.0,
        "Normalized Income": 10123150.0,
        "Net Income From Continuing And Discontinued Operation": 7711000.0,
        "Total Expenses": 117265000.0,
        "Diluted Average Shares": NaN,
        "Basic Average Shares": NaN,
        "Diluted EPS": NaN,
        "Basic EPS": NaN,
        "Diluted NI Availto Com Stockholders": 7711000.0,
        "Net Income Common Stockholders": 7711000.0,
        "Net Income": 7711000.0,
        "Net Income Including Noncontrolling Interests": 7711000.0,
        "Net Income Continuous Operations": 7711000.0,
        "Tax Provision": 5499000.0,
        "Pretax Income": 13210000.0,
        "Other Income Expense": -6977000.0,
        "Other Non Operating Income Expenses": -3266000.0,
        "Special Income Charges": NaN,
        "Restructuring And Mergern Acquisition": NaN,
        "Gain On Sale Of Security": -3711000.0,
        "Net Non Operating Interest Income Expense": -17492000.0,
        "Total Other Finance Cost": 2437000.0,
        "Interest Expense Non Operating": 15352000.0,
        "Interest Income Non Operating": 297000.0,
        "Operating Income": 37679000.0,
        "Operating Expense": 64630000.0,
        "Other Operating Expenses": 51584000.0,
        "Selling General And Administration": 13046000.0,
        "General And Administrative Expense": 13046000.0,
        "Other Gand A": 11072000.0,
        "Salaries And Wages": 1974000.0,
        "Gross Profit": 102309000.0,
        "Cost Of Revenue": 52635000.0,
        "Total Revenue": 154944000.0,
        "Operating Revenue": 154944000.0
    },
    "2023-09-30": {
        "Tax Effect Of Unusual Items": -600950.0,
        "Tax Rate For Calcs": 0.35,
        "Normalized EBITDA": 115505000.0,
        "Total Unusual Items": -1717000.0,
        "Total Unusual Items Excluding Goodwill": -1717000.0,
        "Net Income From Continuing Operation Net Minority Interest": 6527000.0,
        "Reconciled Depreciation": 55019000.0,
        "Reconciled Cost Of Revenue": 55019000.0,
        "EBITDA": 113788000.0,
        "EBIT": 58769000.0,
        "Net Interest Income": -13232000.0,
        "Interest Expense": 11909000.0,
        "Interest Income": 271000.0,
        "Normalized Income": 7643050.0,
        "Net Income From Continuing And Discontinued Operation": 6527000.0,
        "Total Expenses": 118466000.0,
        "Diluted Average Shares": 33350050.0,
        "Basic Average Shares": 33287368.0,
        "Diluted EPS": 0.2,
        "Basic EPS": 0.2,
        "Diluted NI Availto Com Stockholders": 6527000.0,
        "Net Income Common Stockholders": 6527000.0,
        "Net Income": 6527000.0,
        "Net Income Including Noncontrolling Interests": 6527000.0,
        "Net Income Continuous Operations": 6527000.0,
        "Tax Provision": 40333000.0,
        "Pretax Income": 46860000.0,
        "Other Income Expense": -1363000.0,
        "Other Non Operating Income Expenses": 354000.0,
        "Special Income Charges": 0.0,
        "Restructuring And Mergern Acquisition": 0.0,
        "Gain On Sale Of Security": -1717000.0,
        "Net Non Operating Interest Income Expense": -13232000.0,
        "Total Other Finance Cost": 1594000.0,
        "Interest Expense Non Operating": 11909000.0,
        "Interest Income Non Operating": 271000.0,
        "Operating Income": 61455000.0,
        "Operating Expense": 63447000.0,
        "Other Operating Expenses": 53209000.0,
        "Selling General And Administration": 10238000.0,
        "General And Administrative Expense": 10238000.0,
        "Other Gand A": 8307000.0,
        "Salaries And Wages": 1931000.0,
        "Gross Profit": 124902000.0,
        "Cost Of Revenue": 55019000.0,
        "Total Revenue": 179921000.0,
        "Operating Revenue": 179921000.0
    },
    "2023-06-30": {
        "Tax Effect Of Unusual Items": NaN,
        "Tax Rate For Calcs": NaN,
        "Normalized EBITDA": NaN,
        "Total Unusual Items": NaN,
        "Total Unusual Items Excluding Goodwill": NaN,
        "Net Income From Continuing Operation Net Minority Interest": NaN,
        "Reconciled Depreciation": NaN,
        "Reconciled Cost Of Revenue": NaN,
        "EBITDA": NaN,
        "EBIT": NaN,
        "Net Interest Income": NaN,
        "Interest Expense": NaN,
        "Interest Income": NaN,
        "Normalized Income": NaN,
        "Net Income From Continuing And Discontinued Operation": NaN,
        "Total Expenses": NaN,
        "Diluted Average Shares": 33299505.0,
        "Basic Average Shares": 33299505.0,
        "Diluted EPS": -0.33,
        "Basic EPS": -0.33,
        "Diluted NI Availto Com Stockholders": NaN,
        "Net Income Common Stockholders": NaN,
        "Net Income": NaN,
        "Net Income Including Noncontrolling Interests": NaN,
        "Net Income Continuous Operations": NaN,
        "Tax Provision": NaN,
        "Pretax Income": NaN,
        "Other Income Expense": NaN,
        "Other Non Operating Income Expenses": NaN,
        "Special Income Charges": 0.0,
        "Restructuring And Mergern Acquisition": 0.0,
        "Gain On Sale Of Security": NaN,
        "Net Non Operating Interest Income Expense": NaN,
        "Total Other Finance Cost": NaN,
        "Interest Expense Non Operating": NaN,
        "Interest Income Non Operating": NaN,
        "Operating Income": NaN,
        "Operating Expense": NaN,
        "Other Operating Expenses": NaN,
        "Selling General And Administration": NaN,
        "General And Administrative Expense": NaN,
        "Other Gand A": NaN,
        "Salaries And Wages": NaN,
        "Gross Profit": NaN,
        "Cost Of Revenue": NaN,
        "Total Revenue": NaN,
        "Operating Revenue": NaN
    },
    "2023-03-31": {
        "Tax Effect Of Unusual Items": NaN,
        "Tax Rate For Calcs": NaN,
        "Normalized EBITDA": NaN,
        "Total Unusual Items": NaN,
        "Total Unusual Items Excluding Goodwill": NaN,
        "Net Income From Continuing Operation Net Minority Interest": NaN,
        "Reconciled Depreciation": NaN,
        "Reconciled Cost Of Revenue": NaN,
        "EBITDA": NaN,
        "EBIT": NaN,
        "Net Interest Income": NaN,
        "Interest Expense": NaN,
        "Interest Income": NaN,
        "Normalized Income": NaN,
        "Net Income From Continuing And Discontinued Operation": NaN,
        "Total Expenses": NaN,
        "Diluted Average Shares": NaN,
        "Basic Average Shares": NaN,
        "Diluted EPS": NaN,
        "Basic EPS": NaN,
        "Diluted NI Availto Com Stockholders": NaN,
        "Net Income Common Stockholders": NaN,
        "Net Income": NaN,
        "Net Income Including Noncontrolling Interests": NaN,
        "Net Income Continuous Operations": NaN,
        "Tax Provision": NaN,
        "Pretax Income": NaN,
        "Other Income Expense": NaN,
        "Other Non Operating Income Expenses": 1090000.0,
        "Special Income Charges": NaN,
        "Write Off": 475000.0,
        "Restructuring And Mergern Acquisition": NaN,
        "Gain On Sale Of Security": NaN,
        "Net Non Operating Interest Income Expense": NaN,
        "Total Other Finance Cost": NaN,
        "Interest Expense Non Operating": NaN,
        "Interest Income Non Operating": NaN,
        "Operating Income": NaN,
        "Operating Expense": NaN,
        "Other Operating Expenses": NaN,
        "Selling General And Administration": NaN,
        "General And Administrative Expense": NaN,
        "Other Gand A": NaN,
        "Salaries And Wages": NaN,
        "Gross Profit": NaN,
        "Cost Of Revenue": NaN,
        "Total Revenue": NaN,
        "Operating Revenue": NaN
    },
    "2022-12-31": {
        "Tax Effect Of Unusual Items": NaN,
        "Tax Rate For Calcs": NaN,
        "Normalized EBITDA": NaN,
        "Total Unusual Items": NaN,
        "Total Unusual Items Excluding Goodwill": NaN,
        "Net Income From Continuing Operation Net Minority Interest": NaN,
        "Reconciled Depreciation": NaN,
        "Reconciled Cost Of Revenue": NaN,
        "EBITDA": NaN,
        "EBIT": NaN,
        "Net Interest Income": NaN,
        "Interest Expense": NaN,
        "Interest Income": NaN,
        "Normalized Income": NaN,
        "Net Income From Continuing And Discontinued Operation": NaN,
        "Total Expenses": NaN,
        "Diluted Average Shares": NaN,
        "Basic Average Shares": NaN,
        "Diluted EPS": NaN,
        "Basic EPS": NaN,
        "Diluted NI Availto Com Stockholders": NaN,
        "Net Income Common Stockholders": NaN,
        "Net Income": NaN,
        "Net Income Including Noncontrolling Interests": NaN,
        "Net Income Continuous Operations": NaN,
        "Tax Provision": NaN,
        "Pretax Income": NaN,
        "Other Income Expense": NaN,
        "Other Non Operating Income Expenses": 0.0,
        "Special Income Charges": NaN,
        "Write Off": NaN,
        "Restructuring And Mergern Acquisition": NaN,
        "Gain On Sale Of Security": NaN,
        "Net Non Operating Interest Income Expense": NaN,
        "Total Other Finance Cost": NaN,
        "Interest Expense Non Operating": NaN,
        "Interest Income Non Operating": NaN,
        "Operating Income": NaN,
        "Operating Expense": NaN,
        "Other Operating Expenses": NaN,
        "Selling General And Administration": NaN,
        "General And Administrative Expense": NaN,
        "Other Gand A": NaN,
        "Salaries And Wages": NaN,
        "Gross Profit": NaN,
        "Cost Of Revenue": NaN,
        "Total Revenue": NaN,
        "Operating Revenue": NaN
    },
    "2022-09-30": {
        "Tax Effect Of Unusual Items": NaN,
        "Tax Rate For Calcs": NaN,
        "Normalized EBITDA": NaN,
        "Total Unusual Items": NaN,
        "Total Unusual Items Excluding Goodwill": NaN,
        "Net Income From Continuing Operation Net Minority Interest": NaN,
        "Reconciled Depreciation": NaN,
        "Reconciled Cost Of Revenue": NaN,
        "EBITDA": NaN,
        "EBIT": NaN,
        "Net Interest Income": NaN,
        "Interest Expense": NaN,
        "Interest Income": NaN,
        "Normalized Income": NaN,
        "Net Income From Continuing And Discontinued Operation": NaN,
        "Total Expenses": NaN,
        "Diluted Average Shares": 37131074.0,
        "Basic Average Shares": 36730543.0,
        "Diluted EPS": 1.04,
        "Basic EPS": 1.05,
        "Diluted NI Availto Com Stockholders": NaN,
        "Net Income Common Stockholders": NaN,
        "Net Income": NaN,
        "Net Income Including Noncontrolling Interests": NaN,
        "Net Income Continuous Operations": NaN,
        "Tax Provision": NaN,
        "Pretax Income": NaN,
        "Other Income Expense": NaN,
        "Other Non Operating Income Expenses": 2598000.0,
        "Special Income Charges": NaN,
        "Write Off": NaN,
        "Restructuring And Mergern Acquisition": NaN,
        "Gain On Sale Of Security": NaN,
        "Net Non Operating Interest Income Expense": NaN,
        "Total Other Finance Cost": NaN,
        "Interest Expense Non Operating": NaN,
        "Interest Income Non Operating": NaN,
        "Operating Income": NaN,
        "Operating Expense": NaN,
        "Other Operating Expenses": NaN,
        "Selling General And Administration": NaN,
        "General And Administrative Expense": NaN,
        "Other Gand A": NaN,
        "Salaries And Wages": NaN,
        "Gross Profit": NaN,
        "Cost Of Revenue": NaN,
        "Total Revenue": NaN,
        "Operating Revenue": NaN
    },
    "2024-06-30": {
        "Tax Effect Of Unusual Items": 1464050.0,
        "Tax Rate For Calcs": 0.35,
        "Normalized EBITDA": 94244000.0,
        "Total Unusual Items": 4183000.0,
        "Total Unusual Items Excluding Goodwill": 4183000.0,
        "Net Income From Continuing Operation Net Minority Interest": 36371000.0,
        "Reconciled Depreciation": 55490000.0,
        "Reconciled Cost Of Revenue": 55490000.0,
        "EBITDA": 98427000.0,
        "EBIT": 42937000.0,
        "Net Interest Income": -17381000.0,
        "Interest Expense": 15638000.0,
        "Interest Income": 1017000.0,
        "Normalized Income": 33652050.0,
        "Net Income From Continuing And Discontinued Operation": 36371000.0,
        "Total Expenses": 125112000.0,
        "Diluted Average Shares": 31281651.0,
        "Basic Average Shares": 31281651.0,
        "Diluted EPS": 1.16,
        "Basic EPS": 1.16,
        "Diluted NI Availto Com Stockholders": 36371000.0,
        "Net Income Common Stockholders": 36371000.0,
        "Net Income": 36371000.0,
        "Net Income Including Noncontrolling Interests": 36371000.0,
        "Net Income Continuous Operations": 36371000.0,
        "Tax Provision": -9072000.0,
        "Pretax Income": 27299000.0,
        "Other Income Expense": 4183000.0,
        "Other Non Operating Income Expenses": NaN,
        "Special Income Charges": -230000.0,
        "Restructuring And Mergern Acquisition": 230000.0,
        "Gain On Sale Of Security": 4413000.0,
        "Net Non Operating Interest Income Expense": -17381000.0,
        "Total Other Finance Cost": 2760000.0,
        "Interest Expense Non Operating": 15638000.0,
        "Interest Income Non Operating": 1017000.0,
        "Operating Income": 40497000.0,
        "Operating Expense": 69622000.0,
        "Other Operating Expenses": 52725000.0,
        "Selling General And Administration": 16897000.0,
        "General And Administrative Expense": 16897000.0,
        "Other Gand A": 10737000.0,
        "Salaries And Wages": 6160000.0,
        "Gross Profit": 110119000.0,
        "Cost Of Revenue": 55490000.0,
        "Total Revenue": 165609000.0,
        "Operating Revenue": 165609000.0
    },
    "2024-09-30": {
        "Tax Effect Of Unusual Items": 568750.0,
        "Tax Rate For Calcs": 0.35,
        "Normalized EBITDA": 92631000.0,
        "Total Unusual Items": 1625000.0,
        "Total Unusual Items Excluding Goodwill": 1625000.0,
        "Net Income From Continuing Operation Net Minority Interest": 1133000.0,
        "Reconciled Depreciation": 55573000.0,
        "Reconciled Cost Of Revenue": 55573000.0,
        "EBITDA": 94256000.0,
        "EBIT": 38683000.0,
        "Net Interest Income": -19208000.0,
        "Interest Expense": 16783000.0,
        "Interest Income": 684000.0,
        "Normalized Income": 76750.0,
        "Net Income From Continuing And Discontinued Operation": 1133000.0,
        "Total Expenses": 111890000.0,
        "Diluted Average Shares": 30732807.0,
        "Basic Average Shares": 30732807.0,
        "Diluted EPS": 0.04,
        "Basic EPS": 0.04,
        "Diluted NI Availto Com Stockholders": 1133000.0,
        "Net Income Common Stockholders": 1133000.0,
        "Net Income": 1133000.0,
        "Net Income Including Noncontrolling Interests": 1133000.0,
        "Net Income Continuous Operations": 1133000.0,
        "Tax Provision": 20767000.0,
        "Pretax Income": 21900000.0,
        "Other Income Expense": 1625000.0,
        "Other Non Operating Income Expenses": NaN,
        "Special Income Charges": -1459000.0,
        "Restructuring And Mergern Acquisition": 1459000.0,
        "Gain On Sale Of Security": 3084000.0,
        "Net Non Operating Interest Income Expense": -19208000.0,
        "Total Other Finance Cost": 3109000.0,
        "Interest Expense Non Operating": 16783000.0,
        "Interest Income Non Operating": 684000.0,
        "Operating Income": 39483000.0,
        "Operating Expense": 56317000.0,
        "Other Operating Expenses": 49971000.0,
        "Selling General And Administration": 6346000.0,
        "General And Administrative Expense": 6346000.0,
        "Other Gand A": 9491000.0,
        "Salaries And Wages": -3145000.0,
        "Gross Profit": 95800000.0,
        "Cost Of Revenue": 55573000.0,
        "Total Revenue": 151373000.0,
        "Operating Revenue": 151373000.0
    }
}