{
    "2023-03-31": {
        "Tax Effect Of Unusual Items": 77644.851396,
        "Tax Rate For Calcs": 0.259682,
        "Normalized EBITDA": 6968000.0,
        "Total Unusual Items": 299000.0,
        "Total Unusual Items Excluding Goodwill": 299000.0,
        "Net Income From Continuing Operation Net Minority Interest": 2466000.0,
        "Reconciled Depreciation": 2768000.0,
        "Reconciled Cost Of Revenue": 2676000.0,
        "EBITDA": 7267000.0,
        "EBIT": 4499000.0,
        "Net Interest Income": -1163000.0,
        "Interest Expense": 1168000.0,
        "Interest Income": 5000.0,
        "Normalized Income": 2244644.851396,
        "Net Income From Continuing And Discontinued Operation": 2466000.0,
        "Total Expenses": 9351000.0,
        "Total Operating Income As Reported": 3777000.0,
        "Diluted Average Shares": 24026617.0,
        "Basic Average Shares": 23871046.0,
        "Diluted EPS": 0.1,
        "Basic EPS": 0.1,
        "Diluted NI Availto Com Stockholders": 2466000.0,
        "Net Income Common Stockholders": 2466000.0,
        "Net Income": 2466000.0,
        "Net Income Including Noncontrolling Interests": 2466000.0,
        "Net Income Continuous Operations": 2466000.0,
        "Tax Provision": 865000.0,
        "Pretax Income": 3331000.0,
        "Other Income Expense": 717000.0,
        "Other Non Operating Income Expenses": 418000.0,
        "Special Income Charges": 299000.0,
        "Other Special Charges": -299000.0,
        "Net Non Operating Interest Income Expense": -1163000.0,
        "Interest Expense Non Operating": 1168000.0,
        "Interest Income Non Operating": 5000.0,
        "Operating Income": 3777000.0,
        "Operating Expense": 6562000.0,
        "Other Operating Expenses": -299000.0,
        "Depreciation Amortization Depletion Income Statement": 2655000.0,
        "Depreciation And Amortization In Income Statement": 2655000.0,
        "Selling General And Administration": 3907000.0,
        "General And Administrative Expense": 3907000.0,
        "Other Gand A": 3907000.0,
        "Gross Profit": 10339000.0,
        "Cost Of Revenue": 2789000.0,
        "Total Revenue": 13128000.0,
        "Operating Revenue": 13128000.0
    },
    "2022-12-31": {
        "Tax Effect Of Unusual Items": NaN,
        "Tax Rate For Calcs": NaN,
        "Normalized EBITDA": NaN,
        "Total Unusual Items": NaN,
        "Total Unusual Items Excluding Goodwill": NaN,
        "Net Income From Continuing Operation Net Minority Interest": NaN,
        "Reconciled Depreciation": NaN,
        "Reconciled Cost Of Revenue": NaN,
        "EBITDA": NaN,
        "EBIT": NaN,
        "Net Interest Income": NaN,
        "Interest Expense": NaN,
        "Interest Income": 40000.0,
        "Normalized Income": NaN,
        "Net Income From Continuing And Discontinued Operation": NaN,
        "Total Expenses": NaN,
        "Total Operating Income As Reported": NaN,
        "Diluted Average Shares": 22062654.0,
        "Basic Average Shares": 21961489.0,
        "Diluted EPS": 0.04,
        "Basic EPS": 0.04,
        "Diluted NI Availto Com Stockholders": NaN,
        "Net Income Common Stockholders": NaN,
        "Net Income": NaN,
        "Net Income Including Noncontrolling Interests": NaN,
        "Net Income Continuous Operations": NaN,
        "Tax Provision": NaN,
        "Pretax Income": NaN,
        "Other Income Expense": NaN,
        "Other Non Operating Income Expenses": NaN,
        "Special Income Charges": NaN,
        "Other Special Charges": NaN,
        "Net Non Operating Interest Income Expense": NaN,
        "Interest Expense Non Operating": NaN,
        "Interest Income Non Operating": 40000.0,
        "Operating Income": NaN,
        "Operating Expense": NaN,
        "Other Operating Expenses": NaN,
        "Depreciation Amortization Depletion Income Statement": NaN,
        "Depreciation And Amortization In Income Statement": NaN,
        "Selling General And Administration": NaN,
        "General And Administrative Expense": NaN,
        "Other Gand A": NaN,
        "Gross Profit": NaN,
        "Cost Of Revenue": NaN,
        "Total Revenue": NaN,
        "Operating Revenue": NaN
    },
    "2022-09-30": {
        "Tax Effect Of Unusual Items": NaN,
        "Tax Rate For Calcs": NaN,
        "Normalized EBITDA": NaN,
        "Total Unusual Items": NaN,
        "Total Unusual Items Excluding Goodwill": NaN,
        "Net Income From Continuing Operation Net Minority Interest": NaN,
        "Reconciled Depreciation": NaN,
        "Reconciled Cost Of Revenue": NaN,
        "EBITDA": NaN,
        "EBIT": NaN,
        "Net Interest Income": NaN,
        "Interest Expense": NaN,
        "Interest Income": 21000.0,
        "Normalized Income": NaN,
        "Net Income From Continuing And Discontinued Operation": NaN,
        "Total Expenses": NaN,
        "Total Operating Income As Reported": NaN,
        "Diluted Average Shares": NaN,
        "Basic Average Shares": NaN,
        "Diluted EPS": NaN,
        "Basic EPS": NaN,
        "Diluted NI Availto Com Stockholders": NaN,
        "Net Income Common Stockholders": NaN,
        "Net Income": NaN,
        "Net Income Including Noncontrolling Interests": NaN,
        "Net Income Continuous Operations": NaN,
        "Tax Provision": NaN,
        "Pretax Income": NaN,
        "Other Income Expense": NaN,
        "Other Non Operating Income Expenses": NaN,
        "Special Income Charges": NaN,
        "Other Special Charges": NaN,
        "Net Non Operating Interest Income Expense": NaN,
        "Interest Expense Non Operating": NaN,
        "Interest Income Non Operating": 21000.0,
        "Operating Income": NaN,
        "Operating Expense": NaN,
        "Other Operating Expenses": NaN,
        "Depreciation Amortization Depletion Income Statement": NaN,
        "Depreciation And Amortization In Income Statement": NaN,
        "Selling General And Administration": NaN,
        "General And Administrative Expense": NaN,
        "Other Gand A": NaN,
        "Gross Profit": NaN,
        "Cost Of Revenue": NaN,
        "Total Revenue": NaN,
        "Operating Revenue": NaN
    },
    "2022-06-30": {
        "Tax Effect Of Unusual Items": 0.0,
        "Tax Rate For Calcs": 0.4,
        "Normalized EBITDA": 5467000.0,
        "Total Unusual Items": NaN,
        "Total Unusual Items Excluding Goodwill": NaN,
        "Net Income From Continuing Operation Net Minority Interest": 2107000.0,
        "Reconciled Depreciation": 2453000.0,
        "Reconciled Cost Of Revenue": 2916000.0,
        "EBITDA": 5467000.0,
        "EBIT": 3014000.0,
        "Net Interest Income": -1055000.0,
        "Interest Expense": 1057000.0,
        "Interest Income": 2000.0,
        "Normalized Income": 2107000.0,
        "Net Income From Continuing And Discontinued Operation": 2107000.0,
        "Total Expenses": 9245000.0,
        "Total Operating Income As Reported": 2462000.0,
        "Diluted Average Shares": 22867290.0,
        "Basic Average Shares": 22686559.0,
        "Diluted EPS": 0.09,
        "Basic EPS": 0.09,
        "Diluted NI Availto Com Stockholders": 2107000.0,
        "Net Income Common Stockholders": 2107000.0,
        "Net Income": 2107000.0,
        "Net Income Including Noncontrolling Interests": 2107000.0,
        "Net Income Continuous Operations": 2107000.0,
        "Tax Provision": -150000.0,
        "Pretax Income": 1957000.0,
        "Other Income Expense": 550000.0,
        "Other Non Operating Income Expenses": 550000.0,
        "Special Income Charges": NaN,
        "Other Special Charges": NaN,
        "Net Non Operating Interest Income Expense": -1055000.0,
        "Interest Expense Non Operating": 1057000.0,
        "Interest Income Non Operating": 2000.0,
        "Operating Income": 2462000.0,
        "Operating Expense": 6303000.0,
        "Other Operating Expenses": NaN,
        "Depreciation Amortization Depletion Income Statement": 2427000.0,
        "Depreciation And Amortization In Income Statement": 2427000.0,
        "Selling General And Administration": 3876000.0,
        "General And Administrative Expense": 3876000.0,
        "Other Gand A": 3876000.0,
        "Gross Profit": 8765000.0,
        "Cost Of Revenue": 2942000.0,
        "Total Revenue": 11707000.0,
        "Operating Revenue": 11707000.0
    },
    "2022-03-31": {
        "Diluted EPS": 0.04,
        "Total Revenue": 10,
        "Gross Profit": 7,
        "Operating Income": 1,
        "EBIT": 4,
        "Net Income": 1
    },
    "2021-12-31": {
        "Diluted EPS": 0.01,
        "Total Revenue": 10,
        "Gross Profit": 8,
        "Operating Income": 1,
        "EBIT": 4,
        "Net Income": 0
    },
    "2021-09-30": {
        "Diluted EPS": 0.07,
        "Total Revenue": 11,
        "Gross Profit": 9,
        "Operating Income": 2,
        "EBIT": 5,
        "Net Income": 1
    },
    "2021-06-30": {
        "Diluted EPS": 0.09,
        "Total Revenue": 11,
        "Gross Profit": 8,
        "Operating Income": 2,
        "EBIT": 5,
        "Net Income": 2
    },
    "2021-03-31": {
        "Diluted EPS": -0.01,
        "Total Revenue": 9,
        "Gross Profit": 7,
        "Operating Income": 1,
        "EBIT": 3,
        "Net Income": 0
    },
    "2020-12-31": {
        "Diluted EPS": -0.01,
        "Total Revenue": 10,
        "Gross Profit": 7,
        "Operating Income": 1,
        "EBIT": 3,
        "Net Income": 0
    },
    "2020-09-30": {
        "Diluted EPS": 0.05,
        "Total Revenue": 11,
        "Gross Profit": 8,
        "Operating Income": 3,
        "EBIT": 5,
        "Net Income": 1
    },
    "2020-06-30": {
        "Diluted EPS": -0.01,
        "Total Revenue": 10,
        "Gross Profit": 8,
        "Operating Income": 2,
        "EBIT": 4,
        "Net Income": 0
    },
    "2020-03-31": {
        "Diluted EPS": 0.02,
        "Total Revenue": 8,
        "Gross Profit": 6,
        "Operating Income": 2,
        "EBIT": 4,
        "Net Income": 0
    },
    "2019-12-31": {
        "Diluted EPS": -0.02,
        "Total Revenue": 9,
        "Gross Profit": 6,
        "Operating Income": 1,
        "EBIT": 3,
        "Net Income": 0
    },
    "2019-09-30": {
        "Diluted EPS": 0.05,
        "Total Revenue": 10,
        "Gross Profit": 8,
        "Operating Income": 3,
        "EBIT": 5,
        "Net Income": 1
    },
    "2019-06-30": {
        "Diluted EPS": 0.04,
        "Total Revenue": 9,
        "Gross Profit": 7,
        "Operating Income": 2,
        "EBIT": 4,
        "Net Income": 1
    },
    "2019-03-31": {
        "Diluted EPS": 0.03,
        "Total Revenue": 8,
        "Gross Profit": 6,
        "Operating Income": 1,
        "EBIT": 3,
        "Net Income": 1
    },
    "2018-12-31": {
        "Diluted EPS": -0.01,
        "Total Revenue": 8,
        "Gross Profit": 6,
        "Operating Income": 2,
        "EBIT": 4,
        "Net Income": 0
    },
    "2018-09-30": {
        "Diluted EPS": 0.03,
        "Total Revenue": 9,
        "Gross Profit": 7,
        "Operating Income": 2,
        "EBIT": 4,
        "Net Income": 1
    },
    "2018-06-30": {
        "Diluted EPS": 0.11,
        "Total Revenue": 11,
        "Gross Profit": 9,
        "Operating Income": 4,
        "EBIT": 6,
        "Net Income": 2
    },
    "2018-03-31": {
        "Diluted EPS": 0.02,
        "Total Revenue": 7,
        "Gross Profit": 6,
        "Operating Income": 1,
        "EBIT": 3,
        "Net Income": 0
    },
    "2017-12-31": {
        "Diluted EPS": 0.14,
        "Total Revenue": 8,
        "Gross Profit": 6,
        "Operating Income": 2,
        "EBIT": 3,
        "Net Income": 3
    },
    "2017-09-30": {
        "Diluted EPS": 0.06,
        "Total Revenue": 8,
        "Gross Profit": 7,
        "Operating Income": 3,
        "EBIT": 5,
        "Net Income": 1
    },
    "2017-06-30": {
        "Diluted EPS": 0.02,
        "Total Revenue": 8,
        "Gross Profit": 6,
        "Operating Income": 2,
        "EBIT": 4,
        "Net Income": 0
    },
    "2017-03-31": {
        "Diluted EPS": 0.01,
        "Total Revenue": 7,
        "Gross Profit": 5,
        "Operating Income": 1,
        "EBIT": 3,
        "Net Income": 0
    },
    "2016-12-31": {
        "Diluted EPS": 0.0,
        "Total Revenue": 7,
        "Gross Profit": 5,
        "Operating Income": 1,
        "EBIT": 2,
        "Net Income": 0
    },
    "2016-09-30": {
        "Diluted EPS": 0.07,
        "Total Revenue": 8,
        "Gross Profit": 6,
        "Operating Income": 3,
        "EBIT": 4,
        "Net Income": 1
    },
    "2016-06-30": {
        "Diluted EPS": -0.18,
        "Total Revenue": 8,
        "Gross Profit": 6,
        "Operating Income": 1,
        "EBIT": 3,
        "Net Income": -4
    },
    "2016-03-31": {
        "Diluted EPS": -0.02,
        "Total Revenue": 7,
        "Gross Profit": 5,
        "Operating Income": 1,
        "EBIT": 3,
        "Net Income": 0
    },
    "2015-12-31": {
        "Diluted EPS": 0.0,
        "Total Revenue": 7,
        "Gross Profit": 5,
        "Operating Income": 1,
        "EBIT": 3,
        "Net Income": 0
    },
    "2015-09-30": {
        "Diluted EPS": 1.2,
        "Total Revenue": 8,
        "Gross Profit": 6,
        "Operating Income": 2,
        "EBIT": 4,
        "Net Income": 22
    },
    "2015-06-30": {
        "Diluted EPS": 0.02,
        "Total Revenue": 9,
        "Gross Profit": 6,
        "Operating Income": 2,
        "EBIT": 5,
        "Net Income": 0
    },
    "2015-03-31": {
        "Diluted EPS": -0.05,
        "Total Revenue": 8,
        "Gross Profit": 5,
        "Operating Income": 1,
        "EBIT": 3,
        "Net Income": -1
    },
    "2014-12-31": {
        "Diluted EPS": 0.0,
        "Total Revenue": NaN,
        "Gross Profit": NaN,
        "Operating Income": NaN,
        "EBIT": NaN,
        "Net Income": NaN
    },
    "2023-06-30": {
        "Tax Effect Of Unusual Items": 63925.506073,
        "Tax Rate For Calcs": 0.295951,
        "Normalized EBITDA": 6319000.0,
        "Total Unusual Items": 216000.0,
        "Total Unusual Items Excluding Goodwill": 216000.0,
        "Net Income From Continuing Operation Net Minority Interest": 1739000.0,
        "Reconciled Depreciation": 2784000.0,
        "Reconciled Cost Of Revenue": 3102000.0,
        "EBITDA": 6535000.0,
        "EBIT": 3751000.0,
        "Net Interest Income": -1281000.0,
        "Interest Expense": 1281000.0,
        "Interest Income": NaN,
        "Normalized Income": 1586925.506073,
        "Net Income From Continuing And Discontinued Operation": 1739000.0,
        "Total Expenses": 9990000.0,
        "Total Operating Income As Reported": 3010000.0,
        "Diluted Average Shares": 24038902.0,
        "Basic Average Shares": 23958205.0,
        "Diluted EPS": 0.07,
        "Basic EPS": 0.07,
        "Diluted NI Availto Com Stockholders": 1739000.0,
        "Net Income Common Stockholders": 1739000.0,
        "Net Income": 1739000.0,
        "Net Income Including Noncontrolling Interests": 1739000.0,
        "Net Income Continuous Operations": 1739000.0,
        "Tax Provision": 731000.0,
        "Pretax Income": 2470000.0,
        "Other Income Expense": 741000.0,
        "Other Non Operating Income Expenses": 525000.0,
        "Special Income Charges": 216000.0,
        "Other Special Charges": -216000.0,
        "Net Non Operating Interest Income Expense": -1281000.0,
        "Interest Expense Non Operating": 1281000.0,
        "Interest Income Non Operating": NaN,
        "Operating Income": 3010000.0,
        "Operating Expense": 6809000.0,
        "Other Operating Expenses": -216000.0,
        "Depreciation Amortization Depletion Income Statement": 2705000.0,
        "Depreciation And Amortization In Income Statement": 2705000.0,
        "Selling General And Administration": 4104000.0,
        "General And Administrative Expense": 4104000.0,
        "Other Gand A": 4104000.0,
        "Gross Profit": 9819000.0,
        "Cost Of Revenue": 3181000.0,
        "Total Revenue": 13000000.0,
        "Operating Revenue": 13000000.0
    },
    "2023-09-30": {
        "Tax Effect Of Unusual Items": 66310.051107,
        "Tax Rate For Calcs": 0.252129,
        "Normalized EBITDA": 7752000.0,
        "Total Unusual Items": 263000.0,
        "Total Unusual Items Excluding Goodwill": 263000.0,
        "Net Income From Continuing Operation Net Minority Interest": 2634000.0,
        "Reconciled Depreciation": 3233000.0,
        "Reconciled Cost Of Revenue": 3539000.0,
        "EBITDA": 8015000.0,
        "EBIT": 4782000.0,
        "Net Interest Income": -1260000.0,
        "Interest Expense": 1260000.0,
        "Interest Income": NaN,
        "Normalized Income": 2437310.051107,
        "Net Income From Continuing And Discontinued Operation": 2634000.0,
        "Total Expenses": 10695000.0,
        "Total Operating Income As Reported": 3837000.0,
        "Diluted Average Shares": 24231801.0,
        "Basic Average Shares": 24171228.0,
        "Diluted EPS": 0.11,
        "Basic EPS": 0.11,
        "Diluted NI Availto Com Stockholders": 2634000.0,
        "Net Income Common Stockholders": 2634000.0,
        "Net Income": 2634000.0,
        "Net Income Including Noncontrolling Interests": 2634000.0,
        "Net Income Continuous Operations": 2634000.0,
        "Tax Provision": 888000.0,
        "Pretax Income": 3522000.0,
        "Other Income Expense": 945000.0,
        "Other Non Operating Income Expenses": 682000.0,
        "Special Income Charges": 263000.0,
        "Other Special Charges": -263000.0,
        "Net Non Operating Interest Income Expense": -1260000.0,
        "Interest Expense Non Operating": 1260000.0,
        "Interest Income Non Operating": NaN,
        "Operating Income": 3837000.0,
        "Operating Expense": 7108000.0,
        "Other Operating Expenses": NaN,
        "Depreciation Amortization Depletion Income Statement": 3185000.0,
        "Depreciation And Amortization In Income Statement": 3185000.0,
        "Selling General And Administration": 3923000.0,
        "General And Administrative Expense": 3923000.0,
        "Other Gand A": 3923000.0,
        "Gross Profit": 10945000.0,
        "Cost Of Revenue": 3587000.0,
        "Total Revenue": 14532000.0,
        "Operating Revenue": 14532000.0
    },
    "2023-12-31": {
        "Tax Effect Of Unusual Items": 51446.113651,
        "Tax Rate For Calcs": 0.253429,
        "Normalized EBITDA": 5477000.0,
        "Total Unusual Items": 203000.0,
        "Total Unusual Items Excluding Goodwill": 203000.0,
        "Net Income From Continuing Operation Net Minority Interest": 1143000.0,
        "Reconciled Depreciation": 2976000.0,
        "Reconciled Cost Of Revenue": 3028000.0,
        "EBITDA": 5680000.0,
        "EBIT": 2704000.0,
        "Net Interest Income": -1121000.0,
        "Interest Expense": 1173000.0,
        "Interest Income": NaN,
        "Normalized Income": 991446.113651,
        "Net Income From Continuing And Discontinued Operation": 1143000.0,
        "Total Expenses": 10706000.0,
        "Total Operating Income As Reported": 1662000.0,
        "Diluted Average Shares": NaN,
        "Basic Average Shares": NaN,
        "Diluted EPS": NaN,
        "Basic EPS": NaN,
        "Diluted NI Availto Com Stockholders": 1143000.0,
        "Net Income Common Stockholders": 1143000.0,
        "Net Income": 1143000.0,
        "Net Income Including Noncontrolling Interests": 1143000.0,
        "Net Income Continuous Operations": 1143000.0,
        "Tax Provision": 388000.0,
        "Pretax Income": 1531000.0,
        "Other Income Expense": 990000.0,
        "Other Non Operating Income Expenses": 787000.0,
        "Special Income Charges": 203000.0,
        "Other Special Charges": -203000.0,
        "Net Non Operating Interest Income Expense": -1121000.0,
        "Interest Expense Non Operating": 1173000.0,
        "Interest Income Non Operating": NaN,
        "Operating Income": 1662000.0,
        "Operating Expense": 7594000.0,
        "Other Operating Expenses": NaN,
        "Depreciation Amortization Depletion Income Statement": 2892000.0,
        "Depreciation And Amortization In Income Statement": 2892000.0,
        "Selling General And Administration": 4702000.0,
        "General And Administrative Expense": 4702000.0,
        "Other Gand A": 4702000.0,
        "Gross Profit": 9256000.0,
        "Cost Of Revenue": 3112000.0,
        "Total Revenue": 12368000.0,
        "Operating Revenue": 12368000.0
    },
    "2024-03-31": {
        "Tax Effect Of Unusual Items": 54994.686504,
        "Tax Rate For Calcs": 0.265675,
        "Normalized EBITDA": 5324000.0,
        "Total Unusual Items": 207000.0,
        "Total Unusual Items Excluding Goodwill": 207000.0,
        "Net Income From Continuing Operation Net Minority Interest": 691000.0,
        "Reconciled Depreciation": 3024000.0,
        "Reconciled Cost Of Revenue": 3194000.0,
        "EBITDA": 5531000.0,
        "EBIT": 2507000.0,
        "Net Interest Income": -1328000.0,
        "Interest Expense": 1566000.0,
        "Interest Income": 238000.0,
        "Normalized Income": 538994.686504,
        "Net Income From Continuing And Discontinued Operation": 691000.0,
        "Total Expenses": 10343000.0,
        "Total Operating Income As Reported": 1267000.0,
        "Diluted Average Shares": 24295067.0,
        "Basic Average Shares": 24175699.0,
        "Diluted EPS": 0.03,
        "Basic EPS": 0.03,
        "Diluted NI Availto Com Stockholders": 691000.0,
        "Net Income Common Stockholders": 691000.0,
        "Net Income": 691000.0,
        "Net Income Including Noncontrolling Interests": 691000.0,
        "Net Income Continuous Operations": 691000.0,
        "Tax Provision": 250000.0,
        "Pretax Income": 941000.0,
        "Other Income Expense": 1002000.0,
        "Other Non Operating Income Expenses": 795000.0,
        "Special Income Charges": 207000.0,
        "Other Special Charges": -207000.0,
        "Net Non Operating Interest Income Expense": -1328000.0,
        "Interest Expense Non Operating": 1566000.0,
        "Interest Income Non Operating": 238000.0,
        "Operating Income": 1267000.0,
        "Operating Expense": 7059000.0,
        "Other Operating Expenses": NaN,
        "Depreciation Amortization Depletion Income Statement": 2934000.0,
        "Depreciation And Amortization In Income Statement": 2934000.0,
        "Selling General And Administration": 4125000.0,
        "General And Administrative Expense": 4125000.0,
        "Other Gand A": 4125000.0,
        "Gross Profit": 8326000.0,
        "Cost Of Revenue": 3284000.0,
        "Total Revenue": 11610000.0,
        "Operating Revenue": 11610000.0
    }
}