{
    "2023-03-31": {
        "Tax Effect Of Unusual Items": NaN,
        "Tax Rate For Calcs": NaN,
        "Normalized EBITDA": NaN,
        "Total Unusual Items": NaN,
        "Total Unusual Items Excluding Goodwill": NaN,
        "Net Income From Continuing Operation Net Minority Interest": NaN,
        "Reconciled Depreciation": NaN,
        "Reconciled Cost Of Revenue": NaN,
        "EBITDA": NaN,
        "EBIT": NaN,
        "Net Interest Income": NaN,
        "Interest Expense": NaN,
        "Interest Income": NaN,
        "Normalized Income": NaN,
        "Net Income From Continuing And Discontinued Operation": NaN,
        "Total Expenses": NaN,
        "Total Operating Income As Reported": NaN,
        "Diluted Average Shares": NaN,
        "Basic Average Shares": NaN,
        "Diluted EPS": NaN,
        "Basic EPS": NaN,
        "Diluted NI Availto Com Stockholders": NaN,
        "Net Income Common Stockholders": NaN,
        "Net Income": NaN,
        "Minority Interests": NaN,
        "Net Income Including Noncontrolling Interests": NaN,
        "Net Income Continuous Operations": NaN,
        "Tax Provision": NaN,
        "Pretax Income": NaN,
        "Other Income Expense": NaN,
        "Other Non Operating Income Expenses": NaN,
        "Special Income Charges": NaN,
        "Other Special Charges": NaN,
        "Write Off": 6000000.0,
        "Restructuring And Mergern Acquisition": NaN,
        "Gain On Sale Of Security": NaN,
        "Net Non Operating Interest Income Expense": NaN,
        "Interest Expense Non Operating": NaN,
        "Interest Income Non Operating": NaN,
        "Operating Income": NaN,
        "Operating Expense": NaN,
        "Selling General And Administration": NaN,
        "Gross Profit": NaN,
        "Cost Of Revenue": NaN,
        "Total Revenue": NaN,
        "Operating Revenue": NaN
    },
    "2022-12-31": {
        "Tax Effect Of Unusual Items": -1762711.864407,
        "Tax Rate For Calcs": 0.220339,
        "Normalized EBITDA": 164000000.0,
        "Total Unusual Items": -8000000.0,
        "Total Unusual Items Excluding Goodwill": -8000000.0,
        "Net Income From Continuing Operation Net Minority Interest": 46000000.0,
        "Reconciled Depreciation": 87000000.0,
        "Reconciled Cost Of Revenue": 2122000000.0,
        "EBITDA": 156000000.0,
        "EBIT": 69000000.0,
        "Net Interest Income": -10000000.0,
        "Interest Expense": 10000000.0,
        "Normalized Income": 52237288.135593,
        "Net Income From Continuing And Discontinued Operation": 46000000.0,
        "Total Expenses": 2371000000.0,
        "Total Operating Income As Reported": 74000000.0,
        "Diluted Average Shares": 119126000.0,
        "Basic Average Shares": 118658000.0,
        "Diluted EPS": 0.39,
        "Basic EPS": 0.39,
        "Diluted NI Availto Com Stockholders": 46000000.0,
        "Net Income Common Stockholders": 46000000.0,
        "Net Income": 46000000.0,
        "Minority Interests": 0.0,
        "Net Income Including Noncontrolling Interests": 46000000.0,
        "Net Income Continuous Operations": 46000000.0,
        "Tax Provision": 13000000.0,
        "Pretax Income": 59000000.0,
        "Other Income Expense": -27000000.0,
        "Other Non Operating Income Expenses": -19000000.0,
        "Special Income Charges": -22000000.0,
        "Write Off": NaN,
        "Restructuring And Mergern Acquisition": 30000000.0,
        "Gain On Sale Of Security": NaN,
        "Net Non Operating Interest Income Expense": -10000000.0,
        "Interest Expense Non Operating": 10000000.0,
        "Operating Income": 96000000.0,
        "Operating Expense": 249000000.0,
        "Selling General And Administration": 249000000.0,
        "Gross Profit": 345000000.0,
        "Cost Of Revenue": 2122000000.0,
        "Total Revenue": 2467000000.0,
        "Operating Revenue": 2933000000.0
    },
    "2022-09-30": {
        "Tax Effect Of Unusual Items": -3204819.277108,
        "Tax Rate For Calcs": 0.228916,
        "Normalized EBITDA": 192000000.0,
        "Total Unusual Items": -14000000.0,
        "Total Unusual Items Excluding Goodwill": -14000000.0,
        "Net Income From Continuing Operation Net Minority Interest": 63000000.0,
        "Reconciled Depreciation": 89000000.0,
        "Reconciled Cost Of Revenue": 1974000000.0,
        "EBITDA": 178000000.0,
        "EBIT": 89000000.0,
        "Net Interest Income": -6000000.0,
        "Interest Expense": 6000000.0,
        "Normalized Income": 73795180.722892,
        "Net Income From Continuing And Discontinued Operation": 63000000.0,
        "Total Expenses": 2201000000.0,
        "Total Operating Income As Reported": 72000000.0,
        "Diluted Average Shares": 119065000.0,
        "Basic Average Shares": 118621000.0,
        "Diluted EPS": 0.53,
        "Basic EPS": 0.53,
        "Diluted NI Availto Com Stockholders": 63000000.0,
        "Net Income Common Stockholders": 63000000.0,
        "Net Income": 63000000.0,
        "Minority Interests": -1000000.0,
        "Net Income Including Noncontrolling Interests": 64000000.0,
        "Net Income Continuous Operations": 64000000.0,
        "Tax Provision": 19000000.0,
        "Pretax Income": 83000000.0,
        "Other Income Expense": 3000000.0,
        "Other Non Operating Income Expenses": 17000000.0,
        "Special Income Charges": -14000000.0,
        "Write Off": NaN,
        "Restructuring And Mergern Acquisition": 14000000.0,
        "Gain On Sale Of Security": NaN,
        "Net Non Operating Interest Income Expense": -6000000.0,
        "Interest Expense Non Operating": 6000000.0,
        "Operating Income": 86000000.0,
        "Operating Expense": 227000000.0,
        "Selling General And Administration": 227000000.0,
        "Gross Profit": 313000000.0,
        "Cost Of Revenue": 1974000000.0,
        "Total Revenue": 2287000000.0,
        "Operating Revenue": 2287000000.0
    },
    "2022-06-30": {
        "Tax Effect Of Unusual Items": -7191780.821918,
        "Tax Rate For Calcs": 0.287671,
        "Normalized EBITDA": 184000000.0,
        "Total Unusual Items": -25000000.0,
        "Total Unusual Items Excluding Goodwill": -25000000.0,
        "Net Income From Continuing Operation Net Minority Interest": 51000000.0,
        "Reconciled Depreciation": 77000000.0,
        "Reconciled Cost Of Revenue": 1852000000.0,
        "EBITDA": 159000000.0,
        "EBIT": 82000000.0,
        "Net Interest Income": -9000000.0,
        "Interest Expense": 9000000.0,
        "Normalized Income": 68808219.178082,
        "Net Income From Continuing And Discontinued Operation": 51000000.0,
        "Total Expenses": 2072000000.0,
        "Total Operating Income As Reported": 59000000.0,
        "Diluted Average Shares": 116646000.0,
        "Basic Average Shares": 116131000.0,
        "Diluted EPS": 0.44,
        "Basic EPS": 0.44,
        "Diluted NI Availto Com Stockholders": 51000000.0,
        "Net Income Common Stockholders": 51000000.0,
        "Net Income": 51000000.0,
        "Minority Interests": -1000000.0,
        "Net Income Including Noncontrolling Interests": 52000000.0,
        "Net Income Continuous Operations": 52000000.0,
        "Tax Provision": 21000000.0,
        "Pretax Income": 73000000.0,
        "Other Income Expense": -2000000.0,
        "Other Non Operating Income Expenses": 23000000.0,
        "Special Income Charges": -25000000.0,
        "Write Off": NaN,
        "Restructuring And Mergern Acquisition": 25000000.0,
        "Gain On Sale Of Security": NaN,
        "Net Non Operating Interest Income Expense": -9000000.0,
        "Interest Expense Non Operating": 9000000.0,
        "Operating Income": 84000000.0,
        "Operating Expense": 220000000.0,
        "Depreciation Amortization Depletion Income Statement": 77000000.0,
        "Depreciation And Amortization In Income Statement": 77000000.0,
        "Selling General And Administration": 220000000.0,
        "Gross Profit": 304000000.0,
        "Cost Of Revenue": 1852000000.0,
        "Total Revenue": 2156000000.0,
        "Operating Revenue": 2156000000.0
    },
    "2023-06-30": {
        "Tax Effect Of Unusual Items": NaN,
        "Tax Rate For Calcs": NaN,
        "Normalized EBITDA": NaN,
        "Total Unusual Items": NaN,
        "Total Unusual Items Excluding Goodwill": NaN,
        "Net Income From Continuing Operation Net Minority Interest": NaN,
        "Reconciled Depreciation": NaN,
        "Reconciled Cost Of Revenue": NaN,
        "EBITDA": NaN,
        "EBIT": NaN,
        "Net Interest Income": NaN,
        "Interest Expense": NaN,
        "Interest Income": 1000000.0,
        "Normalized Income": NaN,
        "Net Income From Continuing And Discontinued Operation": NaN,
        "Total Expenses": NaN,
        "Total Operating Income As Reported": NaN,
        "Diluted Average Shares": NaN,
        "Basic Average Shares": NaN,
        "Diluted EPS": NaN,
        "Basic EPS": NaN,
        "Diluted NI Availto Com Stockholders": NaN,
        "Net Income Common Stockholders": NaN,
        "Net Income": NaN,
        "Minority Interests": NaN,
        "Net Income Including Noncontrolling Interests": NaN,
        "Net Income Continuous Operations": NaN,
        "Tax Provision": NaN,
        "Pretax Income": NaN,
        "Other Income Expense": NaN,
        "Other Non Operating Income Expenses": NaN,
        "Special Income Charges": NaN,
        "Other Special Charges": NaN,
        "Write Off": NaN,
        "Restructuring And Mergern Acquisition": NaN,
        "Gain On Sale Of Security": NaN,
        "Net Non Operating Interest Income Expense": NaN,
        "Interest Expense Non Operating": NaN,
        "Interest Income Non Operating": 1000000.0,
        "Operating Income": NaN,
        "Operating Expense": NaN,
        "Selling General And Administration": NaN,
        "Gross Profit": NaN,
        "Cost Of Revenue": NaN,
        "Total Revenue": NaN,
        "Operating Revenue": NaN
    },
    "2022-03-31": {
        "Diluted EPS": 0.32,
        "Total Revenue": NaN,
        "Gross Profit": 335,
        "Operating Income": 37,
        "EBIT": 113,
        "Net Income": 37
    },
    "2021-12-31": {
        "Diluted EPS": 0.48,
        "Total Revenue": NaN,
        "Gross Profit": 350,
        "Operating Income": 63,
        "EBIT": 139,
        "Net Income": 56
    },
    "2021-09-30": {
        "Diluted EPS": 0.62,
        "Total Revenue": NaN,
        "Gross Profit": 323,
        "Operating Income": 36,
        "EBIT": 121,
        "Net Income": 72
    },
    "2021-06-30": {
        "Diluted EPS": 0.1,
        "Total Revenue": NaN,
        "Gross Profit": 328,
        "Operating Income": 22,
        "EBIT": 117,
        "Net Income": 11
    },
    "2021-03-31": {
        "Diluted EPS": 0.12,
        "Total Revenue": NaN,
        "Gross Profit": 302,
        "Operating Income": 30,
        "EBIT": 109,
        "Net Income": 14
    },
    "2020-12-31": {
        "Diluted EPS": 0.0,
        "Total Revenue": NaN,
        "Gross Profit": NaN,
        "Operating Income": NaN,
        "EBIT": NaN,
        "Net Income": NaN
    },
    "2020-09-30": {
        "Diluted EPS": 0.16,
        "Total Revenue": NaN,
        "Gross Profit": 287,
        "Operating Income": 49,
        "EBIT": 132,
        "Net Income": 18
    },
    "2020-06-30": {
        "Diluted EPS": -0.57,
        "Total Revenue": NaN,
        "Gross Profit": 220,
        "Operating Income": -85,
        "EBIT": -85,
        "Net Income": -65
    },
    "2019-12-31": {
        "Diluted EPS": 0.0,
        "Total Revenue": NaN,
        "Gross Profit": NaN,
        "Operating Income": NaN,
        "EBIT": NaN,
        "Net Income": NaN
    },
    "2023-09-30": {
        "Tax Effect Of Unusual Items": 716000.0,
        "Tax Rate For Calcs": 0.179,
        "Normalized EBITDA": 205000000.0,
        "Total Unusual Items": 4000000.0,
        "Total Unusual Items Excluding Goodwill": 4000000.0,
        "Net Income From Continuing Operation Net Minority Interest": 66000000.0,
        "Reconciled Depreciation": 101000000.0,
        "Reconciled Cost Of Revenue": 2113000000.0,
        "EBITDA": 209000000.0,
        "EBIT": 108000000.0,
        "Net Interest Income": -23000000.0,
        "Interest Expense": 25000000.0,
        "Interest Income": 2000000.0,
        "Normalized Income": 62716000.0,
        "Net Income From Continuing And Discontinued Operation": 66000000.0,
        "Total Expenses": 2371000000.0,
        "Total Operating Income As Reported": 90000000.0,
        "Diluted Average Shares": 119645000.0,
        "Basic Average Shares": 118941000.0,
        "Diluted EPS": 0.55,
        "Basic EPS": 0.55,
        "Diluted NI Availto Com Stockholders": 66000000.0,
        "Net Income Common Stockholders": 66000000.0,
        "Net Income": 66000000.0,
        "Minority Interests": -2000000.0,
        "Net Income Including Noncontrolling Interests": 68000000.0,
        "Net Income Continuous Operations": 68000000.0,
        "Tax Provision": 15000000.0,
        "Pretax Income": 83000000.0,
        "Other Income Expense": 6000000.0,
        "Other Non Operating Income Expenses": 2000000.0,
        "Special Income Charges": -10000000.0,
        "Other Special Charges": NaN,
        "Write Off": NaN,
        "Restructuring And Mergern Acquisition": 10000000.0,
        "Gain On Sale Of Security": 14000000.0,
        "Net Non Operating Interest Income Expense": -23000000.0,
        "Interest Expense Non Operating": 25000000.0,
        "Interest Income Non Operating": 2000000.0,
        "Operating Income": 100000000.0,
        "Operating Expense": 258000000.0,
        "Selling General And Administration": 258000000.0,
        "Gross Profit": 358000000.0,
        "Cost Of Revenue": 2113000000.0,
        "Total Revenue": 2471000000.0,
        "Operating Revenue": 2267000000.0
    },
    "2023-12-31": {
        "Tax Effect Of Unusual Items": -5040000.0,
        "Tax Rate For Calcs": 0.21,
        "Normalized EBITDA": 197000000.0,
        "Total Unusual Items": -24000000.0,
        "Total Unusual Items Excluding Goodwill": -24000000.0,
        "Net Income From Continuing Operation Net Minority Interest": 73000000.0,
        "Reconciled Depreciation": 93000000.0,
        "Reconciled Cost Of Revenue": 2253000000.0,
        "EBITDA": 173000000.0,
        "EBIT": 80000000.0,
        "Net Interest Income": -12000000.0,
        "Interest Expense": 12000000.0,
        "Interest Income": NaN,
        "Normalized Income": 91960000.0,
        "Net Income From Continuing And Discontinued Operation": 73000000.0,
        "Total Expenses": 2490000000.0,
        "Total Operating Income As Reported": 87000000.0,
        "Diluted Average Shares": 119671000.0,
        "Basic Average Shares": 118983000.0,
        "Diluted EPS": 0.61,
        "Basic EPS": 0.61,
        "Diluted NI Availto Com Stockholders": 73000000.0,
        "Net Income Common Stockholders": 73000000.0,
        "Net Income": 73000000.0,
        "Minority Interests": 0.0,
        "Net Income Including Noncontrolling Interests": 73000000.0,
        "Net Income Continuous Operations": 73000000.0,
        "Tax Provision": -5000000.0,
        "Pretax Income": 68000000.0,
        "Other Income Expense": -20000000.0,
        "Other Non Operating Income Expenses": 4000000.0,
        "Special Income Charges": -13000000.0,
        "Other Special Charges": NaN,
        "Write Off": NaN,
        "Restructuring And Mergern Acquisition": 20000000.0,
        "Gain On Sale Of Security": -11000000.0,
        "Net Non Operating Interest Income Expense": -12000000.0,
        "Interest Expense Non Operating": 12000000.0,
        "Interest Income Non Operating": NaN,
        "Operating Income": 100000000.0,
        "Operating Expense": 237000000.0,
        "Selling General And Administration": 237000000.0,
        "Gross Profit": 337000000.0,
        "Cost Of Revenue": 2253000000.0,
        "Total Revenue": 2590000000.0,
        "Operating Revenue": 3160000000.0
    },
    "2024-03-31": {
        "Tax Effect Of Unusual Items": -18357000.0,
        "Tax Rate For Calcs": 0.211,
        "Normalized EBITDA": 157000000.0,
        "Total Unusual Items": -87000000.0,
        "Total Unusual Items Excluding Goodwill": -87000000.0,
        "Net Income From Continuing Operation Net Minority Interest": -37000000.0,
        "Reconciled Depreciation": 92000000.0,
        "Reconciled Cost Of Revenue": 2148000000.0,
        "EBITDA": 70000000.0,
        "EBIT": -22000000.0,
        "Net Interest Income": -21000000.0,
        "Interest Expense": 24000000.0,
        "Interest Income": 3000000.0,
        "Normalized Income": 31643000.0,
        "Net Income From Continuing And Discontinued Operation": -37000000.0,
        "Total Expenses": 2397000000.0,
        "Total Operating Income As Reported": -39000000.0,
        "Diluted Average Shares": 119273000.0,
        "Basic Average Shares": 119273000.0,
        "Diluted EPS": -0.31,
        "Basic EPS": -0.31,
        "Diluted NI Availto Com Stockholders": -37000000.0,
        "Net Income Common Stockholders": -37000000.0,
        "Net Income": -37000000.0,
        "Minority Interests": -1000000.0,
        "Net Income Including Noncontrolling Interests": -36000000.0,
        "Net Income Continuous Operations": -36000000.0,
        "Tax Provision": -10000000.0,
        "Pretax Income": -46000000.0,
        "Other Income Expense": -84000000.0,
        "Other Non Operating Income Expenses": 3000000.0,
        "Special Income Charges": -98000000.0,
        "Other Special Charges": 63000000.0,
        "Write Off": NaN,
        "Restructuring And Mergern Acquisition": 35000000.0,
        "Gain On Sale Of Security": 11000000.0,
        "Net Non Operating Interest Income Expense": -21000000.0,
        "Interest Expense Non Operating": 24000000.0,
        "Interest Income Non Operating": 3000000.0,
        "Operating Income": 59000000.0,
        "Operating Expense": 249000000.0,
        "Selling General And Administration": 249000000.0,
        "Gross Profit": 308000000.0,
        "Cost Of Revenue": 2148000000.0,
        "Total Revenue": 2456000000.0,
        "Operating Revenue": 2281000000.0
    },
    "2024-06-30": {
        "Tax Effect Of Unusual Items": -1524000.0,
        "Tax Rate For Calcs": 0.254,
        "Normalized EBITDA": 192000000.0,
        "Total Unusual Items": -6000000.0,
        "Total Unusual Items Excluding Goodwill": -6000000.0,
        "Net Income From Continuing Operation Net Minority Interest": 38000000.0,
        "Reconciled Depreciation": 99000000.0,
        "Reconciled Cost Of Revenue": 2488000000.0,
        "EBITDA": 186000000.0,
        "EBIT": 87000000.0,
        "Net Interest Income": -34000000.0,
        "Interest Expense": 34000000.0,
        "Interest Income": 0.0,
        "Normalized Income": 42476000.0,
        "Net Income From Continuing And Discontinued Operation": 38000000.0,
        "Total Expenses": 2758000000.0,
        "Total Operating Income As Reported": 75000000.0,
        "Diluted Average Shares": 119683000.0,
        "Basic Average Shares": 119427000.0,
        "Diluted EPS": 0.32,
        "Basic EPS": 0.32,
        "Diluted NI Availto Com Stockholders": 38000000.0,
        "Net Income Common Stockholders": 38000000.0,
        "Net Income": 38000000.0,
        "Minority Interests": -1000000.0,
        "Net Income Including Noncontrolling Interests": 39000000.0,
        "Net Income Continuous Operations": 39000000.0,
        "Tax Provision": 14000000.0,
        "Pretax Income": 53000000.0,
        "Other Income Expense": -1000000.0,
        "Other Non Operating Income Expenses": 5000000.0,
        "Special Income Charges": -13000000.0,
        "Other Special Charges": -3000000.0,
        "Write Off": NaN,
        "Restructuring And Mergern Acquisition": 16000000.0,
        "Gain On Sale Of Security": 7000000.0,
        "Net Non Operating Interest Income Expense": -34000000.0,
        "Interest Expense Non Operating": 34000000.0,
        "Interest Income Non Operating": 0.0,
        "Operating Income": 88000000.0,
        "Operating Expense": 270000000.0,
        "Selling General And Administration": 270000000.0,
        "Gross Profit": 358000000.0,
        "Cost Of Revenue": 2488000000.0,
        "Total Revenue": 2846000000.0,
        "Operating Revenue": 2626000000.0
    },
    "2024-09-30": {
        "Tax Effect Of Unusual Items": -4950000.0,
        "Tax Rate For Calcs": 0.165,
        "Normalized EBITDA": 228000000.0,
        "Total Unusual Items": -30000000.0,
        "Total Unusual Items Excluding Goodwill": -30000000.0,
        "Net Income From Continuing Operation Net Minority Interest": 33000000.0,
        "Reconciled Depreciation": 111000000.0,
        "Reconciled Cost Of Revenue": 2782000000.0,
        "EBITDA": 198000000.0,
        "EBIT": 87000000.0,
        "Net Interest Income": -43000000.0,
        "Interest Expense": 45000000.0,
        "Interest Income": 2000000.0,
        "Normalized Income": 58050000.0,
        "Net Income From Continuing And Discontinued Operation": 33000000.0,
        "Total Expenses": 3047000000.0,
        "Total Operating Income As Reported": 81000000.0,
        "Diluted Average Shares": 119793000.0,
        "Basic Average Shares": 119461000.0,
        "Diluted EPS": 0.28,
        "Basic EPS": 0.28,
        "Diluted NI Availto Com Stockholders": 33000000.0,
        "Net Income Common Stockholders": 33000000.0,
        "Net Income": 33000000.0,
        "Minority Interests": -2000000.0,
        "Net Income Including Noncontrolling Interests": 35000000.0,
        "Net Income Continuous Operations": 35000000.0,
        "Tax Provision": 7000000.0,
        "Pretax Income": 42000000.0,
        "Other Income Expense": -25000000.0,
        "Other Non Operating Income Expenses": 5000000.0,
        "Special Income Charges": -29000000.0,
        "Other Special Charges": -1000000.0,
        "Write Off": NaN,
        "Restructuring And Mergern Acquisition": 30000000.0,
        "Gain On Sale Of Security": -1000000.0,
        "Net Non Operating Interest Income Expense": -43000000.0,
        "Interest Expense Non Operating": 45000000.0,
        "Interest Income Non Operating": 2000000.0,
        "Operating Income": 110000000.0,
        "Operating Expense": 265000000.0,
        "Selling General And Administration": 265000000.0,
        "Gross Profit": 375000000.0,
        "Cost Of Revenue": 2782000000.0,
        "Total Revenue": 3157000000.0,
        "Operating Revenue": 2902000000.0
    }
}