{
    "2023-03-31": {
        "Tax Effect Of Unusual Items": NaN,
        "Tax Rate For Calcs": NaN,
        "Normalized EBITDA": NaN,
        "Total Unusual Items": NaN,
        "Total Unusual Items Excluding Goodwill": NaN,
        "Net Income From Continuing Operation Net Minority Interest": NaN,
        "Reconciled Depreciation": NaN,
        "Reconciled Cost Of Revenue": NaN,
        "EBITDA": NaN,
        "EBIT": NaN,
        "Net Interest Income": NaN,
        "Interest Expense": NaN,
        "Interest Income": NaN,
        "Normalized Income": NaN,
        "Net Income From Continuing And Discontinued Operation": NaN,
        "Total Expenses": NaN,
        "Diluted Average Shares": NaN,
        "Basic Average Shares": NaN,
        "Diluted EPS": NaN,
        "Basic EPS": NaN,
        "Diluted NI Availto Com Stockholders": NaN,
        "Net Income Common Stockholders": NaN,
        "Net Income": NaN,
        "Minority Interests": NaN,
        "Net Income Including Noncontrolling Interests": NaN,
        "Net Income Continuous Operations": NaN,
        "Tax Provision": NaN,
        "Pretax Income": NaN,
        "Other Income Expense": NaN,
        "Other Non Operating Income Expenses": NaN,
        "Special Income Charges": NaN,
        "Other Special Charges": NaN,
        "Impairment Of Capital Assets": NaN,
        "Restructuring And Mergern Acquisition": NaN,
        "Earnings From Equity Interest": NaN,
        "Gain On Sale Of Security": NaN,
        "Net Non Operating Interest Income Expense": NaN,
        "Interest Expense Non Operating": NaN,
        "Interest Income Non Operating": NaN,
        "Operating Income": NaN,
        "Operating Expense": NaN,
        "Provision For Doubtful Accounts": NaN,
        "Depreciation Amortization Depletion Income Statement": NaN,
        "Depreciation And Amortization In Income Statement": NaN,
        "Selling General And Administration": NaN,
        "General And Administrative Expense": 157000000.0,
        "Other Gand A": 157000000.0,
        "Gross Profit": NaN,
        "Cost Of Revenue": NaN,
        "Total Revenue": NaN,
        "Operating Revenue": NaN
    },
    "2022-12-31": {
        "Tax Effect Of Unusual Items": NaN,
        "Tax Rate For Calcs": NaN,
        "Normalized EBITDA": NaN,
        "Total Unusual Items": NaN,
        "Total Unusual Items Excluding Goodwill": NaN,
        "Net Income From Continuing Operation Net Minority Interest": NaN,
        "Reconciled Depreciation": NaN,
        "Reconciled Cost Of Revenue": NaN,
        "EBITDA": NaN,
        "EBIT": NaN,
        "Net Interest Income": NaN,
        "Interest Expense": NaN,
        "Interest Income": NaN,
        "Normalized Income": NaN,
        "Net Income From Continuing And Discontinued Operation": NaN,
        "Total Expenses": NaN,
        "Diluted Average Shares": NaN,
        "Basic Average Shares": NaN,
        "Diluted EPS": NaN,
        "Basic EPS": NaN,
        "Diluted NI Availto Com Stockholders": NaN,
        "Net Income Common Stockholders": NaN,
        "Net Income": NaN,
        "Minority Interests": NaN,
        "Net Income Including Noncontrolling Interests": NaN,
        "Net Income Continuous Operations": NaN,
        "Tax Provision": NaN,
        "Pretax Income": NaN,
        "Other Income Expense": NaN,
        "Other Non Operating Income Expenses": NaN,
        "Special Income Charges": NaN,
        "Other Special Charges": NaN,
        "Write Off": 1000000.0,
        "Impairment Of Capital Assets": NaN,
        "Restructuring And Mergern Acquisition": NaN,
        "Earnings From Equity Interest": NaN,
        "Gain On Sale Of Security": NaN,
        "Net Non Operating Interest Income Expense": NaN,
        "Interest Expense Non Operating": NaN,
        "Interest Income Non Operating": NaN,
        "Operating Income": NaN,
        "Operating Expense": NaN,
        "Provision For Doubtful Accounts": NaN,
        "Depreciation Amortization Depletion Income Statement": NaN,
        "Depreciation And Amortization In Income Statement": NaN,
        "Selling General And Administration": NaN,
        "General And Administrative Expense": NaN,
        "Other Gand A": NaN,
        "Gross Profit": NaN,
        "Cost Of Revenue": NaN,
        "Total Revenue": NaN,
        "Operating Revenue": NaN
    },
    "2022-09-30": {
        "Tax Effect Of Unusual Items": NaN,
        "Tax Rate For Calcs": NaN,
        "Normalized EBITDA": NaN,
        "Total Unusual Items": NaN,
        "Total Unusual Items Excluding Goodwill": NaN,
        "Net Income From Continuing Operation Net Minority Interest": NaN,
        "Reconciled Depreciation": NaN,
        "Reconciled Cost Of Revenue": NaN,
        "EBITDA": NaN,
        "EBIT": NaN,
        "Net Interest Income": NaN,
        "Interest Expense": NaN,
        "Interest Income": NaN,
        "Normalized Income": NaN,
        "Net Income From Continuing And Discontinued Operation": NaN,
        "Total Expenses": NaN,
        "Diluted Average Shares": NaN,
        "Basic Average Shares": NaN,
        "Diluted EPS": NaN,
        "Basic EPS": NaN,
        "Diluted NI Availto Com Stockholders": NaN,
        "Net Income Common Stockholders": NaN,
        "Net Income": NaN,
        "Minority Interests": NaN,
        "Net Income Including Noncontrolling Interests": NaN,
        "Net Income Continuous Operations": NaN,
        "Tax Provision": NaN,
        "Pretax Income": NaN,
        "Other Income Expense": NaN,
        "Other Non Operating Income Expenses": NaN,
        "Special Income Charges": NaN,
        "Other Special Charges": NaN,
        "Write Off": -12000000.0,
        "Impairment Of Capital Assets": NaN,
        "Restructuring And Mergern Acquisition": NaN,
        "Earnings From Equity Interest": NaN,
        "Gain On Sale Of Security": NaN,
        "Net Non Operating Interest Income Expense": NaN,
        "Interest Expense Non Operating": NaN,
        "Interest Income Non Operating": NaN,
        "Operating Income": NaN,
        "Operating Expense": NaN,
        "Provision For Doubtful Accounts": -12000000.0,
        "Depreciation Amortization Depletion Income Statement": NaN,
        "Depreciation And Amortization In Income Statement": NaN,
        "Selling General And Administration": NaN,
        "General And Administrative Expense": NaN,
        "Other Gand A": NaN,
        "Gross Profit": NaN,
        "Cost Of Revenue": NaN,
        "Total Revenue": NaN,
        "Operating Revenue": NaN
    },
    "2022-06-30": {
        "Tax Effect Of Unusual Items": 52909000.0,
        "Tax Rate For Calcs": 0.337,
        "Normalized EBITDA": 306000000.0,
        "Total Unusual Items": 157000000.0,
        "Total Unusual Items Excluding Goodwill": 157000000.0,
        "Net Income From Continuing Operation Net Minority Interest": 206000000.0,
        "Reconciled Depreciation": 113000000.0,
        "Reconciled Cost Of Revenue": 1124000000.0,
        "EBITDA": 463000000.0,
        "EBIT": 350000000.0,
        "Net Interest Income": -29000000.0,
        "Interest Expense": 38000000.0,
        "Interest Income": 9000000.0,
        "Normalized Income": 101909000.0,
        "Net Income From Continuing And Discontinued Operation": 206000000.0,
        "Total Expenses": 1307000000.0,
        "Diluted Average Shares": 111926862.0,
        "Basic Average Shares": 109953302.0,
        "Diluted EPS": 1.85,
        "Basic EPS": 1.88,
        "Diluted NI Availto Com Stockholders": 206000000.0,
        "Net Income Common Stockholders": 206000000.0,
        "Net Income": 206000000.0,
        "Minority Interests": 0.0,
        "Net Income Including Noncontrolling Interests": 206000000.0,
        "Net Income Continuous Operations": 206000000.0,
        "Tax Provision": 106000000.0,
        "Pretax Income": 312000000.0,
        "Other Income Expense": 165000000.0,
        "Other Non Operating Income Expenses": 7000000.0,
        "Special Income Charges": -11000000.0,
        "Other Special Charges": 4000000.0,
        "Write Off": NaN,
        "Impairment Of Capital Assets": 7000000.0,
        "Restructuring And Mergern Acquisition": NaN,
        "Earnings From Equity Interest": 1000000.0,
        "Gain On Sale Of Security": 168000000.0,
        "Net Non Operating Interest Income Expense": -29000000.0,
        "Interest Expense Non Operating": 38000000.0,
        "Interest Income Non Operating": 9000000.0,
        "Operating Income": 176000000.0,
        "Operating Expense": 175000000.0,
        "Provision For Doubtful Accounts": -6000000.0,
        "Depreciation Amortization Depletion Income Statement": 105000000.0,
        "Depreciation And Amortization In Income Statement": 105000000.0,
        "Selling General And Administration": 76000000.0,
        "Gross Profit": 351000000.0,
        "Cost Of Revenue": 1132000000.0,
        "Total Revenue": 1483000000.0,
        "Operating Revenue": 791000000.0
    },
    "2023-06-30": {
        "Tax Effect Of Unusual Items": -2790000.0,
        "Tax Rate For Calcs": 0.279,
        "Normalized EBITDA": 245000000.0,
        "Total Unusual Items": -10000000.0,
        "Total Unusual Items Excluding Goodwill": -10000000.0,
        "Net Income From Continuing Operation Net Minority Interest": 68000000.0,
        "Reconciled Depreciation": 109000000.0,
        "Reconciled Cost Of Revenue": 1349000000.0,
        "EBITDA": 235000000.0,
        "EBIT": 126000000.0,
        "Net Interest Income": -16000000.0,
        "Interest Expense": 31000000.0,
        "Interest Income": 15000000.0,
        "Normalized Income": 75210000.0,
        "Net Income From Continuing And Discontinued Operation": 68000000.0,
        "Total Expenses": 1592000000.0,
        "Diluted Average Shares": 107980373.0,
        "Basic Average Shares": 105533506.0,
        "Diluted EPS": 0.63,
        "Basic EPS": 0.64,
        "Diluted NI Availto Com Stockholders": 68000000.0,
        "Net Income Common Stockholders": 68000000.0,
        "Net Income": 68000000.0,
        "Minority Interests": 0.0,
        "Net Income Including Noncontrolling Interests": 68000000.0,
        "Net Income Continuous Operations": 68000000.0,
        "Tax Provision": 27000000.0,
        "Pretax Income": 95000000.0,
        "Other Income Expense": -2000000.0,
        "Other Non Operating Income Expenses": 9000000.0,
        "Special Income Charges": -9000000.0,
        "Other Special Charges": -5000000.0,
        "Impairment Of Capital Assets": 5000000.0,
        "Restructuring And Mergern Acquisition": 9000000.0,
        "Earnings From Equity Interest": -1000000.0,
        "Gain On Sale Of Security": -1000000.0,
        "Net Non Operating Interest Income Expense": -16000000.0,
        "Interest Expense Non Operating": 31000000.0,
        "Interest Income Non Operating": 15000000.0,
        "Operating Income": 113000000.0,
        "Operating Expense": 233000000.0,
        "Provision For Doubtful Accounts": 0.0,
        "Depreciation Amortization Depletion Income Statement": 99000000.0,
        "Depreciation And Amortization In Income Statement": 99000000.0,
        "Selling General And Administration": 134000000.0,
        "General And Administrative Expense": 134000000.0,
        "Other Gand A": 134000000.0,
        "Gross Profit": 346000000.0,
        "Cost Of Revenue": 1359000000.0,
        "Total Revenue": 1705000000.0,
        "Operating Revenue": 862000000.0
    },
    "2023-09-30": {
        "Tax Effect Of Unusual Items": -5010000.0,
        "Tax Rate For Calcs": 0.334,
        "Normalized EBITDA": 266000000.0,
        "Total Unusual Items": -15000000.0,
        "Total Unusual Items Excluding Goodwill": -15000000.0,
        "Net Income From Continuing Operation Net Minority Interest": 68000000.0,
        "Reconciled Depreciation": 109000000.0,
        "Reconciled Cost Of Revenue": 1274000000.0,
        "EBITDA": 251000000.0,
        "EBIT": 142000000.0,
        "Net Interest Income": -17000000.0,
        "Interest Expense": 41000000.0,
        "Interest Income": 24000000.0,
        "Normalized Income": 77990000.0,
        "Net Income From Continuing And Discontinued Operation": 68000000.0,
        "Total Expenses": 1497000000.0,
        "Diluted Average Shares": 106859757.0,
        "Basic Average Shares": 104335826.0,
        "Diluted EPS": 0.63,
        "Basic EPS": 0.65,
        "Diluted NI Availto Com Stockholders": 68000000.0,
        "Net Income Common Stockholders": 68000000.0,
        "Net Income": 68000000.0,
        "Minority Interests": 0.0,
        "Net Income Including Noncontrolling Interests": 68000000.0,
        "Net Income Continuous Operations": 68000000.0,
        "Tax Provision": 33000000.0,
        "Pretax Income": 101000000.0,
        "Other Income Expense": -7000000.0,
        "Other Non Operating Income Expenses": 1000000.0,
        "Special Income Charges": -2000000.0,
        "Other Special Charges": -6000000.0,
        "Impairment Of Capital Assets": 6000000.0,
        "Restructuring And Mergern Acquisition": 2000000.0,
        "Earnings From Equity Interest": 7000000.0,
        "Gain On Sale Of Security": -13000000.0,
        "Net Non Operating Interest Income Expense": -17000000.0,
        "Interest Expense Non Operating": 41000000.0,
        "Interest Income Non Operating": 24000000.0,
        "Operating Income": 125000000.0,
        "Operating Expense": 214000000.0,
        "Provision For Doubtful Accounts": -17000000.0,
        "Depreciation Amortization Depletion Income Statement": 100000000.0,
        "Depreciation And Amortization In Income Statement": 100000000.0,
        "Selling General And Administration": 131000000.0,
        "General And Administrative Expense": NaN,
        "Other Gand A": NaN,
        "Gross Profit": 339000000.0,
        "Cost Of Revenue": 1283000000.0,
        "Total Revenue": 1622000000.0,
        "Operating Revenue": 801000000.0
    },
    "2023-12-31": {
        "Tax Effect Of Unusual Items": 5250000.0,
        "Tax Rate For Calcs": 0.21,
        "Normalized EBITDA": 138000000.0,
        "Total Unusual Items": 25000000.0,
        "Total Unusual Items Excluding Goodwill": 25000000.0,
        "Net Income From Continuing Operation Net Minority Interest": 26000000.0,
        "Reconciled Depreciation": 114000000.0,
        "Reconciled Cost Of Revenue": 1351000000.0,
        "EBITDA": 163000000.0,
        "EBIT": 49000000.0,
        "Net Interest Income": -22000000.0,
        "Interest Expense": 40000000.0,
        "Interest Income": 18000000.0,
        "Normalized Income": 6250000.0,
        "Net Income From Continuing And Discontinued Operation": 26000000.0,
        "Total Expenses": 1646000000.0,
        "Diluted Average Shares": 106100000.0,
        "Basic Average Shares": 103200000.0,
        "Diluted EPS": 0.25,
        "Basic EPS": 0.26,
        "Diluted NI Availto Com Stockholders": 26000000.0,
        "Net Income Common Stockholders": 26000000.0,
        "Net Income": 26000000.0,
        "Minority Interests": 0.0,
        "Net Income Including Noncontrolling Interests": 26000000.0,
        "Net Income Continuous Operations": 26000000.0,
        "Tax Provision": -17000000.0,
        "Pretax Income": 9000000.0,
        "Other Income Expense": 17000000.0,
        "Other Non Operating Income Expenses": -3000000.0,
        "Special Income Charges": -28000000.0,
        "Other Special Charges": -6000000.0,
        "Impairment Of Capital Assets": 17000000.0,
        "Restructuring And Mergern Acquisition": 17000000.0,
        "Earnings From Equity Interest": -5000000.0,
        "Gain On Sale Of Security": 53000000.0,
        "Net Non Operating Interest Income Expense": -22000000.0,
        "Interest Expense Non Operating": 40000000.0,
        "Interest Income Non Operating": 18000000.0,
        "Operating Income": 14000000.0,
        "Operating Expense": 281000000.0,
        "Provision For Doubtful Accounts": 0.0,
        "Depreciation Amortization Depletion Income Statement": 100000000.0,
        "Depreciation And Amortization In Income Statement": 100000000.0,
        "Selling General And Administration": 181000000.0,
        "General And Administrative Expense": NaN,
        "Other Gand A": NaN,
        "Gross Profit": 295000000.0,
        "Cost Of Revenue": 1365000000.0,
        "Total Revenue": 1660000000.0,
        "Operating Revenue": 820000000.0
    },
    "2024-03-31": {
        "Tax Effect Of Unusual Items": 13736000.0,
        "Tax Rate For Calcs": 0.034,
        "Normalized EBITDA": 277000000.0,
        "Total Unusual Items": 404000000.0,
        "Total Unusual Items Excluding Goodwill": 404000000.0,
        "Net Income From Continuing Operation Net Minority Interest": 522000000.0,
        "Reconciled Depreciation": 102000000.0,
        "Reconciled Cost Of Revenue": 1395000000.0,
        "EBITDA": 681000000.0,
        "EBIT": 579000000.0,
        "Net Interest Income": 8000000.0,
        "Interest Expense": 38000000.0,
        "Interest Income": 46000000.0,
        "Normalized Income": 131736000.0,
        "Net Income From Continuing And Discontinued Operation": 522000000.0,
        "Total Expenses": 1669000000.0,
        "Diluted Average Shares": 105903591.0,
        "Basic Average Shares": 102777418.0,
        "Diluted EPS": 4.93,
        "Basic EPS": 5.08,
        "Diluted NI Availto Com Stockholders": 522000000.0,
        "Net Income Common Stockholders": 522000000.0,
        "Net Income": 522000000.0,
        "Minority Interests": 0.0,
        "Net Income Including Noncontrolling Interests": 522000000.0,
        "Net Income Continuous Operations": 522000000.0,
        "Tax Provision": 19000000.0,
        "Pretax Income": 541000000.0,
        "Other Income Expense": 488000000.0,
        "Other Non Operating Income Expenses": 9000000.0,
        "Special Income Charges": -12000000.0,
        "Other Special Charges": -6000000.0,
        "Impairment Of Capital Assets": 17000000.0,
        "Restructuring And Mergern Acquisition": 1000000.0,
        "Earnings From Equity Interest": 75000000.0,
        "Gain On Sale Of Security": 416000000.0,
        "Net Non Operating Interest Income Expense": 8000000.0,
        "Interest Expense Non Operating": 38000000.0,
        "Interest Income Non Operating": 46000000.0,
        "Operating Income": 45000000.0,
        "Operating Expense": 264000000.0,
        "Provision For Doubtful Accounts": NaN,
        "Depreciation Amortization Depletion Income Statement": 92000000.0,
        "Depreciation And Amortization In Income Statement": 92000000.0,
        "Selling General And Administration": 172000000.0,
        "General And Administrative Expense": 172000000.0,
        "Other Gand A": 172000000.0,
        "Gross Profit": 309000000.0,
        "Cost Of Revenue": 1405000000.0,
        "Total Revenue": 1714000000.0,
        "Operating Revenue": 890000000.0
    },
    "2024-06-30": {
        "Tax Effect Of Unusual Items": 76608000.0,
        "Tax Rate For Calcs": 0.224,
        "Normalized EBITDA": 253000000.0,
        "Total Unusual Items": 342000000.0,
        "Total Unusual Items Excluding Goodwill": 342000000.0,
        "Net Income From Continuing Operation Net Minority Interest": 359000000.0,
        "Reconciled Depreciation": 93000000.0,
        "Reconciled Cost Of Revenue": 1333000000.0,
        "EBITDA": 595000000.0,
        "EBIT": 502000000.0,
        "Net Interest Income": -16000000.0,
        "Interest Expense": 40000000.0,
        "Interest Income": 24000000.0,
        "Normalized Income": 93608000.0,
        "Net Income From Continuing And Discontinued Operation": 359000000.0,
        "Total Expenses": 1543000000.0,
        "Diluted Average Shares": 103699913.0,
        "Basic Average Shares": 101112028.0,
        "Diluted EPS": 3.46,
        "Basic EPS": 3.55,
        "Diluted NI Availto Com Stockholders": 359000000.0,
        "Net Income Common Stockholders": 359000000.0,
        "Net Income": 359000000.0,
        "Minority Interests": 0.0,
        "Net Income Including Noncontrolling Interests": 359000000.0,
        "Net Income Continuous Operations": 359000000.0,
        "Tax Provision": 103000000.0,
        "Pretax Income": 462000000.0,
        "Other Income Expense": 318000000.0,
        "Other Non Operating Income Expenses": 6000000.0,
        "Special Income Charges": 3000000.0,
        "Other Special Charges": -6000000.0,
        "Impairment Of Capital Assets": 0.0,
        "Restructuring And Mergern Acquisition": 3000000.0,
        "Earnings From Equity Interest": -30000000.0,
        "Gain On Sale Of Security": 339000000.0,
        "Net Non Operating Interest Income Expense": -16000000.0,
        "Interest Expense Non Operating": 40000000.0,
        "Interest Income Non Operating": 24000000.0,
        "Operating Income": 160000000.0,
        "Operating Expense": 201000000.0,
        "Provision For Doubtful Accounts": NaN,
        "Depreciation Amortization Depletion Income Statement": 84000000.0,
        "Depreciation And Amortization In Income Statement": 84000000.0,
        "Selling General And Administration": 117000000.0,
        "General And Administrative Expense": 117000000.0,
        "Other Gand A": 117000000.0,
        "Gross Profit": 361000000.0,
        "Cost Of Revenue": 1342000000.0,
        "Total Revenue": 1703000000.0,
        "Operating Revenue": 867000000.0
    }
}