{
    "2023-06-30": {
        "Tax Effect Of Unusual Items": NaN,
        "Tax Rate For Calcs": NaN,
        "Normalized EBITDA": NaN,
        "Total Unusual Items": -104000000.0,
        "Total Unusual Items Excluding Goodwill": -104000000.0,
        "Net Income From Continuing Operation Net Minority Interest": NaN,
        "Reconciled Depreciation": NaN,
        "Reconciled Cost Of Revenue": NaN,
        "EBITDA": NaN,
        "EBIT": NaN,
        "Net Interest Income": NaN,
        "Interest Expense": NaN,
        "Interest Income": 18000000.0,
        "Normalized Income": NaN,
        "Net Income From Continuing And Discontinued Operation": NaN,
        "Total Expenses": NaN,
        "Total Operating Income As Reported": NaN,
        "Diluted Average Shares": NaN,
        "Basic Average Shares": NaN,
        "Diluted EPS": NaN,
        "Basic EPS": NaN,
        "Diluted NI Availto Com Stockholders": NaN,
        "Net Income Common Stockholders": NaN,
        "Net Income": NaN,
        "Minority Interests": NaN,
        "Net Income Including Noncontrolling Interests": NaN,
        "Net Income Continuous Operations": NaN,
        "Tax Provision": NaN,
        "Pretax Income": NaN,
        "Other Income Expense": NaN,
        "Other Non Operating Income Expenses": NaN,
        "Special Income Charges": 0.0,
        "Write Off": 0.0,
        "Restructuring And Mergern Acquisition": NaN,
        "Gain On Sale Of Security": -104000000.0,
        "Net Non Operating Interest Income Expense": NaN,
        "Interest Expense Non Operating": NaN,
        "Interest Income Non Operating": 18000000.0,
        "Operating Income": NaN,
        "Operating Expense": NaN,
        "Other Operating Expenses": NaN,
        "Selling General And Administration": NaN,
        "General And Administrative Expense": NaN,
        "Other Gand A": NaN,
        "Gross Profit": NaN,
        "Cost Of Revenue": NaN,
        "Total Revenue": NaN,
        "Operating Revenue": NaN
    },
    "2023-03-31": {
        "Tax Effect Of Unusual Items": NaN,
        "Tax Rate For Calcs": NaN,
        "Normalized EBITDA": NaN,
        "Total Unusual Items": 0.0,
        "Total Unusual Items Excluding Goodwill": 0.0,
        "Net Income From Continuing Operation Net Minority Interest": NaN,
        "Reconciled Depreciation": NaN,
        "Reconciled Cost Of Revenue": NaN,
        "EBITDA": NaN,
        "EBIT": NaN,
        "Net Interest Income": NaN,
        "Interest Expense": NaN,
        "Interest Income": NaN,
        "Normalized Income": NaN,
        "Net Income From Continuing And Discontinued Operation": NaN,
        "Total Expenses": NaN,
        "Total Operating Income As Reported": NaN,
        "Diluted Average Shares": NaN,
        "Basic Average Shares": NaN,
        "Diluted EPS": NaN,
        "Basic EPS": NaN,
        "Diluted NI Availto Com Stockholders": NaN,
        "Net Income Common Stockholders": NaN,
        "Net Income": NaN,
        "Minority Interests": NaN,
        "Net Income Including Noncontrolling Interests": NaN,
        "Net Income Continuous Operations": NaN,
        "Tax Provision": NaN,
        "Pretax Income": NaN,
        "Other Income Expense": NaN,
        "Other Non Operating Income Expenses": NaN,
        "Special Income Charges": 0.0,
        "Write Off": 0.0,
        "Restructuring And Mergern Acquisition": NaN,
        "Gain On Sale Of Security": NaN,
        "Net Non Operating Interest Income Expense": NaN,
        "Interest Expense Non Operating": NaN,
        "Interest Income Non Operating": NaN,
        "Operating Income": NaN,
        "Operating Expense": NaN,
        "Other Operating Expenses": NaN,
        "Selling General And Administration": NaN,
        "General And Administrative Expense": NaN,
        "Other Gand A": NaN,
        "Gross Profit": NaN,
        "Cost Of Revenue": NaN,
        "Total Revenue": NaN,
        "Operating Revenue": NaN
    },
    "2022-12-31": {
        "Tax Effect Of Unusual Items": NaN,
        "Tax Rate For Calcs": NaN,
        "Normalized EBITDA": NaN,
        "Total Unusual Items": 6000000.0,
        "Total Unusual Items Excluding Goodwill": 6000000.0,
        "Net Income From Continuing Operation Net Minority Interest": NaN,
        "Reconciled Depreciation": NaN,
        "Reconciled Cost Of Revenue": NaN,
        "EBITDA": NaN,
        "EBIT": NaN,
        "Net Interest Income": NaN,
        "Interest Expense": NaN,
        "Interest Income": 43000000.0,
        "Normalized Income": NaN,
        "Net Income From Continuing And Discontinued Operation": NaN,
        "Total Expenses": NaN,
        "Total Operating Income As Reported": NaN,
        "Diluted Average Shares": NaN,
        "Basic Average Shares": NaN,
        "Diluted EPS": NaN,
        "Basic EPS": NaN,
        "Diluted NI Availto Com Stockholders": NaN,
        "Net Income Common Stockholders": NaN,
        "Net Income": NaN,
        "Minority Interests": NaN,
        "Net Income Including Noncontrolling Interests": NaN,
        "Net Income Continuous Operations": NaN,
        "Tax Provision": NaN,
        "Pretax Income": NaN,
        "Other Income Expense": NaN,
        "Other Non Operating Income Expenses": NaN,
        "Special Income Charges": 6000000.0,
        "Other Special Charges": 0.0,
        "Write Off": 64000000.0,
        "Impairment Of Capital Assets": -70000000.0,
        "Restructuring And Mergern Acquisition": 0.0,
        "Gain On Sale Of Security": NaN,
        "Net Non Operating Interest Income Expense": NaN,
        "Interest Expense Non Operating": NaN,
        "Interest Income Non Operating": 43000000.0,
        "Operating Income": NaN,
        "Operating Expense": NaN,
        "Other Operating Expenses": NaN,
        "Depreciation Amortization Depletion Income Statement": 0.0,
        "Depreciation And Amortization In Income Statement": 0.0,
        "Depreciation Income Statement": 0.0,
        "Selling General And Administration": NaN,
        "General And Administrative Expense": NaN,
        "Other Gand A": NaN,
        "Gross Profit": NaN,
        "Cost Of Revenue": NaN,
        "Total Revenue": NaN,
        "Operating Revenue": NaN
    },
    "2022-09-30": {
        "Tax Effect Of Unusual Items": NaN,
        "Tax Rate For Calcs": NaN,
        "Normalized EBITDA": NaN,
        "Total Unusual Items": NaN,
        "Total Unusual Items Excluding Goodwill": NaN,
        "Net Income From Continuing Operation Net Minority Interest": NaN,
        "Reconciled Depreciation": NaN,
        "Reconciled Cost Of Revenue": NaN,
        "EBITDA": NaN,
        "EBIT": NaN,
        "Net Interest Income": NaN,
        "Interest Expense": NaN,
        "Interest Income": 31000000.0,
        "Normalized Income": NaN,
        "Net Income From Continuing And Discontinued Operation": NaN,
        "Total Expenses": NaN,
        "Total Operating Income As Reported": NaN,
        "Diluted Average Shares": NaN,
        "Basic Average Shares": NaN,
        "Diluted EPS": NaN,
        "Basic EPS": NaN,
        "Diluted NI Availto Com Stockholders": NaN,
        "Net Income Common Stockholders": NaN,
        "Net Income": NaN,
        "Minority Interests": NaN,
        "Net Income Including Noncontrolling Interests": NaN,
        "Net Income Continuous Operations": NaN,
        "Tax Provision": NaN,
        "Pretax Income": NaN,
        "Other Income Expense": NaN,
        "Other Non Operating Income Expenses": NaN,
        "Special Income Charges": NaN,
        "Other Special Charges": NaN,
        "Write Off": NaN,
        "Impairment Of Capital Assets": NaN,
        "Restructuring And Mergern Acquisition": NaN,
        "Gain On Sale Of Security": NaN,
        "Net Non Operating Interest Income Expense": NaN,
        "Interest Expense Non Operating": NaN,
        "Interest Income Non Operating": 31000000.0,
        "Operating Income": NaN,
        "Operating Expense": NaN,
        "Other Operating Expenses": NaN,
        "Depreciation Amortization Depletion Income Statement": NaN,
        "Depreciation And Amortization In Income Statement": NaN,
        "Depreciation Income Statement": NaN,
        "Selling General And Administration": NaN,
        "General And Administrative Expense": NaN,
        "Other Gand A": NaN,
        "Gross Profit": NaN,
        "Cost Of Revenue": NaN,
        "Total Revenue": NaN,
        "Operating Revenue": NaN
    },
    "2022-06-30": {
        "Tax Effect Of Unusual Items": 0.0,
        "Tax Rate For Calcs": 0.4,
        "Normalized EBITDA": 570000000.0,
        "Total Unusual Items": -356000000.0,
        "Total Unusual Items Excluding Goodwill": -356000000.0,
        "Net Income From Continuing Operation Net Minority Interest": 109000000.0,
        "Reconciled Depreciation": 238000000.0,
        "Reconciled Cost Of Revenue": 4289000000.0,
        "EBITDA": 570000000.0,
        "EBIT": 332000000.0,
        "Net Interest Income": -101000000.0,
        "Interest Expense": 101000000.0,
        "Interest Income": 24000000.0,
        "Normalized Income": 109000000.0,
        "Net Income From Continuing And Discontinued Operation": 109000000.0,
        "Total Expenses": 4356000000.0,
        "Total Operating Income As Reported": 374000000.0,
        "Diluted Average Shares": 909000000.0,
        "Basic Average Shares": 904000000.0,
        "Diluted EPS": 0.12,
        "Basic EPS": 0.12,
        "Diluted NI Availto Com Stockholders": 109000000.0,
        "Net Income Common Stockholders": 109000000.0,
        "Net Income": 109000000.0,
        "Minority Interests": -8000000.0,
        "Net Income Including Noncontrolling Interests": 117000000.0,
        "Net Income Discontinuous Operations": NaN,
        "Net Income Continuous Operations": 117000000.0,
        "Tax Provision": 114000000.0,
        "Pretax Income": 231000000.0,
        "Other Income Expense": -386000000.0,
        "Other Non Operating Income Expenses": -30000000.0,
        "Special Income Charges": -356000000.0,
        "Other Special Charges": NaN,
        "Write Off": 186000000.0,
        "Impairment Of Capital Assets": 170000000.0,
        "Restructuring And Mergern Acquisition": NaN,
        "Gain On Sale Of Security": NaN,
        "Net Non Operating Interest Income Expense": -101000000.0,
        "Interest Expense Non Operating": 101000000.0,
        "Interest Income Non Operating": 24000000.0,
        "Operating Income": 718000000.0,
        "Operating Expense": 67000000.0,
        "Other Operating Expenses": NaN,
        "Depreciation Amortization Depletion Income Statement": NaN,
        "Depreciation And Amortization In Income Statement": NaN,
        "Depreciation Income Statement": NaN,
        "Selling General And Administration": 67000000.0,
        "General And Administrative Expense": NaN,
        "Other Gand A": NaN,
        "Gross Profit": 785000000.0,
        "Cost Of Revenue": 4289000000.0,
        "Total Revenue": 5074000000.0,
        "Operating Revenue": 5074000000.0
    },
    "2022-03-31": {
        "Diluted EPS": 0.29,
        "Total Revenue": NaN,
        "Gross Profit": 585,
        "Operating Income": 511,
        "EBIT": 743,
        "Net Income": 263
    },
    "2021-12-31": {
        "Diluted EPS": 0.92,
        "Total Revenue": NaN,
        "Gross Profit": 609,
        "Operating Income": 550,
        "EBIT": 781,
        "Net Income": 824
    },
    "2021-09-30": {
        "Diluted EPS": 0.26,
        "Total Revenue": NaN,
        "Gross Profit": 504,
        "Operating Income": 446,
        "EBIT": 670,
        "Net Income": 236
    },
    "2021-06-30": {
        "Diluted EPS": 0.26,
        "Total Revenue": NaN,
        "Gross Profit": 485,
        "Operating Income": 434,
        "EBIT": 657,
        "Net Income": 227
    },
    "2021-03-31": {
        "Diluted EPS": 0.19,
        "Total Revenue": NaN,
        "Gross Profit": 418,
        "Operating Income": 370,
        "EBIT": 596,
        "Net Income": 170
    },
    "2020-12-31": {
        "Diluted EPS": -0.25,
        "Total Revenue": NaN,
        "Gross Profit": 394,
        "Operating Income": -96,
        "EBIT": 133,
        "Net Income": -235
    },
    "2020-09-30": {
        "Diluted EPS": -0.02,
        "Total Revenue": NaN,
        "Gross Profit": 316,
        "Operating Income": 142,
        "EBIT": 372,
        "Net Income": -17
    },
    "2020-06-30": {
        "Diluted EPS": -1.91,
        "Total Revenue": NaN,
        "Gross Profit": 279,
        "Operating Income": NaN,
        "EBIT": NaN,
        "Net Income": NaN
    },
    "2020-03-31": {
        "Diluted EPS": -1.16,
        "Total Revenue": NaN,
        "Gross Profit": 556,
        "Operating Income": -571,
        "EBIT": -223,
        "Net Income": NaN
    },
    "2019-12-31": {
        "Diluted EPS": -1.89,
        "Total Revenue": NaN,
        "Gross Profit": 605,
        "Operating Income": NaN,
        "EBIT": NaN,
        "Net Income": NaN
    },
    "2019-09-30": {
        "Diluted EPS": 0.34,
        "Total Revenue": NaN,
        "Gross Profit": 589,
        "Operating Income": 536,
        "EBIT": 953,
        "Net Income": 295
    },
    "2019-06-30": {
        "Diluted EPS": 0.09,
        "Total Revenue": NaN,
        "Gross Profit": 606,
        "Operating Income": 303,
        "EBIT": 723,
        "Net Income": 75
    },
    "2019-03-31": {
        "Diluted EPS": 0.17,
        "Total Revenue": NaN,
        "Gross Profit": 485,
        "Operating Income": 365,
        "EBIT": 781,
        "Net Income": 152
    },
    "2018-12-31": {
        "Diluted EPS": 0.76,
        "Total Revenue": NaN,
        "Gross Profit": 667,
        "Operating Income": 608,
        "EBIT": NaN,
        "Net Income": 664
    },
    "2018-09-30": {
        "Diluted EPS": 0.5,
        "Total Revenue": NaN,
        "Gross Profit": 788,
        "Operating Income": 716,
        "EBIT": NaN,
        "Net Income": 435
    },
    "2018-06-30": {
        "Diluted EPS": 0.58,
        "Total Revenue": NaN,
        "Gross Profit": 854,
        "Operating Income": 789,
        "EBIT": NaN,
        "Net Income": 511
    },
    "2018-03-31": {
        "Diluted EPS": 0.05,
        "Total Revenue": NaN,
        "Gross Profit": 677,
        "Operating Income": 354,
        "EBIT": 748,
        "Net Income": 46
    },
    "2017-12-31": {
        "Diluted EPS": -0.94,
        "Total Revenue": NaN,
        "Gross Profit": 839,
        "Operating Income": 383,
        "EBIT": 776,
        "Net Income": -824
    },
    "2017-09-30": {
        "Diluted EPS": 0.42,
        "Total Revenue": NaN,
        "Gross Profit": 697,
        "Operating Income": 642,
        "EBIT": NaN,
        "Net Income": 365
    },
    "2017-06-30": {
        "Diluted EPS": 0.03,
        "Total Revenue": NaN,
        "Gross Profit": 483,
        "Operating Income": 146,
        "EBIT": 532,
        "Net Income": 28
    },
    "2017-03-31": {
        "Diluted EPS": -0.04,
        "Total Revenue": NaN,
        "Gross Profit": 258,
        "Operating Income": 203,
        "EBIT": 586,
        "Net Income": -32
    },
    "2016-12-31": {
        "Diluted EPS": -0.16,
        "Total Revenue": NaN,
        "Gross Profit": 323,
        "Operating Income": 61,
        "EBIT": 447,
        "Net Income": -149
    },
    "2016-09-30": {
        "Diluted EPS": 0.01,
        "Total Revenue": NaN,
        "Gross Profit": 171,
        "Operating Income": 128,
        "EBIT": 503,
        "Net Income": 6
    },
    "2016-06-30": {
        "Diluted EPS": -3.73,
        "Total Revenue": NaN,
        "Gross Profit": 103,
        "Operating Income": NaN,
        "EBIT": NaN,
        "Net Income": NaN
    },
    "2016-03-31": {
        "Diluted EPS": -2.81,
        "Total Revenue": NaN,
        "Gross Profit": 273,
        "Operating Income": NaN,
        "EBIT": NaN,
        "Net Income": NaN
    },
    "2015-12-31": {
        "Diluted EPS": -0.03,
        "Total Revenue": NaN,
        "Gross Profit": 526,
        "Operating Income": 86,
        "EBIT": 488,
        "Net Income": -28
    },
    "2015-09-30": {
        "Diluted EPS": -0.06,
        "Total Revenue": NaN,
        "Gross Profit": 543,
        "Operating Income": 43,
        "EBIT": 460,
        "Net Income": -54
    },
    "2015-06-30": {
        "Diluted EPS": 0.06,
        "Total Revenue": NaN,
        "Gross Profit": 686,
        "Operating Income": 254,
        "EBIT": 710,
        "Net Income": 54
    },
    "2015-03-31": {
        "Diluted EPS": -0.76,
        "Total Revenue": NaN,
        "Gross Profit": 765,
        "Operating Income": -548,
        "EBIT": 12,
        "Net Income": -643
    },
    "2014-12-31": {
        "Diluted EPS": 1.06,
        "Total Revenue": NaN,
        "Gross Profit": NaN,
        "Operating Income": NaN,
        "EBIT": NaN,
        "Net Income": 901
    },
    "2014-09-30": {
        "Diluted EPS": 1.41,
        "Total Revenue": NaN,
        "Gross Profit": NaN,
        "Operating Income": NaN,
        "EBIT": NaN,
        "Net Income": NaN
    },
    "2014-06-30": {
        "Diluted EPS": 0.91,
        "Total Revenue": NaN,
        "Gross Profit": NaN,
        "Operating Income": NaN,
        "EBIT": NaN,
        "Net Income": 774
    },
    "2014-03-31": {
        "Diluted EPS": 0.73,
        "Total Revenue": NaN,
        "Gross Profit": NaN,
        "Operating Income": 970,
        "EBIT": NaN,
        "Net Income": 622
    },
    "2013-12-31": {
        "Diluted EPS": 0.9,
        "Total Revenue": NaN,
        "Gross Profit": NaN,
        "Operating Income": NaN,
        "EBIT": NaN,
        "Net Income": 793
    },
    "2013-09-30": {
        "Diluted EPS": 0.79,
        "Total Revenue": NaN,
        "Gross Profit": NaN,
        "Operating Income": NaN,
        "EBIT": NaN,
        "Net Income": 706
    },
    "2013-06-30": {
        "Diluted EPS": 0.69,
        "Total Revenue": NaN,
        "Gross Profit": NaN,
        "Operating Income": 984,
        "EBIT": NaN,
        "Net Income": 644
    },
    "2013-03-31": {
        "Diluted EPS": -0.02,
        "Total Revenue": NaN,
        "Gross Profit": 974,
        "Operating Income": -98,
        "EBIT": 350,
        "Net Income": -18
    },
    "2012-12-31": {
        "Diluted EPS": 0.72,
        "Total Revenue": NaN,
        "Gross Profit": NaN,
        "Operating Income": 981,
        "EBIT": NaN,
        "Net Income": 669
    },
    "2012-09-30": {
        "Diluted EPS": 0.65,
        "Total Revenue": NaN,
        "Gross Profit": NaN,
        "Operating Income": 954,
        "EBIT": NaN,
        "Net Income": 602
    },
    "2012-06-30": {
        "Diluted EPS": 0.79,
        "Total Revenue": NaN,
        "Gross Profit": NaN,
        "Operating Income": NaN,
        "EBIT": NaN,
        "Net Income": 737
    },
    "2012-03-31": {
        "Diluted EPS": 0.68,
        "Total Revenue": NaN,
        "Gross Profit": NaN,
        "Operating Income": NaN,
        "EBIT": NaN,
        "Net Income": 627
    },
    "2011-12-31": {
        "Diluted EPS": 0.98,
        "Total Revenue": NaN,
        "Gross Profit": NaN,
        "Operating Income": NaN,
        "EBIT": NaN,
        "Net Income": 906
    },
    "2011-09-30": {
        "Diluted EPS": 0.74,
        "Total Revenue": NaN,
        "Gross Profit": NaN,
        "Operating Income": NaN,
        "EBIT": NaN,
        "Net Income": 683
    },
    "2011-06-30": {
        "Diluted EPS": 0.8,
        "Total Revenue": NaN,
        "Gross Profit": NaN,
        "Operating Income": NaN,
        "EBIT": NaN,
        "Net Income": 739
    },
    "2011-03-31": {
        "Diluted EPS": 0.56,
        "Total Revenue": NaN,
        "Gross Profit": 884,
        "Operating Income": 814,
        "EBIT": NaN,
        "Net Income": 511
    },
    "2010-12-31": {
        "Diluted EPS": 0.65,
        "Total Revenue": NaN,
        "Gross Profit": NaN,
        "Operating Income": 980,
        "EBIT": NaN,
        "Net Income": 605
    },
    "2010-09-30": {
        "Diluted EPS": 0.6,
        "Total Revenue": NaN,
        "Gross Profit": 880,
        "Operating Income": 818,
        "EBIT": NaN,
        "Net Income": 544
    },
    "2010-06-30": {
        "Diluted EPS": 0.53,
        "Total Revenue": NaN,
        "Gross Profit": 809,
        "Operating Income": 762,
        "EBIT": NaN,
        "Net Income": 480
    },
    "2010-03-31": {
        "Diluted EPS": 0.23,
        "Total Revenue": NaN,
        "Gross Profit": 502,
        "Operating Income": 449,
        "EBIT": 710,
        "Net Income": 206
    },
    "2009-12-31": {
        "Diluted EPS": 0.27,
        "Total Revenue": NaN,
        "Gross Profit": 486,
        "Operating Income": 428,
        "EBIT": 682,
        "Net Income": 243
    },
    "2009-09-30": {
        "Diluted EPS": 0.29,
        "Total Revenue": NaN,
        "Gross Profit": 523,
        "Operating Income": 474,
        "EBIT": 712,
        "Net Income": 262
    },
    "2009-06-30": {
        "Diluted EPS": 0.29,
        "Total Revenue": NaN,
        "Gross Profit": 524,
        "Operating Income": 476,
        "EBIT": 700,
        "Net Income": 262
    },
    "2009-03-31": {
        "Diluted EPS": 0.42,
        "Total Revenue": NaN,
        "Gross Profit": 668,
        "Operating Income": 616,
        "EBIT": 831,
        "Net Income": 378
    },
    "2023-09-30": {
        "Tax Effect Of Unusual Items": 0.0,
        "Tax Rate For Calcs": 0.21,
        "Normalized EBITDA": 1290000000.0,
        "Total Unusual Items": 0.0,
        "Total Unusual Items Excluding Goodwill": 0.0,
        "Net Income From Continuing Operation Net Minority Interest": 716000000.0,
        "Reconciled Depreciation": 256000000.0,
        "Reconciled Cost Of Revenue": 4686000000.0,
        "EBITDA": 1290000000.0,
        "EBIT": 1034000000.0,
        "Net Interest Income": -94000000.0,
        "Interest Expense": 118000000.0,
        "Interest Income": 24000000.0,
        "Normalized Income": 716000000.0,
        "Net Income From Continuing And Discontinued Operation": 716000000.0,
        "Total Expenses": 4767000000.0,
        "Total Operating Income As Reported": 1037000000.0,
        "Diluted Average Shares": 902000000.0,
        "Basic Average Shares": 898000000.0,
        "Diluted EPS": 0.79,
        "Basic EPS": 0.8,
        "Diluted NI Availto Com Stockholders": 716000000.0,
        "Net Income Common Stockholders": 716000000.0,
        "Net Income": 716000000.0,
        "Minority Interests": -8000000.0,
        "Net Income Including Noncontrolling Interests": 724000000.0,
        "Net Income Continuous Operations": 724000000.0,
        "Tax Provision": 192000000.0,
        "Pretax Income": 916000000.0,
        "Other Income Expense": -27000000.0,
        "Other Non Operating Income Expenses": -27000000.0,
        "Special Income Charges": 0.0,
        "Write Off": 0.0,
        "Restructuring And Mergern Acquisition": NaN,
        "Gain On Sale Of Security": NaN,
        "Net Non Operating Interest Income Expense": -94000000.0,
        "Interest Expense Non Operating": 118000000.0,
        "Interest Income Non Operating": 24000000.0,
        "Operating Income": 1037000000.0,
        "Operating Expense": 81000000.0,
        "Other Operating Expenses": 23000000.0,
        "Selling General And Administration": 58000000.0,
        "General And Administrative Expense": 58000000.0,
        "Other Gand A": 58000000.0,
        "Gross Profit": 1118000000.0,
        "Cost Of Revenue": 4686000000.0,
        "Total Revenue": 5804000000.0,
        "Operating Revenue": 5804000000.0
    },
    "2023-12-31": {
        "Tax Effect Of Unusual Items": -27564071.856287,
        "Tax Rate For Calcs": 0.201198,
        "Normalized EBITDA": 1542000000.0,
        "Total Unusual Items": -137000000.0,
        "Total Unusual Items Excluding Goodwill": -137000000.0,
        "Net Income From Continuing Operation Net Minority Interest": 661000000.0,
        "Reconciled Depreciation": 256000000.0,
        "Reconciled Cost Of Revenue": 4606000000.0,
        "EBITDA": 1405000000.0,
        "EBIT": 1149000000.0,
        "Net Interest Income": -233000000.0,
        "Interest Expense": 314000000.0,
        "Interest Income": NaN,
        "Normalized Income": 770435928.143713,
        "Net Income From Continuing And Discontinued Operation": 661000000.0,
        "Total Expenses": 4579000000.0,
        "Total Operating Income As Reported": 1058000000.0,
        "Diluted Average Shares": 897000000.0,
        "Basic Average Shares": 893000000.0,
        "Diluted EPS": 0.74,
        "Basic EPS": 0.74,
        "Diluted NI Availto Com Stockholders": 661000000.0,
        "Net Income Common Stockholders": 661000000.0,
        "Net Income": 661000000.0,
        "Minority Interests": -6000000.0,
        "Net Income Including Noncontrolling Interests": 667000000.0,
        "Net Income Continuous Operations": 667000000.0,
        "Tax Provision": 168000000.0,
        "Pretax Income": 835000000.0,
        "Other Income Expense": -92000000.0,
        "Other Non Operating Income Expenses": 45000000.0,
        "Special Income Charges": 0.0,
        "Write Off": 0.0,
        "Restructuring And Mergern Acquisition": NaN,
        "Gain On Sale Of Security": -137000000.0,
        "Net Non Operating Interest Income Expense": -233000000.0,
        "Interest Expense Non Operating": 314000000.0,
        "Interest Income Non Operating": NaN,
        "Operating Income": 1160000000.0,
        "Operating Expense": -27000000.0,
        "Other Operating Expenses": -87000000.0,
        "Selling General And Administration": 60000000.0,
        "General And Administrative Expense": 60000000.0,
        "Other Gand A": 60000000.0,
        "Gross Profit": 1133000000.0,
        "Cost Of Revenue": 4606000000.0,
        "Total Revenue": 5739000000.0,
        "Operating Revenue": 5739000000.0
    },
    "2024-03-31": {
        "Tax Effect Of Unusual Items": 0.0,
        "Tax Rate For Calcs": 0.226,
        "Normalized EBITDA": 1164000000.0,
        "Total Unusual Items": NaN,
        "Total Unusual Items Excluding Goodwill": NaN,
        "Net Income From Continuing Operation Net Minority Interest": 606000000.0,
        "Reconciled Depreciation": 263000000.0,
        "Reconciled Cost Of Revenue": 4722000000.0,
        "EBITDA": 1164000000.0,
        "EBIT": 901000000.0,
        "Net Interest Income": -92000000.0,
        "Interest Expense": 114000000.0,
        "Interest Income": 22000000.0,
        "Normalized Income": 606000000.0,
        "Net Income From Continuing And Discontinued Operation": 606000000.0,
        "Total Expenses": 4817000000.0,
        "Total Operating Income As Reported": 987000000.0,
        "Diluted Average Shares": 891000000.0,
        "Basic Average Shares": 889000000.0,
        "Diluted EPS": 0.68,
        "Basic EPS": 0.68,
        "Diluted NI Availto Com Stockholders": 606000000.0,
        "Net Income Common Stockholders": 606000000.0,
        "Net Income": 606000000.0,
        "Minority Interests": -3000000.0,
        "Net Income Including Noncontrolling Interests": 609000000.0,
        "Net Income Continuous Operations": 609000000.0,
        "Tax Provision": 178000000.0,
        "Pretax Income": 787000000.0,
        "Other Income Expense": -108000000.0,
        "Other Non Operating Income Expenses": -108000000.0,
        "Special Income Charges": NaN,
        "Write Off": NaN,
        "Restructuring And Mergern Acquisition": NaN,
        "Gain On Sale Of Security": NaN,
        "Net Non Operating Interest Income Expense": -92000000.0,
        "Interest Expense Non Operating": 114000000.0,
        "Interest Income Non Operating": 22000000.0,
        "Operating Income": 987000000.0,
        "Operating Expense": 95000000.0,
        "Other Operating Expenses": 34000000.0,
        "Selling General And Administration": 61000000.0,
        "General And Administrative Expense": 61000000.0,
        "Other Gand A": 61000000.0,
        "Gross Profit": 1082000000.0,
        "Cost Of Revenue": 4722000000.0,
        "Total Revenue": 5804000000.0,
        "Operating Revenue": 5804000000.0
    },
    "2024-06-30": {
        "Tax Effect Of Unusual Items": 0.0,
        "Tax Rate For Calcs": 0.225,
        "Normalized EBITDA": 1305000000.0,
        "Total Unusual Items": NaN,
        "Total Unusual Items Excluding Goodwill": NaN,
        "Net Income From Continuing Operation Net Minority Interest": 709000000.0,
        "Reconciled Depreciation": 271000000.0,
        "Reconciled Cost Of Revenue": 4710000000.0,
        "EBITDA": 1305000000.0,
        "EBIT": 1034000000.0,
        "Net Interest Income": -92000000.0,
        "Interest Expense": 114000000.0,
        "Interest Income": 22000000.0,
        "Normalized Income": 709000000.0,
        "Net Income From Continuing And Discontinued Operation": 709000000.0,
        "Total Expenses": 4801000000.0,
        "Total Operating Income As Reported": 1032000000.0,
        "Diluted Average Shares": 886000000.0,
        "Basic Average Shares": 884000000.0,
        "Diluted EPS": 0.8,
        "Basic EPS": 0.8,
        "Diluted NI Availto Com Stockholders": 709000000.0,
        "Net Income Common Stockholders": 709000000.0,
        "Net Income": 709000000.0,
        "Minority Interests": -4000000.0,
        "Net Income Including Noncontrolling Interests": 713000000.0,
        "Net Income Continuous Operations": 713000000.0,
        "Tax Provision": 207000000.0,
        "Pretax Income": 920000000.0,
        "Other Income Expense": -20000000.0,
        "Other Non Operating Income Expenses": -20000000.0,
        "Special Income Charges": NaN,
        "Write Off": NaN,
        "Restructuring And Mergern Acquisition": NaN,
        "Gain On Sale Of Security": NaN,
        "Net Non Operating Interest Income Expense": -92000000.0,
        "Interest Expense Non Operating": 114000000.0,
        "Interest Income Non Operating": 22000000.0,
        "Operating Income": 1032000000.0,
        "Operating Expense": 91000000.0,
        "Other Operating Expenses": 29000000.0,
        "Selling General And Administration": 62000000.0,
        "General And Administrative Expense": 62000000.0,
        "Other Gand A": 62000000.0,
        "Gross Profit": 1123000000.0,
        "Cost Of Revenue": 4710000000.0,
        "Total Revenue": 5833000000.0,
        "Operating Revenue": 5833000000.0
    },
    "2024-09-30": {
        "Tax Effect Of Unusual Items": -24360000.0,
        "Tax Rate For Calcs": 0.21,
        "Normalized EBITDA": 1233000000.0,
        "Total Unusual Items": -116000000.0,
        "Total Unusual Items Excluding Goodwill": -116000000.0,
        "Net Income From Continuing Operation Net Minority Interest": 571000000.0,
        "Reconciled Depreciation": 270000000.0,
        "Reconciled Cost Of Revenue": 4627000000.0,
        "EBITDA": 1117000000.0,
        "EBIT": 847000000.0,
        "Net Interest Income": -85000000.0,
        "Interest Expense": 113000000.0,
        "Interest Income": 28000000.0,
        "Normalized Income": 662640000.0,
        "Net Income From Continuing And Discontinued Operation": 571000000.0,
        "Total Expenses": 4710000000.0,
        "Total Operating Income As Reported": 871000000.0,
        "Diluted Average Shares": 881000000.0,
        "Basic Average Shares": 881000000.0,
        "Diluted EPS": 0.65,
        "Basic EPS": 0.65,
        "Diluted NI Availto Com Stockholders": 571000000.0,
        "Net Income Common Stockholders": 571000000.0,
        "Net Income": 571000000.0,
        "Minority Interests": -9000000.0,
        "Net Income Including Noncontrolling Interests": 580000000.0,
        "Net Income Continuous Operations": 580000000.0,
        "Tax Provision": 154000000.0,
        "Pretax Income": 734000000.0,
        "Other Income Expense": -168000000.0,
        "Other Non Operating Income Expenses": -52000000.0,
        "Special Income Charges": -159000000.0,
        "Write Off": 96000000.0,
        "Restructuring And Mergern Acquisition": 63000000.0,
        "Gain On Sale Of Security": 43000000.0,
        "Net Non Operating Interest Income Expense": -85000000.0,
        "Interest Expense Non Operating": 113000000.0,
        "Interest Income Non Operating": 28000000.0,
        "Operating Income": 987000000.0,
        "Operating Expense": 83000000.0,
        "Other Operating Expenses": 28000000.0,
        "Selling General And Administration": 55000000.0,
        "General And Administrative Expense": 55000000.0,
        "Other Gand A": 55000000.0,
        "Gross Profit": 1070000000.0,
        "Cost Of Revenue": 4627000000.0,
        "Total Revenue": 5697000000.0,
        "Operating Revenue": 5697000000.0
    }
}