{
    "2023-03-31": {
        "Tax Effect Of Unusual Items": 0.0,
        "Tax Rate For Calcs": 0.0,
        "Normalized EBITDA": -10538000.0,
        "Total Unusual Items": NaN,
        "Total Unusual Items Excluding Goodwill": NaN,
        "Net Income From Continuing Operation Net Minority Interest": -11338000.0,
        "Reconciled Depreciation": 662000.0,
        "EBITDA": -10538000.0,
        "EBIT": -11200000.0,
        "Net Interest Income": 287000.0,
        "Interest Expense": 138000.0,
        "Interest Income": 425000.0,
        "Normalized Income": -11338000.0,
        "Net Income From Continuing And Discontinued Operation": -11338000.0,
        "Total Expenses": 19348000.0,
        "Total Operating Income As Reported": -10765000.0,
        "Diluted Average Shares": 3696821.0,
        "Basic Average Shares": 3696821.0,
        "Diluted EPS": -3.1,
        "Basic EPS": -3.1,
        "Diluted NI Availto Com Stockholders": -11338000.0,
        "Net Income Common Stockholders": -11338000.0,
        "Net Income": -11338000.0,
        "Net Income Including Noncontrolling Interests": -11338000.0,
        "Net Income Continuous Operations": -11338000.0,
        "Pretax Income": -11338000.0,
        "Other Income Expense": -860000.0,
        "Other Non Operating Income Expenses": -860000.0,
        "Special Income Charges": NaN,
        "Impairment Of Capital Assets": NaN,
        "Net Non Operating Interest Income Expense": 287000.0,
        "Interest Expense Non Operating": 138000.0,
        "Interest Income Non Operating": 425000.0,
        "Operating Income": -10765000.0,
        "Operating Expense": 19348000.0,
        "Research And Development": 15163000.0,
        "Selling General And Administration": 4185000.0,
        "General And Administrative Expense": 4185000.0,
        "Other Gand A": 4185000.0,
        "Total Revenue": 8583000.0,
        "Operating Revenue": 8583000.0
    },
    "2022-12-31": {
        "Tax Effect Of Unusual Items": 0.0,
        "Tax Rate For Calcs": 0.0,
        "Normalized EBITDA": -18034000.0,
        "Total Unusual Items": 0.0,
        "Total Unusual Items Excluding Goodwill": 0.0,
        "Net Income From Continuing Operation Net Minority Interest": -18419000.0,
        "Reconciled Depreciation": 678000.0,
        "EBITDA": -18034000.0,
        "EBIT": -18712000.0,
        "Net Interest Income": 343000.0,
        "Interest Expense": NaN,
        "Interest Income": 343000.0,
        "Normalized Income": -18419000.0,
        "Net Income From Continuing And Discontinued Operation": -18419000.0,
        "Total Expenses": 22801000.0,
        "Total Operating Income As Reported": -18712000.0,
        "Diluted Average Shares": 3368336.0,
        "Basic Average Shares": 3368336.0,
        "Diluted EPS": -5.5,
        "Basic EPS": -5.5,
        "Diluted NI Availto Com Stockholders": -18419000.0,
        "Net Income Common Stockholders": -18419000.0,
        "Net Income": -18419000.0,
        "Net Income Including Noncontrolling Interests": -18419000.0,
        "Net Income Continuous Operations": -18419000.0,
        "Pretax Income": -18419000.0,
        "Other Income Expense": -50000.0,
        "Other Non Operating Income Expenses": -50000.0,
        "Special Income Charges": 0.0,
        "Impairment Of Capital Assets": NaN,
        "Net Non Operating Interest Income Expense": 343000.0,
        "Interest Expense Non Operating": NaN,
        "Interest Income Non Operating": 343000.0,
        "Operating Income": -18712000.0,
        "Operating Expense": 22801000.0,
        "Research And Development": 18947000.0,
        "Selling General And Administration": 3854000.0,
        "General And Administrative Expense": 3854000.0,
        "Other Gand A": 3854000.0,
        "Total Revenue": 4089000.0,
        "Operating Revenue": 4089000.0
    },
    "2022-09-30": {
        "Tax Effect Of Unusual Items": 0.0,
        "Tax Rate For Calcs": 0.0,
        "Normalized EBITDA": -11362000.0,
        "Total Unusual Items": 0.0,
        "Total Unusual Items Excluding Goodwill": 0.0,
        "Net Income From Continuing Operation Net Minority Interest": -11640000.0,
        "Reconciled Depreciation": 527000.0,
        "EBITDA": -11362000.0,
        "EBIT": -11889000.0,
        "Net Interest Income": 289000.0,
        "Interest Expense": NaN,
        "Interest Income": 289000.0,
        "Normalized Income": -11640000.0,
        "Net Income From Continuing And Discontinued Operation": -11640000.0,
        "Total Expenses": 25506000.0,
        "Total Operating Income As Reported": -11889000.0,
        "Diluted Average Shares": 3306215.0,
        "Basic Average Shares": 3306215.0,
        "Diluted EPS": -3.52,
        "Basic EPS": -3.52,
        "Diluted NI Availto Com Stockholders": -11640000.0,
        "Net Income Common Stockholders": -11640000.0,
        "Net Income": -11640000.0,
        "Net Income Including Noncontrolling Interests": -11640000.0,
        "Net Income Continuous Operations": -11640000.0,
        "Pretax Income": -11640000.0,
        "Other Income Expense": -40000.0,
        "Other Non Operating Income Expenses": -40000.0,
        "Special Income Charges": 0.0,
        "Impairment Of Capital Assets": NaN,
        "Net Non Operating Interest Income Expense": 289000.0,
        "Interest Expense Non Operating": NaN,
        "Interest Income Non Operating": 289000.0,
        "Operating Income": -11889000.0,
        "Operating Expense": 25506000.0,
        "Research And Development": 20977000.0,
        "Selling General And Administration": 4529000.0,
        "General And Administrative Expense": 4529000.0,
        "Other Gand A": 4529000.0,
        "Total Revenue": 13617000.0,
        "Operating Revenue": 13617000.0
    },
    "2022-06-30": {
        "Tax Effect Of Unusual Items": 0.0,
        "Tax Rate For Calcs": 0.0,
        "Normalized EBITDA": -16863000.0,
        "Total Unusual Items": 0.0,
        "Total Unusual Items Excluding Goodwill": 0.0,
        "Net Income From Continuing Operation Net Minority Interest": -17351000.0,
        "Reconciled Depreciation": 548000.0,
        "EBITDA": -16863000.0,
        "EBIT": -17411000.0,
        "Net Interest Income": 104000.0,
        "Interest Expense": NaN,
        "Interest Income": 104000.0,
        "Normalized Income": -17351000.0,
        "Net Income From Continuing And Discontinued Operation": -17351000.0,
        "Total Expenses": 25714000.0,
        "Total Operating Income As Reported": -17411000.0,
        "Diluted Average Shares": 3303687.0,
        "Basic Average Shares": 3303687.0,
        "Diluted EPS": -5.3,
        "Basic EPS": -5.3,
        "Diluted NI Availto Com Stockholders": -17351000.0,
        "Net Income Common Stockholders": -17351000.0,
        "Net Income": -17351000.0,
        "Net Income Including Noncontrolling Interests": -17351000.0,
        "Net Income Continuous Operations": -17351000.0,
        "Pretax Income": -17351000.0,
        "Other Income Expense": -44000.0,
        "Other Non Operating Income Expenses": -44000.0,
        "Special Income Charges": 0.0,
        "Impairment Of Capital Assets": NaN,
        "Net Non Operating Interest Income Expense": 104000.0,
        "Interest Expense Non Operating": NaN,
        "Interest Income Non Operating": 104000.0,
        "Operating Income": -17411000.0,
        "Operating Expense": 25714000.0,
        "Research And Development": 20651000.0,
        "Selling General And Administration": 5063000.0,
        "General And Administrative Expense": 5063000.0,
        "Other Gand A": 5063000.0,
        "Total Revenue": 8303000.0,
        "Operating Revenue": 8303000.0
    },
    "2022-03-31": {
        "Diluted EPS": -0.62,
        "Total Revenue": 6,
        "Gross Profit": 6,
        "Operating Income": -20,
        "EBIT": -19,
        "Net Income": -20
    },
    "2021-12-31": {
        "Diluted EPS": -0.64,
        "Total Revenue": 4,
        "Gross Profit": 4,
        "Operating Income": -22,
        "EBIT": -20,
        "Net Income": -22
    },
    "2021-09-30": {
        "Diluted EPS": -0.51,
        "Total Revenue": 4,
        "Gross Profit": 4,
        "Operating Income": -17,
        "EBIT": -15,
        "Net Income": -17
    },
    "2021-06-30": {
        "Diluted EPS": -0.52,
        "Total Revenue": 6,
        "Gross Profit": 6,
        "Operating Income": -17,
        "EBIT": -16,
        "Net Income": -17
    },
    "2021-03-31": {
        "Diluted EPS": -1.95,
        "Total Revenue": 9,
        "Gross Profit": 9,
        "Operating Income": -62,
        "EBIT": -61,
        "Net Income": -62
    },
    "2020-12-31": {
        "Diluted EPS": -0.44,
        "Total Revenue": 7,
        "Gross Profit": 7,
        "Operating Income": -11,
        "EBIT": -11,
        "Net Income": -11
    },
    "2020-09-30": {
        "Diluted EPS": -0.53,
        "Total Revenue": 4,
        "Gross Profit": 4,
        "Operating Income": -14,
        "EBIT": -13,
        "Net Income": -13
    },
    "2020-06-30": {
        "Diluted EPS": -0.51,
        "Total Revenue": 3,
        "Gross Profit": 3,
        "Operating Income": -13,
        "EBIT": -13,
        "Net Income": -13
    },
    "2020-03-31": {
        "Diluted EPS": -0.51,
        "Total Revenue": 3,
        "Gross Profit": 3,
        "Operating Income": -13,
        "EBIT": -13,
        "Net Income": -13
    },
    "2019-12-31": {
        "Diluted EPS": -0.5,
        "Total Revenue": 2,
        "Gross Profit": 2,
        "Operating Income": -15,
        "EBIT": -14,
        "Net Income": -14
    },
    "2019-09-30": {
        "Diluted EPS": -0.65,
        "Total Revenue": 1,
        "Gross Profit": 1,
        "Operating Income": -17,
        "EBIT": -17,
        "Net Income": -16
    },
    "2019-06-30": {
        "Diluted EPS": -0.49,
        "Total Revenue": 1,
        "Gross Profit": 1,
        "Operating Income": -13,
        "EBIT": -13,
        "Net Income": -12
    },
    "2019-03-31": {
        "Diluted EPS": -0.92,
        "Total Revenue": 1,
        "Gross Profit": 1,
        "Operating Income": -14,
        "EBIT": -14,
        "Net Income": -14
    },
    "2018-12-31": {
        "Diluted EPS": 0.0,
        "Total Revenue": NaN,
        "Gross Profit": NaN,
        "Operating Income": NaN,
        "EBIT": NaN,
        "Net Income": NaN
    },
    "2018-09-30": {
        "Diluted EPS": -6.23,
        "Total Revenue": 1,
        "Gross Profit": 1,
        "Operating Income": -7,
        "EBIT": -7,
        "Net Income": -7
    },
    "2018-06-30": {
        "Diluted EPS": -5.89,
        "Total Revenue": 1,
        "Gross Profit": 1,
        "Operating Income": -6,
        "EBIT": -6,
        "Net Income": -6
    },
    "2017-12-31": {
        "Diluted EPS": 0.0,
        "Total Revenue": NaN,
        "Gross Profit": NaN,
        "Operating Income": NaN,
        "EBIT": NaN,
        "Net Income": NaN
    },
    "2016-12-31": {
        "Diluted EPS": 0.0,
        "Total Revenue": NaN,
        "Gross Profit": NaN,
        "Operating Income": NaN,
        "EBIT": NaN,
        "Net Income": NaN
    },
    "2023-06-30": {
        "Tax Effect Of Unusual Items": -363090.0,
        "Tax Rate For Calcs": 0.21,
        "Normalized EBITDA": 4719000.0,
        "Total Unusual Items": -1729000.0,
        "Total Unusual Items Excluding Goodwill": -1729000.0,
        "Net Income From Continuing Operation Net Minority Interest": 1061000.0,
        "Reconciled Depreciation": 370000.0,
        "EBITDA": 2990000.0,
        "EBIT": 2620000.0,
        "Net Interest Income": -945000.0,
        "Interest Expense": 1560000.0,
        "Interest Income": 615000.0,
        "Normalized Income": 2426910.0,
        "Net Income From Continuing And Discontinued Operation": 1061000.0,
        "Total Expenses": 15999000.0,
        "Total Operating Income As Reported": 2493000.0,
        "Diluted Average Shares": 3797299.0,
        "Basic Average Shares": 3767188.0,
        "Diluted EPS": 0.3,
        "Basic EPS": 0.3,
        "Diluted NI Availto Com Stockholders": 1061000.0,
        "Net Income Common Stockholders": 1061000.0,
        "Net Income": 1061000.0,
        "Net Income Including Noncontrolling Interests": 1060000.0,
        "Net Income Continuous Operations": 1060000.0,
        "Pretax Income": 1060000.0,
        "Other Income Expense": -2217000.0,
        "Other Non Operating Income Expenses": -488000.0,
        "Special Income Charges": -1729000.0,
        "Impairment Of Capital Assets": 1729000.0,
        "Net Non Operating Interest Income Expense": -945000.0,
        "Interest Expense Non Operating": 1560000.0,
        "Interest Income Non Operating": 615000.0,
        "Operating Income": 4222000.0,
        "Operating Expense": 15999000.0,
        "Research And Development": 12196000.0,
        "Selling General And Administration": 3803000.0,
        "General And Administrative Expense": 3803000.0,
        "Other Gand A": 3803000.0,
        "Total Revenue": 20221000.0,
        "Operating Revenue": 20221000.0
    },
    "2023-09-30": {
        "Tax Effect Of Unusual Items": 0.0,
        "Tax Rate For Calcs": 0.0,
        "Normalized EBITDA": 480000.0,
        "Total Unusual Items": 0.0,
        "Total Unusual Items Excluding Goodwill": 0.0,
        "Net Income From Continuing Operation Net Minority Interest": -1802000.0,
        "Reconciled Depreciation": 236000.0,
        "EBITDA": 480000.0,
        "EBIT": 244000.0,
        "Net Interest Income": -1566000.0,
        "Interest Expense": 2046000.0,
        "Interest Income": 480000.0,
        "Normalized Income": -1802000.0,
        "Net Income From Continuing And Discontinued Operation": -1802000.0,
        "Total Expenses": 16587000.0,
        "Total Operating Income As Reported": -12139000.0,
        "Diluted Average Shares": 3947995.0,
        "Basic Average Shares": 3947995.0,
        "Diluted EPS": -0.46,
        "Basic EPS": -0.46,
        "Diluted NI Availto Com Stockholders": -1802000.0,
        "Net Income Common Stockholders": -1802000.0,
        "Net Income": -1802000.0,
        "Net Income Including Noncontrolling Interests": -1802000.0,
        "Net Income Continuous Operations": -1802000.0,
        "Pretax Income": -1802000.0,
        "Other Income Expense": 11903000.0,
        "Other Non Operating Income Expenses": 11903000.0,
        "Special Income Charges": 0.0,
        "Impairment Of Capital Assets": 0.0,
        "Net Non Operating Interest Income Expense": -1566000.0,
        "Interest Expense Non Operating": 2046000.0,
        "Interest Income Non Operating": 480000.0,
        "Operating Income": -12139000.0,
        "Operating Expense": 16587000.0,
        "Research And Development": 12325000.0,
        "Selling General And Administration": 4262000.0,
        "General And Administrative Expense": 4262000.0,
        "Other Gand A": 4262000.0,
        "Total Revenue": 4448000.0,
        "Operating Revenue": 4448000.0
    }
}