{
    "2023-06-30": {
        "Tax Effect Of Unusual Items": 249000.0,
        "Tax Rate For Calcs": 0.249,
        "Normalized EBITDA": 3056000000.0,
        "Total Unusual Items": 1000000.0,
        "Total Unusual Items Excluding Goodwill": 1000000.0,
        "Net Income From Continuing Operation Net Minority Interest": 1193000000.0,
        "Reconciled Depreciation": 763000000.0,
        "Reconciled Cost Of Revenue": 9755000000.0,
        "EBITDA": 3057000000.0,
        "EBIT": 2294000000.0,
        "Net Interest Income": -485000000.0,
        "Interest Expense": 485000000.0,
        "Normalized Income": 1192249000.0,
        "Net Income From Continuing And Discontinued Operation": 1193000000.0,
        "Total Expenses": 13561000000.0,
        "Diluted Average Shares": 278198000.0,
        "Basic Average Shares": 274494000.0,
        "Diluted EPS": 4.29,
        "Basic EPS": 4.35,
        "Diluted NI Availto Com Stockholders": 1193000000.0,
        "Net Income Common Stockholders": 1193000000.0,
        "Net Income": 1193000000.0,
        "Minority Interests": -219000000.0,
        "Net Income Including Noncontrolling Interests": 1412000000.0,
        "Net Income Continuous Operations": 1412000000.0,
        "Tax Provision": 397000000.0,
        "Pretax Income": 1809000000.0,
        "Other Income Expense": -6000000.0,
        "Special Income Charges": 1000000.0,
        "Gain On Sale Of Ppe": 1000000.0,
        "Gain On Sale Of Business": 1000000.0,
        "Earnings From Equity Interest": -7000000.0,
        "Net Non Operating Interest Income Expense": -485000000.0,
        "Interest Expense Non Operating": 485000000.0,
        "Operating Income": 2300000000.0,
        "Operating Expense": 3806000000.0,
        "Other Operating Expenses": 3043000000.0,
        "Depreciation Amortization Depletion Income Statement": 763000000.0,
        "Depreciation And Amortization In Income Statement": 763000000.0,
        "Selling General And Administration": 7277000000.0,
        "General And Administrative Expense": 7277000000.0,
        "Salaries And Wages": 7277000000.0,
        "Gross Profit": 6106000000.0,
        "Cost Of Revenue": 9755000000.0,
        "Total Revenue": 15861000000.0,
        "Operating Revenue": 14951000000.0
    },
    "2023-03-31": {
        "Tax Effect Of Unusual Items": NaN,
        "Tax Rate For Calcs": NaN,
        "Normalized EBITDA": NaN,
        "Total Unusual Items": NaN,
        "Total Unusual Items Excluding Goodwill": NaN,
        "Net Income From Continuing Operation Net Minority Interest": NaN,
        "Reconciled Depreciation": NaN,
        "Reconciled Cost Of Revenue": NaN,
        "EBITDA": NaN,
        "EBIT": NaN,
        "Net Interest Income": NaN,
        "Interest Expense": NaN,
        "Normalized Income": NaN,
        "Net Income From Continuing And Discontinued Operation": NaN,
        "Total Expenses": NaN,
        "Diluted Average Shares": NaN,
        "Basic Average Shares": NaN,
        "Diluted EPS": NaN,
        "Basic EPS": NaN,
        "Diluted NI Availto Com Stockholders": NaN,
        "Net Income Common Stockholders": NaN,
        "Net Income": NaN,
        "Minority Interests": NaN,
        "Net Income Including Noncontrolling Interests": NaN,
        "Net Income Continuous Operations": NaN,
        "Tax Provision": NaN,
        "Pretax Income": NaN,
        "Other Income Expense": NaN,
        "Special Income Charges": NaN,
        "Gain On Sale Of Ppe": -15000000.0,
        "Gain On Sale Of Business": NaN,
        "Earnings From Equity Interest": NaN,
        "Net Non Operating Interest Income Expense": NaN,
        "Interest Expense Non Operating": NaN,
        "Operating Income": NaN,
        "Operating Expense": NaN,
        "Other Operating Expenses": NaN,
        "Depreciation Amortization Depletion Income Statement": NaN,
        "Depreciation And Amortization In Income Statement": NaN,
        "Selling General And Administration": 7084000000.0,
        "General And Administrative Expense": 7084000000.0,
        "Salaries And Wages": 7084000000.0,
        "Gross Profit": NaN,
        "Cost Of Revenue": NaN,
        "Total Revenue": NaN,
        "Operating Revenue": NaN
    },
    "2022-12-31": {
        "Tax Effect Of Unusual Items": NaN,
        "Tax Rate For Calcs": NaN,
        "Normalized EBITDA": NaN,
        "Total Unusual Items": NaN,
        "Total Unusual Items Excluding Goodwill": NaN,
        "Net Income From Continuing Operation Net Minority Interest": NaN,
        "Reconciled Depreciation": NaN,
        "Reconciled Cost Of Revenue": NaN,
        "EBITDA": NaN,
        "EBIT": NaN,
        "Net Interest Income": NaN,
        "Interest Expense": NaN,
        "Normalized Income": NaN,
        "Net Income From Continuing And Discontinued Operation": NaN,
        "Total Expenses": NaN,
        "Diluted Average Shares": NaN,
        "Basic Average Shares": NaN,
        "Diluted EPS": NaN,
        "Basic EPS": NaN,
        "Diluted NI Availto Com Stockholders": NaN,
        "Net Income Common Stockholders": NaN,
        "Net Income": NaN,
        "Minority Interests": NaN,
        "Net Income Including Noncontrolling Interests": NaN,
        "Net Income Continuous Operations": NaN,
        "Tax Provision": NaN,
        "Pretax Income": NaN,
        "Other Income Expense": NaN,
        "Special Income Charges": NaN,
        "Gain On Sale Of Ppe": 1326000000.0,
        "Gain On Sale Of Business": NaN,
        "Other Special Charges": 0.0,
        "Earnings From Equity Interest": NaN,
        "Net Non Operating Interest Income Expense": NaN,
        "Interest Expense Non Operating": NaN,
        "Operating Income": NaN,
        "Operating Expense": NaN,
        "Other Operating Expenses": NaN,
        "Depreciation Amortization Depletion Income Statement": NaN,
        "Depreciation And Amortization In Income Statement": NaN,
        "Selling General And Administration": NaN,
        "General And Administrative Expense": NaN,
        "Salaries And Wages": NaN,
        "Gross Profit": NaN,
        "Cost Of Revenue": NaN,
        "Total Revenue": NaN,
        "Operating Revenue": NaN
    },
    "2022-09-30": {
        "Tax Effect Of Unusual Items": NaN,
        "Tax Rate For Calcs": NaN,
        "Normalized EBITDA": NaN,
        "Total Unusual Items": NaN,
        "Total Unusual Items Excluding Goodwill": NaN,
        "Net Income From Continuing Operation Net Minority Interest": NaN,
        "Reconciled Depreciation": NaN,
        "Reconciled Cost Of Revenue": NaN,
        "EBITDA": NaN,
        "EBIT": NaN,
        "Net Interest Income": NaN,
        "Interest Expense": NaN,
        "Normalized Income": NaN,
        "Net Income From Continuing And Discontinued Operation": NaN,
        "Total Expenses": NaN,
        "Diluted Average Shares": NaN,
        "Basic Average Shares": NaN,
        "Diluted EPS": NaN,
        "Basic EPS": NaN,
        "Diluted NI Availto Com Stockholders": NaN,
        "Net Income Common Stockholders": NaN,
        "Net Income": NaN,
        "Minority Interests": NaN,
        "Net Income Including Noncontrolling Interests": NaN,
        "Net Income Continuous Operations": NaN,
        "Tax Provision": NaN,
        "Pretax Income": NaN,
        "Other Income Expense": NaN,
        "Special Income Charges": NaN,
        "Gain On Sale Of Ppe": -3000000.0,
        "Gain On Sale Of Business": NaN,
        "Other Special Charges": NaN,
        "Earnings From Equity Interest": NaN,
        "Net Non Operating Interest Income Expense": NaN,
        "Interest Expense Non Operating": NaN,
        "Operating Income": NaN,
        "Operating Expense": NaN,
        "Other Operating Expenses": NaN,
        "Depreciation Amortization Depletion Income Statement": NaN,
        "Depreciation And Amortization In Income Statement": NaN,
        "Selling General And Administration": NaN,
        "General And Administrative Expense": NaN,
        "Salaries And Wages": NaN,
        "Gross Profit": NaN,
        "Cost Of Revenue": NaN,
        "Total Revenue": NaN,
        "Operating Revenue": NaN
    },
    "2022-06-30": {
        "Tax Effect Of Unusual Items": -23812500.0,
        "Tax Rate For Calcs": 0.216477,
        "Normalized EBITDA": 3042000000.0,
        "Total Unusual Items": -110000000.0,
        "Total Unusual Items Excluding Goodwill": -110000000.0,
        "Net Income From Continuing Operation Net Minority Interest": 1155000000.0,
        "Reconciled Depreciation": 738000000.0,
        "Reconciled Cost Of Revenue": 2301000000.0,
        "EBITDA": 2932000000.0,
        "EBIT": 2194000000.0,
        "Net Interest Income": -434000000.0,
        "Interest Expense": 434000000.0,
        "Normalized Income": 1241187500.0,
        "Net Income From Continuing And Discontinued Operation": 1155000000.0,
        "Total Expenses": 12524000000.0,
        "Diluted Average Shares": 296061000.0,
        "Basic Average Shares": 292527000.0,
        "Diluted EPS": 3.9,
        "Basic EPS": 3.95,
        "Diluted NI Availto Com Stockholders": 1155000000.0,
        "Net Income Common Stockholders": 1155000000.0,
        "Net Income": 1155000000.0,
        "Minority Interests": -224000000.0,
        "Net Income Including Noncontrolling Interests": 1379000000.0,
        "Net Income Continuous Operations": 1379000000.0,
        "Tax Provision": 381000000.0,
        "Pretax Income": 1760000000.0,
        "Other Income Expense": -102000000.0,
        "Special Income Charges": -110000000.0,
        "Gain On Sale Of Ppe": -32000000.0,
        "Other Special Charges": 78000000.0,
        "Earnings From Equity Interest": 8000000.0,
        "Net Non Operating Interest Income Expense": -434000000.0,
        "Interest Expense Non Operating": 434000000.0,
        "Operating Income": 2296000000.0,
        "Operating Expense": 10223000000.0,
        "Other Operating Expenses": 2693000000.0,
        "Depreciation Amortization Depletion Income Statement": 738000000.0,
        "Depreciation And Amortization In Income Statement": 738000000.0,
        "Selling General And Administration": 6792000000.0,
        "General And Administrative Expense": 6792000000.0,
        "Salaries And Wages": 6792000000.0,
        "Gross Profit": 12519000000.0,
        "Cost Of Revenue": 2301000000.0,
        "Total Revenue": 14820000000.0,
        "Operating Revenue": 14820000000.0
    },
    "2022-03-31": {
        "Diluted EPS": 4.14,
        "Total Revenue": NaN,
        "Gross Profit": NaN,
        "Operating Income": NaN,
        "EBIT": NaN,
        "Net Income": NaN
    },
    "2021-12-31": {
        "Diluted EPS": 5.66,
        "Total Revenue": NaN,
        "Gross Profit": NaN,
        "Operating Income": NaN,
        "EBIT": NaN,
        "Net Income": NaN
    },
    "2021-09-30": {
        "Diluted EPS": 7.0,
        "Total Revenue": NaN,
        "Gross Profit": NaN,
        "Operating Income": NaN,
        "EBIT": NaN,
        "Net Income": NaN
    },
    "2021-06-30": {
        "Diluted EPS": 4.36,
        "Total Revenue": NaN,
        "Gross Profit": NaN,
        "Operating Income": NaN,
        "EBIT": NaN,
        "Net Income": NaN
    },
    "2021-03-31": {
        "Diluted EPS": 4.14,
        "Total Revenue": NaN,
        "Gross Profit": NaN,
        "Operating Income": NaN,
        "EBIT": NaN,
        "Net Income": NaN
    },
    "2020-12-31": {
        "Diluted EPS": 4.13,
        "Total Revenue": NaN,
        "Gross Profit": NaN,
        "Operating Income": NaN,
        "EBIT": NaN,
        "Net Income": NaN
    },
    "2020-09-30": {
        "Diluted EPS": 1.95,
        "Total Revenue": NaN,
        "Gross Profit": NaN,
        "Operating Income": NaN,
        "EBIT": NaN,
        "Net Income": 668
    },
    "2020-06-30": {
        "Diluted EPS": 3.16,
        "Total Revenue": NaN,
        "Gross Profit": NaN,
        "Operating Income": NaN,
        "EBIT": NaN,
        "Net Income": NaN
    },
    "2020-03-31": {
        "Diluted EPS": 1.69,
        "Total Revenue": NaN,
        "Gross Profit": NaN,
        "Operating Income": NaN,
        "EBIT": NaN,
        "Net Income": 581
    },
    "2019-12-31": {
        "Diluted EPS": 3.09,
        "Total Revenue": NaN,
        "Gross Profit": NaN,
        "Operating Income": NaN,
        "EBIT": NaN,
        "Net Income": NaN
    },
    "2019-09-30": {
        "Diluted EPS": 1.76,
        "Total Revenue": NaN,
        "Gross Profit": NaN,
        "Operating Income": NaN,
        "EBIT": NaN,
        "Net Income": 612
    },
    "2019-06-30": {
        "Diluted EPS": 2.25,
        "Total Revenue": NaN,
        "Gross Profit": NaN,
        "Operating Income": NaN,
        "EBIT": NaN,
        "Net Income": 783
    },
    "2019-03-31": {
        "Diluted EPS": 2.97,
        "Total Revenue": NaN,
        "Gross Profit": NaN,
        "Operating Income": NaN,
        "EBIT": NaN,
        "Net Income": NaN
    },
    "2018-12-31": {
        "Diluted EPS": 3.02,
        "Total Revenue": NaN,
        "Gross Profit": NaN,
        "Operating Income": NaN,
        "EBIT": NaN,
        "Net Income": NaN
    },
    "2018-09-30": {
        "Diluted EPS": 2.15,
        "Total Revenue": NaN,
        "Gross Profit": NaN,
        "Operating Income": NaN,
        "EBIT": NaN,
        "Net Income": 759
    },
    "2018-06-30": {
        "Diluted EPS": 2.31,
        "Total Revenue": NaN,
        "Gross Profit": NaN,
        "Operating Income": NaN,
        "EBIT": NaN,
        "Net Income": 820
    },
    "2018-03-31": {
        "Diluted EPS": 3.18,
        "Total Revenue": NaN,
        "Gross Profit": NaN,
        "Operating Income": NaN,
        "EBIT": NaN,
        "Net Income": NaN
    },
    "2017-12-31": {
        "Diluted EPS": 1.31,
        "Total Revenue": NaN,
        "Gross Profit": NaN,
        "Operating Income": NaN,
        "EBIT": NaN,
        "Net Income": 474
    },
    "2017-09-30": {
        "Diluted EPS": 1.15,
        "Total Revenue": NaN,
        "Gross Profit": NaN,
        "Operating Income": NaN,
        "EBIT": NaN,
        "Net Income": 426
    },
    "2017-06-30": {
        "Diluted EPS": 1.75,
        "Total Revenue": NaN,
        "Gross Profit": NaN,
        "Operating Income": NaN,
        "EBIT": NaN,
        "Net Income": 657
    },
    "2017-03-31": {
        "Diluted EPS": 1.74,
        "Total Revenue": NaN,
        "Gross Profit": NaN,
        "Operating Income": NaN,
        "EBIT": NaN,
        "Net Income": 659
    },
    "2016-12-31": {
        "Diluted EPS": 2.37,
        "Total Revenue": NaN,
        "Gross Profit": NaN,
        "Operating Income": NaN,
        "EBIT": NaN,
        "Net Income": 920
    },
    "2016-09-30": {
        "Diluted EPS": 1.59,
        "Total Revenue": NaN,
        "Gross Profit": NaN,
        "Operating Income": NaN,
        "EBIT": NaN,
        "Net Income": 618
    },
    "2016-06-30": {
        "Diluted EPS": 1.65,
        "Total Revenue": NaN,
        "Gross Profit": NaN,
        "Operating Income": NaN,
        "EBIT": NaN,
        "Net Income": 658
    },
    "2016-03-31": {
        "Diluted EPS": 1.69,
        "Total Revenue": NaN,
        "Gross Profit": NaN,
        "Operating Income": NaN,
        "EBIT": NaN,
        "Net Income": 694
    },
    "2015-12-31": {
        "Diluted EPS": 1.4,
        "Total Revenue": NaN,
        "Gross Profit": NaN,
        "Operating Income": NaN,
        "EBIT": NaN,
        "Net Income": 582
    },
    "2015-09-30": {
        "Diluted EPS": 1.05,
        "Total Revenue": NaN,
        "Gross Profit": NaN,
        "Operating Income": NaN,
        "EBIT": NaN,
        "Net Income": 449
    },
    "2015-06-30": {
        "Diluted EPS": 1.18,
        "Total Revenue": NaN,
        "Gross Profit": NaN,
        "Operating Income": NaN,
        "EBIT": NaN,
        "Net Income": 507
    },
    "2015-03-31": {
        "Diluted EPS": 1.36,
        "Total Revenue": NaN,
        "Gross Profit": NaN,
        "Operating Income": NaN,
        "EBIT": NaN,
        "Net Income": 591
    },
    "2014-12-31": {
        "Diluted EPS": 1.17,
        "Total Revenue": NaN,
        "Gross Profit": NaN,
        "Operating Income": NaN,
        "EBIT": NaN,
        "Net Income": 527
    },
    "2014-09-30": {
        "Diluted EPS": 1.16,
        "Total Revenue": NaN,
        "Gross Profit": NaN,
        "Operating Income": NaN,
        "EBIT": NaN,
        "Net Income": 518
    },
    "2014-06-30": {
        "Diluted EPS": 1.07,
        "Total Revenue": NaN,
        "Gross Profit": NaN,
        "Operating Income": NaN,
        "EBIT": NaN,
        "Net Income": 483
    },
    "2014-03-31": {
        "Diluted EPS": 0.76,
        "Total Revenue": NaN,
        "Gross Profit": NaN,
        "Operating Income": NaN,
        "EBIT": NaN,
        "Net Income": 347
    },
    "2013-12-31": {
        "Diluted EPS": 0.93,
        "Total Revenue": NaN,
        "Gross Profit": NaN,
        "Operating Income": NaN,
        "EBIT": NaN,
        "Net Income": 424
    },
    "2013-09-30": {
        "Diluted EPS": 0.79,
        "Total Revenue": NaN,
        "Gross Profit": NaN,
        "Operating Income": NaN,
        "EBIT": NaN,
        "Net Income": 365
    },
    "2013-06-30": {
        "Diluted EPS": 0.91,
        "Total Revenue": NaN,
        "Gross Profit": NaN,
        "Operating Income": NaN,
        "EBIT": NaN,
        "Net Income": 423
    },
    "2013-03-31": {
        "Diluted EPS": 0.74,
        "Total Revenue": NaN,
        "Gross Profit": NaN,
        "Operating Income": NaN,
        "EBIT": NaN,
        "Net Income": 344
    },
    "2012-12-31": {
        "Diluted EPS": 0.68,
        "Total Revenue": NaN,
        "Gross Profit": NaN,
        "Operating Income": NaN,
        "EBIT": NaN,
        "Net Income": 314
    },
    "2012-09-30": {
        "Diluted EPS": 0.78,
        "Total Revenue": NaN,
        "Gross Profit": NaN,
        "Operating Income": NaN,
        "EBIT": NaN,
        "Net Income": 360
    },
    "2012-06-30": {
        "Diluted EPS": 0.85,
        "Total Revenue": NaN,
        "Gross Profit": NaN,
        "Operating Income": NaN,
        "EBIT": NaN,
        "Net Income": 391
    },
    "2012-03-31": {
        "Diluted EPS": 1.18,
        "Total Revenue": NaN,
        "Gross Profit": NaN,
        "Operating Income": NaN,
        "EBIT": NaN,
        "Net Income": 540
    },
    "2011-12-31": {
        "Diluted EPS": 3.91,
        "Total Revenue": NaN,
        "Gross Profit": NaN,
        "Operating Income": NaN,
        "EBIT": NaN,
        "Net Income": NaN
    },
    "2011-09-30": {
        "Diluted EPS": 0.11,
        "Total Revenue": NaN,
        "Gross Profit": NaN,
        "Operating Income": NaN,
        "EBIT": NaN,
        "Net Income": 61
    },
    "2011-06-30": {
        "Diluted EPS": 0.43,
        "Total Revenue": NaN,
        "Gross Profit": NaN,
        "Operating Income": NaN,
        "EBIT": NaN,
        "Net Income": 229
    },
    "2011-03-31": {
        "Diluted EPS": 0.52,
        "Total Revenue": NaN,
        "Gross Profit": NaN,
        "Operating Income": NaN,
        "EBIT": NaN,
        "Net Income": 240
    },
    "2010-12-31": {
        "Diluted EPS": 0.65,
        "Total Revenue": NaN,
        "Gross Profit": NaN,
        "Operating Income": NaN,
        "EBIT": NaN,
        "Net Income": 283
    },
    "2010-09-30": {
        "Diluted EPS": 0.55,
        "Total Revenue": NaN,
        "Gross Profit": NaN,
        "Operating Income": NaN,
        "EBIT": NaN,
        "Net Income": 243
    },
    "2010-06-30": {
        "Diluted EPS": 0.67,
        "Total Revenue": NaN,
        "Gross Profit": NaN,
        "Operating Income": NaN,
        "EBIT": NaN,
        "Net Income": 293
    },
    "2010-03-31": {
        "Diluted EPS": 0.89,
        "Total Revenue": NaN,
        "Gross Profit": NaN,
        "Operating Income": NaN,
        "EBIT": NaN,
        "Net Income": 388
    },
    "2009-12-31": {
        "Diluted EPS": -2.56,
        "Total Revenue": NaN,
        "Gross Profit": NaN,
        "Operating Income": 985,
        "EBIT": NaN,
        "Net Income": 216
    },
    "2009-09-30": {
        "Diluted EPS": 2.04,
        "Total Revenue": NaN,
        "Gross Profit": NaN,
        "Operating Income": 919,
        "EBIT": NaN,
        "Net Income": 196
    },
    "2009-06-30": {
        "Diluted EPS": 2.96,
        "Total Revenue": NaN,
        "Gross Profit": NaN,
        "Operating Income": NaN,
        "EBIT": NaN,
        "Net Income": 282
    },
    "2009-03-31": {
        "Diluted EPS": 0.0,
        "Total Revenue": NaN,
        "Gross Profit": NaN,
        "Operating Income": NaN,
        "EBIT": NaN,
        "Net Income": 360
    },
    "2023-09-30": {
        "Tax Effect Of Unusual Items": 496000.0,
        "Tax Rate For Calcs": 0.248,
        "Normalized EBITDA": 2880000000.0,
        "Total Unusual Items": 2000000.0,
        "Total Unusual Items Excluding Goodwill": 2000000.0,
        "Net Income From Continuing Operation Net Minority Interest": 1079000000.0,
        "Reconciled Depreciation": 769000000.0,
        "Reconciled Cost Of Revenue": 9973000000.0,
        "EBITDA": 2882000000.0,
        "EBIT": 2113000000.0,
        "Net Interest Income": -483000000.0,
        "Interest Expense": 483000000.0,
        "Normalized Income": 1077496000.0,
        "Net Income From Continuing And Discontinued Operation": 1079000000.0,
        "Total Expenses": 14121000000.0,
        "Diluted Average Shares": 275424000.0,
        "Basic Average Shares": 271173000.0,
        "Diluted EPS": 3.91,
        "Basic EPS": 3.98,
        "Diluted NI Availto Com Stockholders": 1079000000.0,
        "Net Income Common Stockholders": 1079000000.0,
        "Net Income": 1079000000.0,
        "Minority Interests": -196000000.0,
        "Net Income Including Noncontrolling Interests": 1275000000.0,
        "Net Income Continuous Operations": 1275000000.0,
        "Tax Provision": 355000000.0,
        "Pretax Income": 1630000000.0,
        "Other Income Expense": 21000000.0,
        "Special Income Charges": 2000000.0,
        "Gain On Sale Of Ppe": 2000000.0,
        "Gain On Sale Of Business": 2000000.0,
        "Earnings From Equity Interest": 19000000.0,
        "Net Non Operating Interest Income Expense": -483000000.0,
        "Interest Expense Non Operating": 483000000.0,
        "Operating Income": 2092000000.0,
        "Operating Expense": 4148000000.0,
        "Other Operating Expenses": 3379000000.0,
        "Depreciation Amortization Depletion Income Statement": 769000000.0,
        "Depreciation And Amortization In Income Statement": 769000000.0,
        "Selling General And Administration": 7556000000.0,
        "General And Administrative Expense": 7556000000.0,
        "Salaries And Wages": 7556000000.0,
        "Gross Profit": 6240000000.0,
        "Cost Of Revenue": 9973000000.0,
        "Total Revenue": 16213000000.0,
        "Operating Revenue": 15197000000.0
    },
    "2023-12-31": {
        "Tax Effect Of Unusual Items": 1444776.119403,
        "Tax Rate For Calcs": 0.206397,
        "Normalized EBITDA": 3618000000.0,
        "Total Unusual Items": 7000000.0,
        "Total Unusual Items Excluding Goodwill": 7000000.0,
        "Net Income From Continuing Operation Net Minority Interest": 1607000000.0,
        "Reconciled Depreciation": 789000000.0,
        "Reconciled Cost Of Revenue": 10154000000.0,
        "EBITDA": 3625000000.0,
        "EBIT": 2836000000.0,
        "Net Interest Income": -491000000.0,
        "Interest Expense": 491000000.0,
        "Normalized Income": 1601444776.119403,
        "Net Income From Continuing And Discontinued Operation": 1607000000.0,
        "Total Expenses": 14502000000.0,
        "Diluted Average Shares": 271186000.0,
        "Basic Average Shares": 265537300.0,
        "Diluted EPS": 5.93,
        "Basic EPS": 6.05188,
        "Diluted NI Availto Com Stockholders": 1607000000.0,
        "Net Income Common Stockholders": 1607000000.0,
        "Net Income": 1607000000.0,
        "Minority Interests": -254000000.0,
        "Net Income Including Noncontrolling Interests": 1861000000.0,
        "Net Income Continuous Operations": 1861000000.0,
        "Tax Provision": 484000000.0,
        "Pretax Income": 2345000000.0,
        "Other Income Expense": 35000000.0,
        "Special Income Charges": 7000000.0,
        "Gain On Sale Of Ppe": NaN,
        "Gain On Sale Of Business": 7000000.0,
        "Earnings From Equity Interest": 28000000.0,
        "Net Non Operating Interest Income Expense": -491000000.0,
        "Interest Expense Non Operating": 491000000.0,
        "Operating Income": 2801000000.0,
        "Operating Expense": 4348000000.0,
        "Other Operating Expenses": 3559000000.0,
        "Depreciation Amortization Depletion Income Statement": 789000000.0,
        "Depreciation And Amortization In Income Statement": 789000000.0,
        "Selling General And Administration": 7570000000.0,
        "General And Administrative Expense": 7570000000.0,
        "Salaries And Wages": 7570000000.0,
        "Gross Profit": 7149000000.0,
        "Cost Of Revenue": 10154000000.0,
        "Total Revenue": 17303000000.0,
        "Operating Revenue": 16803000000.0
    },
    "2024-03-31": {
        "Tax Effect Of Unusual Items": 43818000.0,
        "Tax Rate For Calcs": 0.218,
        "Normalized EBITDA": 3353000000.0,
        "Total Unusual Items": 201000000.0,
        "Total Unusual Items Excluding Goodwill": 201000000.0,
        "Net Income From Continuing Operation Net Minority Interest": 1591000000.0,
        "Reconciled Depreciation": 795000000.0,
        "Reconciled Cost Of Revenue": 10378000000.0,
        "EBITDA": 3554000000.0,
        "EBIT": 2759000000.0,
        "Net Interest Income": -512000000.0,
        "Interest Expense": 512000000.0,
        "Normalized Income": 1433818000.0,
        "Net Income From Continuing And Discontinued Operation": 1591000000.0,
        "Total Expenses": 14779000000.0,
        "Diluted Average Shares": 268016000.0,
        "Basic Average Shares": 263215800.0,
        "Diluted EPS": 5.93,
        "Basic EPS": 6.04447,
        "Diluted NI Availto Com Stockholders": 1591000000.0,
        "Net Income Common Stockholders": 1591000000.0,
        "Net Income": 1591000000.0,
        "Minority Interests": -211000000.0,
        "Net Income Including Noncontrolling Interests": 1802000000.0,
        "Net Income Continuous Operations": 1802000000.0,
        "Tax Provision": 445000000.0,
        "Pretax Income": 2247000000.0,
        "Other Income Expense": 199000000.0,
        "Special Income Charges": 201000000.0,
        "Gain On Sale Of Ppe": NaN,
        "Gain On Sale Of Business": 201000000.0,
        "Earnings From Equity Interest": -2000000.0,
        "Net Non Operating Interest Income Expense": -512000000.0,
        "Interest Expense Non Operating": 512000000.0,
        "Operating Income": 2560000000.0,
        "Operating Expense": 4401000000.0,
        "Other Operating Expenses": 3606000000.0,
        "Depreciation Amortization Depletion Income Statement": 795000000.0,
        "Depreciation And Amortization In Income Statement": 795000000.0,
        "Selling General And Administration": 7707000000.0,
        "General And Administrative Expense": 7707000000.0,
        "Salaries And Wages": 7707000000.0,
        "Gross Profit": 6961000000.0,
        "Cost Of Revenue": 10378000000.0,
        "Total Revenue": 17339000000.0,
        "Operating Revenue": 16799000000.0
    },
    "2024-06-30": {
        "Tax Effect Of Unusual Items": 3288000.0,
        "Tax Rate For Calcs": 0.274,
        "Normalized EBITDA": 3550000000.0,
        "Total Unusual Items": 12000000.0,
        "Total Unusual Items Excluding Goodwill": 12000000.0,
        "Net Income From Continuing Operation Net Minority Interest": 1461000000.0,
        "Reconciled Depreciation": 819000000.0,
        "Reconciled Cost Of Revenue": 10319000000.0,
        "EBITDA": 3562000000.0,
        "EBIT": 2743000000.0,
        "Net Interest Income": -506000000.0,
        "Interest Expense": 506000000.0,
        "Normalized Income": 1452288000.0,
        "Net Income From Continuing And Discontinued Operation": 1461000000.0,
        "Total Expenses": 14761000000.0,
        "Diluted Average Shares": 264071000.0,
        "Basic Average Shares": 259237600.0,
        "Diluted EPS": 5.53,
        "Basic EPS": 5.635757,
        "Diluted NI Availto Com Stockholders": 1461000000.0,
        "Net Income Common Stockholders": 1461000000.0,
        "Net Income": 1461000000.0,
        "Minority Interests": -226000000.0,
        "Net Income Including Noncontrolling Interests": 1687000000.0,
        "Net Income Continuous Operations": 1687000000.0,
        "Tax Provision": 550000000.0,
        "Pretax Income": 2237000000.0,
        "Other Income Expense": 12000000.0,
        "Special Income Charges": 12000000.0,
        "Gain On Sale Of Ppe": NaN,
        "Gain On Sale Of Business": 12000000.0,
        "Earnings From Equity Interest": 0.0,
        "Net Non Operating Interest Income Expense": -506000000.0,
        "Interest Expense Non Operating": 506000000.0,
        "Operating Income": 2731000000.0,
        "Operating Expense": 4442000000.0,
        "Other Operating Expenses": 3623000000.0,
        "Depreciation Amortization Depletion Income Statement": 819000000.0,
        "Depreciation And Amortization In Income Statement": 819000000.0,
        "Selling General And Administration": NaN,
        "General And Administrative Expense": NaN,
        "Salaries And Wages": NaN,
        "Gross Profit": 7173000000.0,
        "Cost Of Revenue": 10319000000.0,
        "Total Revenue": 17492000000.0,
        "Operating Revenue": 16640000000.0
    }
}