{
    "2023-03-31": {
        "Tax Effect Of Unusual Items": NaN,
        "Tax Rate For Calcs": NaN,
        "Normalized EBITDA": NaN,
        "Net Income From Continuing Operation Net Minority Interest": NaN,
        "Reconciled Depreciation": NaN,
        "Reconciled Cost Of Revenue": NaN,
        "EBITDA": NaN,
        "EBIT": NaN,
        "Net Interest Income": NaN,
        "Interest Expense": NaN,
        "Normalized Income": NaN,
        "Net Income From Continuing And Discontinued Operation": NaN,
        "Total Expenses": NaN,
        "Rent Expense Supplemental": NaN,
        "Total Operating Income As Reported": NaN,
        "Diluted Average Shares": 35883779.0,
        "Basic Average Shares": 35883779.0,
        "Diluted EPS": -0.14,
        "Basic EPS": -0.14,
        "Diluted NI Availto Com Stockholders": NaN,
        "Net Income Common Stockholders": NaN,
        "Net Income": NaN,
        "Net Income Including Noncontrolling Interests": NaN,
        "Net Income Continuous Operations": NaN,
        "Pretax Income": NaN,
        "Other Income Expense": NaN,
        "Other Non Operating Income Expenses": NaN,
        "Net Non Operating Interest Income Expense": NaN,
        "Interest Expense Non Operating": NaN,
        "Operating Income": NaN,
        "Operating Expense": NaN,
        "Depreciation Amortization Depletion Income Statement": NaN,
        "Depreciation And Amortization In Income Statement": NaN,
        "Depreciation Income Statement": NaN,
        "Research And Development": NaN,
        "Selling General And Administration": NaN,
        "General And Administrative Expense": NaN,
        "Other Gand A": NaN,
        "Rent And Landing Fees": NaN,
        "Salaries And Wages": NaN,
        "Gross Profit": NaN,
        "Cost Of Revenue": NaN,
        "Total Revenue": NaN,
        "Operating Revenue": NaN
    },
    "2022-12-31": {
        "Tax Effect Of Unusual Items": NaN,
        "Tax Rate For Calcs": NaN,
        "Normalized EBITDA": NaN,
        "Net Income From Continuing Operation Net Minority Interest": NaN,
        "Reconciled Depreciation": NaN,
        "Reconciled Cost Of Revenue": NaN,
        "EBITDA": NaN,
        "EBIT": NaN,
        "Net Interest Income": NaN,
        "Interest Expense": NaN,
        "Normalized Income": NaN,
        "Net Income From Continuing And Discontinued Operation": NaN,
        "Total Expenses": NaN,
        "Rent Expense Supplemental": NaN,
        "Total Operating Income As Reported": NaN,
        "Diluted Average Shares": 35861348.0,
        "Basic Average Shares": 35861348.0,
        "Diluted EPS": -0.15,
        "Basic EPS": -0.15,
        "Diluted NI Availto Com Stockholders": NaN,
        "Net Income Common Stockholders": NaN,
        "Net Income": NaN,
        "Net Income Including Noncontrolling Interests": NaN,
        "Net Income Continuous Operations": NaN,
        "Pretax Income": NaN,
        "Other Income Expense": NaN,
        "Other Non Operating Income Expenses": NaN,
        "Net Non Operating Interest Income Expense": NaN,
        "Interest Expense Non Operating": NaN,
        "Operating Income": NaN,
        "Operating Expense": NaN,
        "Depreciation Amortization Depletion Income Statement": NaN,
        "Depreciation And Amortization In Income Statement": NaN,
        "Depreciation Income Statement": NaN,
        "Research And Development": NaN,
        "Selling General And Administration": NaN,
        "General And Administrative Expense": NaN,
        "Other Gand A": NaN,
        "Rent And Landing Fees": NaN,
        "Salaries And Wages": NaN,
        "Gross Profit": NaN,
        "Cost Of Revenue": NaN,
        "Total Revenue": NaN,
        "Operating Revenue": NaN
    },
    "2022-09-30": {
        "Tax Effect Of Unusual Items": NaN,
        "Tax Rate For Calcs": NaN,
        "Normalized EBITDA": NaN,
        "Net Income From Continuing Operation Net Minority Interest": NaN,
        "Reconciled Depreciation": NaN,
        "Reconciled Cost Of Revenue": NaN,
        "EBITDA": NaN,
        "EBIT": NaN,
        "Net Interest Income": NaN,
        "Interest Expense": NaN,
        "Normalized Income": NaN,
        "Net Income From Continuing And Discontinued Operation": NaN,
        "Total Expenses": NaN,
        "Rent Expense Supplemental": NaN,
        "Total Operating Income As Reported": NaN,
        "Diluted Average Shares": NaN,
        "Basic Average Shares": NaN,
        "Diluted EPS": NaN,
        "Basic EPS": NaN,
        "Diluted NI Availto Com Stockholders": NaN,
        "Net Income Common Stockholders": NaN,
        "Net Income": NaN,
        "Net Income Including Noncontrolling Interests": NaN,
        "Net Income Continuous Operations": NaN,
        "Pretax Income": NaN,
        "Other Income Expense": NaN,
        "Other Non Operating Income Expenses": NaN,
        "Net Non Operating Interest Income Expense": NaN,
        "Total Other Finance Cost": -105461.0,
        "Interest Expense Non Operating": NaN,
        "Operating Income": NaN,
        "Operating Expense": NaN,
        "Depreciation Amortization Depletion Income Statement": NaN,
        "Depreciation And Amortization In Income Statement": NaN,
        "Depreciation Income Statement": NaN,
        "Research And Development": NaN,
        "Selling General And Administration": NaN,
        "General And Administrative Expense": NaN,
        "Other Gand A": NaN,
        "Rent And Landing Fees": NaN,
        "Salaries And Wages": NaN,
        "Gross Profit": NaN,
        "Cost Of Revenue": NaN,
        "Total Revenue": NaN,
        "Operating Revenue": NaN
    },
    "2022-06-30": {
        "Tax Effect Of Unusual Items": 0.0,
        "Tax Rate For Calcs": 0.0,
        "Normalized EBITDA": -3361499.0,
        "Net Income From Continuing Operation Net Minority Interest": -3510561.0,
        "Reconciled Depreciation": 149578.0,
        "Reconciled Cost Of Revenue": 154562.0,
        "EBITDA": -3361499.0,
        "EBIT": -3511077.0,
        "Net Interest Income": 516.0,
        "Interest Expense": NaN,
        "Interest Income": 516.0,
        "Normalized Income": -3510561.0,
        "Net Income From Continuing And Discontinued Operation": -3510561.0,
        "Total Expenses": 3965077.0,
        "Rent Expense Supplemental": 35298.0,
        "Total Operating Income As Reported": -3511077.0,
        "Diluted Average Shares": 35814482.0,
        "Basic Average Shares": 35814482.0,
        "Diluted EPS": -0.1,
        "Basic EPS": -0.1,
        "Diluted NI Availto Com Stockholders": -3510561.0,
        "Net Income Common Stockholders": -3510561.0,
        "Net Income": -3510561.0,
        "Net Income Including Noncontrolling Interests": -3510561.0,
        "Net Income Continuous Operations": -3510561.0,
        "Pretax Income": -3510561.0,
        "Other Income Expense": NaN,
        "Other Non Operating Income Expenses": NaN,
        "Net Non Operating Interest Income Expense": 516.0,
        "Total Other Finance Cost": NaN,
        "Interest Expense Non Operating": NaN,
        "Interest Income Non Operating": 516.0,
        "Operating Income": -3511077.0,
        "Operating Expense": 3677877.0,
        "Depreciation Amortization Depletion Income Statement": 16940.0,
        "Depreciation And Amortization In Income Statement": 16940.0,
        "Depreciation Income Statement": 16940.0,
        "Research And Development": 1969882.0,
        "Selling General And Administration": 1691055.0,
        "General And Administrative Expense": 1691055.0,
        "Other Gand A": 911915.0,
        "Rent And Landing Fees": 35298.0,
        "Salaries And Wages": 743842.0,
        "Gross Profit": 166800.0,
        "Cost Of Revenue": 287200.0,
        "Total Revenue": 454000.0,
        "Operating Revenue": 454000.0
    },
    "2022-03-31": {
        "Diluted EPS": -0.06,
        "Total Revenue": 3,
        "Gross Profit": 2,
        "Operating Income": -2,
        "EBIT": -2,
        "Net Income": -2
    },
    "2021-12-31": {
        "Diluted EPS": 0.8,
        "Total Revenue": NaN,
        "Gross Profit": NaN,
        "Operating Income": -3,
        "EBIT": -3,
        "Net Income": -2
    },
    "2021-09-30": {
        "Diluted EPS": -0.14,
        "Total Revenue": NaN,
        "Gross Profit": NaN,
        "Operating Income": -4,
        "EBIT": -4,
        "Net Income": -4
    },
    "2021-06-30": {
        "Diluted EPS": -0.66,
        "Total Revenue": NaN,
        "Gross Profit": NaN,
        "Operating Income": -3,
        "EBIT": -3,
        "Net Income": -3
    },
    "2021-03-31": {
        "Diluted EPS": -0.69,
        "Total Revenue": NaN,
        "Gross Profit": NaN,
        "Operating Income": -3,
        "EBIT": -3,
        "Net Income": -3
    },
    "2020-12-31": {
        "Diluted EPS": 0.0,
        "Total Revenue": NaN,
        "Gross Profit": NaN,
        "Operating Income": NaN,
        "EBIT": NaN,
        "Net Income": NaN
    },
    "2020-09-30": {
        "Diluted EPS": -0.63,
        "Total Revenue": NaN,
        "Gross Profit": NaN,
        "Operating Income": -3,
        "EBIT": -3,
        "Net Income": -3
    },
    "2020-06-30": {
        "Diluted EPS": -0.65,
        "Total Revenue": NaN,
        "Gross Profit": NaN,
        "Operating Income": -3,
        "EBIT": -3,
        "Net Income": -3
    },
    "2023-06-30": {
        "Tax Effect Of Unusual Items": NaN,
        "Tax Rate For Calcs": NaN,
        "Normalized EBITDA": NaN,
        "Net Income From Continuing Operation Net Minority Interest": NaN,
        "Reconciled Depreciation": NaN,
        "Reconciled Cost Of Revenue": NaN,
        "EBITDA": NaN,
        "EBIT": NaN,
        "Net Interest Income": NaN,
        "Interest Expense": NaN,
        "Normalized Income": NaN,
        "Net Income From Continuing And Discontinued Operation": NaN,
        "Total Expenses": NaN,
        "Rent Expense Supplemental": NaN,
        "Total Operating Income As Reported": NaN,
        "Diluted Average Shares": 35910669.0,
        "Basic Average Shares": 35910669.0,
        "Diluted EPS": -0.12,
        "Basic EPS": -0.12,
        "Diluted NI Availto Com Stockholders": NaN,
        "Net Income Common Stockholders": NaN,
        "Net Income": NaN,
        "Net Income Including Noncontrolling Interests": NaN,
        "Net Income Continuous Operations": NaN,
        "Pretax Income": NaN,
        "Other Income Expense": NaN,
        "Other Non Operating Income Expenses": NaN,
        "Net Non Operating Interest Income Expense": NaN,
        "Interest Expense Non Operating": NaN,
        "Operating Income": NaN,
        "Operating Expense": NaN,
        "Depreciation Amortization Depletion Income Statement": NaN,
        "Depreciation And Amortization In Income Statement": NaN,
        "Depreciation Income Statement": NaN,
        "Research And Development": NaN,
        "Selling General And Administration": NaN,
        "General And Administrative Expense": NaN,
        "Other Gand A": NaN,
        "Rent And Landing Fees": NaN,
        "Salaries And Wages": NaN,
        "Gross Profit": NaN,
        "Cost Of Revenue": NaN,
        "Total Revenue": NaN,
        "Operating Revenue": NaN
    },
    "2023-09-30": {
        "Tax Effect Of Unusual Items": 0.0,
        "Tax Rate For Calcs": 0.0,
        "Normalized EBITDA": -4565673.0,
        "Net Income From Continuing Operation Net Minority Interest": -4938641.0,
        "Reconciled Depreciation": 277454.0,
        "Reconciled Cost Of Revenue": 463954.0,
        "EBITDA": -4565673.0,
        "EBIT": -4843127.0,
        "Net Interest Income": -95514.0,
        "Interest Expense": 95514.0,
        "Normalized Income": -4938641.0,
        "Net Income From Continuing And Discontinued Operation": -4938641.0,
        "Total Expenses": 5930982.0,
        "Rent Expense Supplemental": 36372.0,
        "Total Operating Income As Reported": -5077880.0,
        "Diluted Average Shares": 35926921.0,
        "Basic Average Shares": 35926921.0,
        "Diluted EPS": -0.14,
        "Basic EPS": -0.14,
        "Diluted NI Availto Com Stockholders": -4938641.0,
        "Net Income Common Stockholders": -4938641.0,
        "Net Income": -4938641.0,
        "Net Income Including Noncontrolling Interests": -4938641.0,
        "Net Income Continuous Operations": -4938641.0,
        "Pretax Income": -4938641.0,
        "Other Income Expense": 234753.0,
        "Other Non Operating Income Expenses": 234753.0,
        "Net Non Operating Interest Income Expense": -95514.0,
        "Interest Expense Non Operating": 95514.0,
        "Operating Income": -5077880.0,
        "Operating Expense": 5252657.0,
        "Depreciation Amortization Depletion Income Statement": 63083.0,
        "Depreciation And Amortization In Income Statement": 63083.0,
        "Depreciation Income Statement": 63083.0,
        "Research And Development": 1667442.0,
        "Selling General And Administration": 3522132.0,
        "General And Administrative Expense": 3522132.0,
        "Other Gand A": 2709804.0,
        "Rent And Landing Fees": 36372.0,
        "Salaries And Wages": 775956.0,
        "Gross Profit": 174777.0,
        "Cost Of Revenue": 678325.0,
        "Total Revenue": 853102.0,
        "Operating Revenue": 853102.0
    },
    "2023-12-31": {
        "Tax Effect Of Unusual Items": 0.0,
        "Tax Rate For Calcs": 0.0,
        "Normalized EBITDA": -10407404.0,
        "Net Income From Continuing Operation Net Minority Interest": -10680531.0,
        "Reconciled Depreciation": 274550.0,
        "Reconciled Cost Of Revenue": 875116.0,
        "EBITDA": -10407404.0,
        "EBIT": -10681954.0,
        "Net Interest Income": 1423.0,
        "Interest Expense": -1423.0,
        "Normalized Income": -10680531.0,
        "Net Income From Continuing And Discontinued Operation": -10680531.0,
        "Total Expenses": 12092193.0,
        "Rent Expense Supplemental": 38511.0,
        "Total Operating Income As Reported": -10768191.0,
        "Diluted Average Shares": NaN,
        "Basic Average Shares": NaN,
        "Diluted EPS": NaN,
        "Basic EPS": NaN,
        "Diluted NI Availto Com Stockholders": -10680531.0,
        "Net Income Common Stockholders": -10680531.0,
        "Net Income": -10680531.0,
        "Net Income Including Noncontrolling Interests": -10680531.0,
        "Net Income Continuous Operations": -10680531.0,
        "Pretax Income": -10680531.0,
        "Other Income Expense": 86237.0,
        "Other Non Operating Income Expenses": 86237.0,
        "Net Non Operating Interest Income Expense": 1423.0,
        "Interest Expense Non Operating": -1423.0,
        "Operating Income": -10768191.0,
        "Operating Expense": 11020836.0,
        "Depreciation Amortization Depletion Income Statement": 78309.0,
        "Depreciation And Amortization In Income Statement": 78309.0,
        "Depreciation Income Statement": 78309.0,
        "Research And Development": 2136397.0,
        "Selling General And Administration": 3556130.0,
        "General And Administrative Expense": 3556130.0,
        "Other Gand A": 2709381.0,
        "Rent And Landing Fees": 38511.0,
        "Salaries And Wages": 808238.0,
        "Gross Profit": 252645.0,
        "Cost Of Revenue": 1071357.0,
        "Total Revenue": 1324002.0,
        "Operating Revenue": 1324002.0
    },
    "2024-03-31": {
        "Tax Effect Of Unusual Items": 0.0,
        "Tax Rate For Calcs": 0.0,
        "Normalized EBITDA": -7224560.0,
        "Net Income From Continuing Operation Net Minority Interest": -7468061.0,
        "Reconciled Depreciation": 243501.0,
        "Reconciled Cost Of Revenue": 335545.0,
        "EBITDA": -7224560.0,
        "EBIT": -7468061.0,
        "Net Interest Income": 0.0,
        "Interest Expense": 0.0,
        "Normalized Income": -7468061.0,
        "Net Income From Continuing And Discontinued Operation": -7468061.0,
        "Total Expenses": 8620375.0,
        "Rent Expense Supplemental": 42716.0,
        "Total Operating Income As Reported": -7493663.0,
        "Diluted Average Shares": 37223588.0,
        "Basic Average Shares": 37223588.0,
        "Diluted EPS": -0.2,
        "Basic EPS": -0.2,
        "Diluted NI Availto Com Stockholders": -7468061.0,
        "Net Income Common Stockholders": -7468061.0,
        "Net Income": -7468061.0,
        "Net Income Including Noncontrolling Interests": -7468061.0,
        "Net Income Continuous Operations": -7468061.0,
        "Pretax Income": -7468061.0,
        "Other Income Expense": 25602.0,
        "Other Non Operating Income Expenses": 25602.0,
        "Net Non Operating Interest Income Expense": 0.0,
        "Interest Expense Non Operating": 0.0,
        "Operating Income": -7493663.0,
        "Operating Expense": 8108410.0,
        "Depreciation Amortization Depletion Income Statement": 67081.0,
        "Depreciation And Amortization In Income Statement": 67081.0,
        "Depreciation Income Statement": 67081.0,
        "Research And Development": 2123284.0,
        "Selling General And Administration": 5918045.0,
        "General And Administrative Expense": 5918045.0,
        "Other Gand A": 5353719.0,
        "Rent And Landing Fees": 42716.0,
        "Salaries And Wages": 521610.0,
        "Gross Profit": 614747.0,
        "Cost Of Revenue": 511965.0,
        "Total Revenue": 1126712.0,
        "Operating Revenue": 1126712.0
    },
    "2024-06-30": {
        "Tax Effect Of Unusual Items": 0.0,
        "Tax Rate For Calcs": 0.0,
        "Normalized EBITDA": -14990593.0,
        "Net Income From Continuing Operation Net Minority Interest": -15280191.0,
        "Reconciled Depreciation": 129932.0,
        "Reconciled Cost Of Revenue": 375126.0,
        "EBITDA": -14990593.0,
        "EBIT": -15120525.0,
        "Net Interest Income": -159666.0,
        "Interest Expense": 159666.0,
        "Normalized Income": -15280191.0,
        "Net Income From Continuing And Discontinued Operation": -15280191.0,
        "Total Expenses": 14454864.0,
        "Rent Expense Supplemental": 63992.0,
        "Total Operating Income As Reported": -15136010.0,
        "Diluted Average Shares": 37823394.0,
        "Basic Average Shares": 37823394.0,
        "Diluted EPS": -0.4,
        "Basic EPS": -0.4,
        "Diluted NI Availto Com Stockholders": -15280191.0,
        "Net Income Common Stockholders": -15280191.0,
        "Net Income": -15280191.0,
        "Net Income Including Noncontrolling Interests": -15280191.0,
        "Net Income Continuous Operations": -15280191.0,
        "Pretax Income": -15280191.0,
        "Other Income Expense": -1284515.0,
        "Other Non Operating Income Expenses": -1284515.0,
        "Net Non Operating Interest Income Expense": -159666.0,
        "Interest Expense Non Operating": 159666.0,
        "Operating Income": -13836010.0,
        "Operating Expense": 14016421.0,
        "Depreciation Amortization Depletion Income Statement": 66615.0,
        "Depreciation And Amortization In Income Statement": 66615.0,
        "Depreciation Income Statement": 66615.0,
        "Research And Development": 2029186.0,
        "Selling General And Administration": 11920620.0,
        "General And Administrative Expense": 11920620.0,
        "Other Gand A": 11141654.0,
        "Rent And Landing Fees": 63992.0,
        "Salaries And Wages": 714974.0,
        "Gross Profit": 180411.0,
        "Cost Of Revenue": 438443.0,
        "Total Revenue": 618854.0,
        "Operating Revenue": 618854.0
    },
    "2024-09-30": {
        "Tax Effect Of Unusual Items": 0.0,
        "Tax Rate For Calcs": 0.0,
        "Normalized EBITDA": -3550476.0,
        "Net Income From Continuing Operation Net Minority Interest": -3902288.0,
        "Reconciled Depreciation": 128449.0,
        "Reconciled Cost Of Revenue": 282059.0,
        "EBITDA": -3550476.0,
        "EBIT": -3678925.0,
        "Net Interest Income": -223363.0,
        "Interest Expense": 223363.0,
        "Normalized Income": -3902288.0,
        "Net Income From Continuing And Discontinued Operation": -3902288.0,
        "Total Expenses": 4116658.0,
        "Rent Expense Supplemental": 49160.0,
        "Total Operating Income As Reported": -3690235.0,
        "Diluted Average Shares": 37823394.0,
        "Basic Average Shares": 37823394.0,
        "Diluted EPS": -0.1,
        "Basic EPS": -0.1,
        "Diluted NI Availto Com Stockholders": -3902288.0,
        "Net Income Common Stockholders": -3902288.0,
        "Net Income": -3902288.0,
        "Net Income Including Noncontrolling Interests": -3902288.0,
        "Net Income Continuous Operations": -3902288.0,
        "Pretax Income": -3902288.0,
        "Other Income Expense": 11310.0,
        "Other Non Operating Income Expenses": 11310.0,
        "Net Non Operating Interest Income Expense": -223363.0,
        "Interest Expense Non Operating": 223363.0,
        "Operating Income": -3690235.0,
        "Operating Expense": 3775520.0,
        "Depreciation Amortization Depletion Income Statement": 69370.0,
        "Depreciation And Amortization In Income Statement": 69370.0,
        "Depreciation Income Statement": 69370.0,
        "Research And Development": 1186913.0,
        "Selling General And Administration": 2519237.0,
        "General And Administrative Expense": 2519237.0,
        "Other Gand A": 1851007.0,
        "Rent And Landing Fees": 49160.0,
        "Salaries And Wages": 619070.0,
        "Gross Profit": 85285.0,
        "Cost Of Revenue": 341138.0,
        "Total Revenue": 426423.0,
        "Operating Revenue": 426423.0
    }
}