{
    "2023-03-31": {
        "Tax Effect Of Unusual Items": NaN,
        "Tax Rate For Calcs": NaN,
        "Normalized EBITDA": NaN,
        "Total Unusual Items": NaN,
        "Total Unusual Items Excluding Goodwill": NaN,
        "Net Income From Continuing Operation Net Minority Interest": NaN,
        "Reconciled Depreciation": NaN,
        "Reconciled Cost Of Revenue": NaN,
        "EBITDA": NaN,
        "EBIT": NaN,
        "Net Interest Income": NaN,
        "Interest Expense": NaN,
        "Interest Income": 0.0,
        "Normalized Income": NaN,
        "Net Income From Continuing And Discontinued Operation": NaN,
        "Total Expenses": NaN,
        "Total Operating Income As Reported": NaN,
        "Diluted Average Shares": NaN,
        "Basic Average Shares": NaN,
        "Diluted EPS": NaN,
        "Basic EPS": NaN,
        "Diluted NI Availto Com Stockholders": NaN,
        "Net Income Common Stockholders": NaN,
        "Preferred Stock Dividends": NaN,
        "Net Income": NaN,
        "Net Income Including Noncontrolling Interests": NaN,
        "Net Income Continuous Operations": NaN,
        "Tax Provision": NaN,
        "Pretax Income": NaN,
        "Other Income Expense": NaN,
        "Other Non Operating Income Expenses": NaN,
        "Special Income Charges": NaN,
        "Gain On Sale Of Business": 0.0,
        "Other Special Charges": NaN,
        "Gain On Sale Of Security": NaN,
        "Net Non Operating Interest Income Expense": NaN,
        "Interest Expense Non Operating": NaN,
        "Interest Income Non Operating": 0.0,
        "Operating Income": NaN,
        "Operating Expense": -1131000.0,
        "Other Operating Expenses": -1131000.0,
        "Selling General And Administration": -1152000.0,
        "General And Administrative Expense": -1152000.0,
        "Salaries And Wages": -1152000.0,
        "Gross Profit": NaN,
        "Cost Of Revenue": NaN,
        "Total Revenue": NaN,
        "Operating Revenue": NaN
    },
    "2022-12-31": {
        "Tax Effect Of Unusual Items": NaN,
        "Tax Rate For Calcs": NaN,
        "Normalized EBITDA": NaN,
        "Total Unusual Items": NaN,
        "Total Unusual Items Excluding Goodwill": NaN,
        "Net Income From Continuing Operation Net Minority Interest": NaN,
        "Reconciled Depreciation": NaN,
        "Reconciled Cost Of Revenue": NaN,
        "EBITDA": NaN,
        "EBIT": NaN,
        "Net Interest Income": NaN,
        "Interest Expense": NaN,
        "Interest Income": NaN,
        "Normalized Income": NaN,
        "Net Income From Continuing And Discontinued Operation": NaN,
        "Total Expenses": NaN,
        "Total Operating Income As Reported": NaN,
        "Diluted Average Shares": NaN,
        "Basic Average Shares": NaN,
        "Diluted EPS": NaN,
        "Basic EPS": NaN,
        "Diluted NI Availto Com Stockholders": NaN,
        "Net Income Common Stockholders": NaN,
        "Preferred Stock Dividends": NaN,
        "Net Income": NaN,
        "Net Income Including Noncontrolling Interests": NaN,
        "Net Income Continuous Operations": NaN,
        "Tax Provision": NaN,
        "Pretax Income": NaN,
        "Other Income Expense": NaN,
        "Other Non Operating Income Expenses": NaN,
        "Special Income Charges": NaN,
        "Gain On Sale Of Business": 0.0,
        "Other Special Charges": NaN,
        "Gain On Sale Of Security": 0.0,
        "Net Non Operating Interest Income Expense": NaN,
        "Interest Expense Non Operating": NaN,
        "Interest Income Non Operating": NaN,
        "Operating Income": NaN,
        "Operating Expense": NaN,
        "Other Operating Expenses": NaN,
        "Selling General And Administration": -883000.0,
        "General And Administrative Expense": -883000.0,
        "Salaries And Wages": -883000.0,
        "Gross Profit": NaN,
        "Cost Of Revenue": NaN,
        "Total Revenue": NaN,
        "Operating Revenue": NaN
    },
    "2022-09-30": {
        "Tax Effect Of Unusual Items": NaN,
        "Tax Rate For Calcs": NaN,
        "Normalized EBITDA": NaN,
        "Total Unusual Items": NaN,
        "Total Unusual Items Excluding Goodwill": NaN,
        "Net Income From Continuing Operation Net Minority Interest": NaN,
        "Reconciled Depreciation": NaN,
        "Reconciled Cost Of Revenue": NaN,
        "EBITDA": NaN,
        "EBIT": NaN,
        "Net Interest Income": NaN,
        "Interest Expense": NaN,
        "Interest Income": NaN,
        "Normalized Income": NaN,
        "Net Income From Continuing And Discontinued Operation": NaN,
        "Total Expenses": NaN,
        "Total Operating Income As Reported": NaN,
        "Diluted Average Shares": NaN,
        "Basic Average Shares": NaN,
        "Diluted EPS": NaN,
        "Basic EPS": NaN,
        "Diluted NI Availto Com Stockholders": NaN,
        "Net Income Common Stockholders": NaN,
        "Preferred Stock Dividends": NaN,
        "Net Income": NaN,
        "Net Income Including Noncontrolling Interests": NaN,
        "Net Income Continuous Operations": NaN,
        "Tax Provision": NaN,
        "Pretax Income": NaN,
        "Other Income Expense": NaN,
        "Other Non Operating Income Expenses": NaN,
        "Special Income Charges": NaN,
        "Gain On Sale Of Business": 0.0,
        "Other Special Charges": NaN,
        "Gain On Sale Of Security": NaN,
        "Net Non Operating Interest Income Expense": NaN,
        "Interest Expense Non Operating": NaN,
        "Interest Income Non Operating": NaN,
        "Operating Income": NaN,
        "Operating Expense": NaN,
        "Other Operating Expenses": NaN,
        "Selling General And Administration": NaN,
        "General And Administrative Expense": NaN,
        "Salaries And Wages": NaN,
        "Gross Profit": NaN,
        "Cost Of Revenue": NaN,
        "Total Revenue": NaN,
        "Operating Revenue": NaN
    },
    "2022-06-30": {
        "Tax Effect Of Unusual Items": 494000.0,
        "Tax Rate For Calcs": 0.2,
        "Normalized EBITDA": 160745000.0,
        "Total Unusual Items": 2470000.0,
        "Total Unusual Items Excluding Goodwill": 2470000.0,
        "Net Income From Continuing Operation Net Minority Interest": 53014000.0,
        "Reconciled Depreciation": 72831000.0,
        "Reconciled Cost Of Revenue": 808939000.0,
        "EBITDA": 163215000.0,
        "EBIT": 90384000.0,
        "Net Interest Income": -24167000.0,
        "Interest Expense": 24167000.0,
        "Normalized Income": 51038000.0,
        "Net Income From Continuing And Discontinued Operation": 53014000.0,
        "Total Expenses": 808939000.0,
        "Total Operating Income As Reported": 86668000.0,
        "Diluted Average Shares": 109662000.0,
        "Basic Average Shares": 109432000.0,
        "Diluted EPS": 0.48,
        "Basic EPS": 0.48,
        "Diluted NI Availto Com Stockholders": 52541000.0,
        "Net Income Common Stockholders": 52541000.0,
        "Preferred Stock Dividends": 473000.0,
        "Net Income": 53014000.0,
        "Net Income Including Noncontrolling Interests": 53014000.0,
        "Net Income Continuous Operations": 53014000.0,
        "Tax Provision": 13203000.0,
        "Pretax Income": 66217000.0,
        "Other Income Expense": 3716000.0,
        "Other Non Operating Income Expenses": 1246000.0,
        "Special Income Charges": 2470000.0,
        "Gain On Sale Of Business": 0.0,
        "Other Special Charges": -2470000.0,
        "Gain On Sale Of Security": NaN,
        "Net Non Operating Interest Income Expense": -24167000.0,
        "Interest Expense Non Operating": 24167000.0,
        "Operating Income": 86668000.0,
        "Operating Expense": -3716000.0,
        "Other Operating Expenses": -2470000.0,
        "Selling General And Administration": -1246000.0,
        "General And Administrative Expense": -1246000.0,
        "Salaries And Wages": -1246000.0,
        "Gross Profit": 86668000.0,
        "Cost Of Revenue": 808939000.0,
        "Total Revenue": 895607000.0,
        "Operating Revenue": 894197000.0
    },
    "2023-06-30": {
        "Tax Effect Of Unusual Items": 776727.377571,
        "Tax Rate For Calcs": 0.205919,
        "Normalized EBITDA": 172103000.0,
        "Total Unusual Items": 3772000.0,
        "Total Unusual Items Excluding Goodwill": 3772000.0,
        "Net Income From Continuing Operation Net Minority Interest": 55083000.0,
        "Reconciled Depreciation": 77971000.0,
        "Reconciled Cost Of Revenue": 802706000.0,
        "EBITDA": 175875000.0,
        "EBIT": 97904000.0,
        "Net Interest Income": -28537000.0,
        "Interest Expense": 28537000.0,
        "Interest Income": 0.0,
        "Normalized Income": 52087727.377571,
        "Net Income From Continuing And Discontinued Operation": 55083000.0,
        "Total Expenses": 802706000.0,
        "Total Operating Income As Reported": 92979000.0,
        "Diluted Average Shares": 109780000.0,
        "Basic Average Shares": 109573000.0,
        "Diluted EPS": 0.5,
        "Basic EPS": 0.5,
        "Diluted NI Availto Com Stockholders": 54610000.0,
        "Net Income Common Stockholders": 54610000.0,
        "Preferred Stock Dividends": 473000.0,
        "Net Income": 55083000.0,
        "Net Income Including Noncontrolling Interests": 55083000.0,
        "Net Income Continuous Operations": 55083000.0,
        "Tax Provision": 14284000.0,
        "Pretax Income": 69367000.0,
        "Other Income Expense": 4925000.0,
        "Other Non Operating Income Expenses": 1153000.0,
        "Special Income Charges": 3772000.0,
        "Gain On Sale Of Business": 0.0,
        "Other Special Charges": -3772000.0,
        "Gain On Sale Of Security": NaN,
        "Net Non Operating Interest Income Expense": -28537000.0,
        "Interest Expense Non Operating": 28537000.0,
        "Interest Income Non Operating": 0.0,
        "Operating Income": 92979000.0,
        "Operating Expense": -3772000.0,
        "Other Operating Expenses": -3772000.0,
        "Selling General And Administration": -1153000.0,
        "General And Administrative Expense": -1153000.0,
        "Salaries And Wages": -1153000.0,
        "Gross Profit": 92979000.0,
        "Cost Of Revenue": 802706000.0,
        "Total Revenue": 895685000.0,
        "Operating Revenue": 891076000.0
    },
    "2023-09-30": {
        "Tax Effect Of Unusual Items": 600000.0,
        "Tax Rate For Calcs": 0.15,
        "Normalized EBITDA": 123946000.0,
        "Total Unusual Items": 4000000.0,
        "Total Unusual Items Excluding Goodwill": 4000000.0,
        "Net Income From Continuing Operation Net Minority Interest": 41589000.0,
        "Reconciled Depreciation": 47579000.0,
        "Reconciled Cost Of Revenue": 826762000.0,
        "EBITDA": 127946000.0,
        "EBIT": 80367000.0,
        "Net Interest Income": -31257000.0,
        "Interest Expense": 31257000.0,
        "Interest Income": NaN,
        "Normalized Income": 38189000.0,
        "Net Income From Continuing And Discontinued Operation": 41589000.0,
        "Total Expenses": 826762000.0,
        "Total Operating Income As Reported": 75111000.0,
        "Diluted Average Shares": 109917000.0,
        "Basic Average Shares": 109728000.0,
        "Diluted EPS": 0.37,
        "Basic EPS": 0.37,
        "Diluted NI Availto Com Stockholders": 41118000.0,
        "Net Income Common Stockholders": 41118000.0,
        "Preferred Stock Dividends": 471000.0,
        "Net Income": 41589000.0,
        "Net Income Including Noncontrolling Interests": 41589000.0,
        "Net Income Continuous Operations": 41589000.0,
        "Tax Provision": 7521000.0,
        "Pretax Income": 49110000.0,
        "Other Income Expense": 5256000.0,
        "Other Non Operating Income Expenses": 1256000.0,
        "Special Income Charges": 4000000.0,
        "Gain On Sale Of Business": 0.0,
        "Other Special Charges": -4000000.0,
        "Gain On Sale Of Security": NaN,
        "Net Non Operating Interest Income Expense": -31257000.0,
        "Interest Expense Non Operating": 31257000.0,
        "Interest Income Non Operating": NaN,
        "Operating Income": 75111000.0,
        "Operating Expense": -4000000.0,
        "Other Operating Expenses": -4000000.0,
        "Selling General And Administration": -1256000.0,
        "General And Administrative Expense": -1256000.0,
        "Salaries And Wages": -1256000.0,
        "Gross Profit": 75111000.0,
        "Cost Of Revenue": 826762000.0,
        "Total Revenue": 901873000.0,
        "Operating Revenue": 895961000.0
    },
    "2023-12-31": {
        "Tax Effect Of Unusual Items": -1549628.32045,
        "Tax Rate For Calcs": 0.13454,
        "Normalized EBITDA": 169083000.0,
        "Total Unusual Items": -11518000.0,
        "Total Unusual Items Excluding Goodwill": -11518000.0,
        "Net Income From Continuing Operation Net Minority Interest": 49262000.0,
        "Reconciled Depreciation": 67775000.0,
        "Reconciled Cost Of Revenue": 865375000.0,
        "EBITDA": 157565000.0,
        "EBIT": 89790000.0,
        "Net Interest Income": -23765000.0,
        "Interest Expense": 32870000.0,
        "Interest Income": NaN,
        "Normalized Income": 59230371.67955,
        "Net Income From Continuing And Discontinued Operation": 49262000.0,
        "Total Expenses": 865375000.0,
        "Total Operating Income As Reported": 90996000.0,
        "Diluted Average Shares": 110301000.0,
        "Basic Average Shares": 110134000.0,
        "Diluted EPS": 0.44,
        "Basic EPS": 0.44,
        "Diluted NI Availto Com Stockholders": 48789000.0,
        "Net Income Common Stockholders": 48789000.0,
        "Preferred Stock Dividends": 473000.0,
        "Net Income": 49262000.0,
        "Net Income Including Noncontrolling Interests": 49262000.0,
        "Net Income Continuous Operations": 49262000.0,
        "Tax Provision": 7658000.0,
        "Pretax Income": 56920000.0,
        "Other Income Expense": -10311000.0,
        "Other Non Operating Income Expenses": 1207000.0,
        "Special Income Charges": 4091000.0,
        "Gain On Sale Of Business": NaN,
        "Other Special Charges": -4091000.0,
        "Gain On Sale Of Security": NaN,
        "Net Non Operating Interest Income Expense": -23765000.0,
        "Interest Expense Non Operating": 32870000.0,
        "Interest Income Non Operating": NaN,
        "Operating Income": 90996000.0,
        "Operating Expense": -4091000.0,
        "Other Operating Expenses": -4091000.0,
        "Selling General And Administration": -1207000.0,
        "General And Administrative Expense": -1207000.0,
        "Salaries And Wages": -1207000.0,
        "Gross Profit": 90996000.0,
        "Cost Of Revenue": 865375000.0,
        "Total Revenue": 956371000.0,
        "Operating Revenue": 952929000.0
    },
    "2024-03-31": {
        "Tax Effect Of Unusual Items": 800800.0,
        "Tax Rate For Calcs": 0.22,
        "Normalized EBITDA": 163070000.0,
        "Total Unusual Items": 3640000.0,
        "Total Unusual Items Excluding Goodwill": 3640000.0,
        "Net Income From Continuing Operation Net Minority Interest": 42595000.0,
        "Reconciled Depreciation": 80850000.0,
        "Reconciled Cost Of Revenue": 820739000.0,
        "EBITDA": 166710000.0,
        "EBIT": 85860000.0,
        "Net Interest Income": -28458000.0,
        "Interest Expense": 31591000.0,
        "Interest Income": 3133000.0,
        "Normalized Income": 39755800.0,
        "Net Income From Continuing And Discontinued Operation": 42595000.0,
        "Total Expenses": 819353000.0,
        "Total Operating Income As Reported": 76419000.0,
        "Diluted Average Shares": 110476000.0,
        "Basic Average Shares": 110218000.0,
        "Diluted EPS": 0.38,
        "Basic EPS": 0.38,
        "Diluted NI Availto Com Stockholders": 42122000.0,
        "Net Income Common Stockholders": 42122000.0,
        "Preferred Stock Dividends": 473000.0,
        "Net Income": 42595000.0,
        "Net Income Including Noncontrolling Interests": 42595000.0,
        "Net Income Continuous Operations": 42595000.0,
        "Tax Provision": 11674000.0,
        "Pretax Income": 54269000.0,
        "Other Income Expense": 4922000.0,
        "Other Non Operating Income Expenses": 1282000.0,
        "Special Income Charges": 3640000.0,
        "Gain On Sale Of Business": NaN,
        "Other Special Charges": -3640000.0,
        "Gain On Sale Of Security": NaN,
        "Net Non Operating Interest Income Expense": -28458000.0,
        "Interest Expense Non Operating": 31591000.0,
        "Interest Income Non Operating": 3133000.0,
        "Operating Income": 77805000.0,
        "Operating Expense": -1386000.0,
        "Other Operating Expenses": -1386000.0,
        "Selling General And Administration": NaN,
        "General And Administrative Expense": NaN,
        "Salaries And Wages": NaN,
        "Gross Profit": 76419000.0,
        "Cost Of Revenue": 820739000.0,
        "Total Revenue": 897158000.0,
        "Operating Revenue": 893722000.0
    },
    "2024-06-30": {
        "Tax Effect Of Unusual Items": 856400.454577,
        "Tax Rate For Calcs": 0.256715,
        "Normalized EBITDA": -1633920000.0,
        "Total Unusual Items": 3336000.0,
        "Total Unusual Items Excluding Goodwill": 3336000.0,
        "Net Income From Continuing Operation Net Minority Interest": -1295011000.0,
        "Reconciled Depreciation": 80640000.0,
        "Reconciled Cost Of Revenue": 2616335000.0,
        "EBITDA": -1630584000.0,
        "EBIT": -1711224000.0,
        "Net Interest Income": -27922000.0,
        "Interest Expense": 31056000.0,
        "Interest Income": 3134000.0,
        "Normalized Income": -1297490599.545423,
        "Net Income From Continuing And Discontinued Operation": -1295011000.0,
        "Total Expenses": 2616335000.0,
        "Total Operating Income As Reported": -1718975000.0,
        "Diluted Average Shares": 110303000.0,
        "Basic Average Shares": 110303000.0,
        "Diluted EPS": -11.74,
        "Basic EPS": -11.74,
        "Diluted NI Availto Com Stockholders": -1295484000.0,
        "Net Income Common Stockholders": -1295484000.0,
        "Preferred Stock Dividends": 473000.0,
        "Net Income": -1295011000.0,
        "Net Income Including Noncontrolling Interests": -1295011000.0,
        "Net Income Continuous Operations": -1295011000.0,
        "Tax Provision": -447269000.0,
        "Pretax Income": -1742280000.0,
        "Other Income Expense": 4617000.0,
        "Other Non Operating Income Expenses": 1281000.0,
        "Special Income Charges": 3336000.0,
        "Gain On Sale Of Business": NaN,
        "Other Special Charges": -3336000.0,
        "Gain On Sale Of Security": NaN,
        "Net Non Operating Interest Income Expense": -27922000.0,
        "Interest Expense Non Operating": 31056000.0,
        "Interest Income Non Operating": 3134000.0,
        "Operating Income": -1718975000.0,
        "Operating Expense": NaN,
        "Other Operating Expenses": NaN,
        "Selling General And Administration": NaN,
        "General And Administrative Expense": NaN,
        "Salaries And Wages": NaN,
        "Gross Profit": -1718975000.0,
        "Cost Of Revenue": 2616335000.0,
        "Total Revenue": 897360000.0,
        "Operating Revenue": 894274000.0
    }
}