{
    "2023-03-31": {
        "Tax Effect Of Unusual Items": 0.0,
        "Tax Rate For Calcs": 0.0,
        "Normalized EBITDA": -13191128.0,
        "Total Unusual Items": -48434.0,
        "Total Unusual Items Excluding Goodwill": -48434.0,
        "Net Income From Continuing Operation Net Minority Interest": -13259921.0,
        "Reconciled Depreciation": 18037.0,
        "EBIT": -13257599.0,
        "Net Interest Income": -2322.0,
        "Interest Expense": 2322.0,
        "Normalized Income": -13211487.0,
        "Net Income From Continuing And Discontinued Operation": -13259921.0,
        "Total Expenses": 13209165.0,
        "Total Operating Income As Reported": -13209165.0,
        "Diluted Average Shares": 3811482.0,
        "Basic Average Shares": 3811482.0,
        "Diluted EPS": -3.48,
        "Basic EPS": -3.48,
        "Diluted NI Availto Com Stockholders": -13259921.0,
        "Net Income Common Stockholders": -13259921.0,
        "Net Income": -13259921.0,
        "Net Income Including Noncontrolling Interests": -13259921.0,
        "Net Income Continuous Operations": -13259921.0,
        "Tax Provision": 0.0,
        "Pretax Income": -13259921.0,
        "Other Income Expense": -48434.0,
        "Special Income Charges": -48434.0,
        "Restructuring And Mergern Acquisition": 48434.0,
        "Net Non Operating Interest Income Expense": -2322.0,
        "Total Other Finance Cost": NaN,
        "Interest Expense Non Operating": 2322.0,
        "Operating Income": -13209165.0,
        "Operating Expense": 13209165.0,
        "Research And Development": 9797659.0,
        "Selling General And Administration": 3411506.0,
        "General And Administrative Expense": 3411506.0,
        "Other Gand A": 3411506.0,
        "Total Revenue": 0.0,
        "Operating Revenue": 0.0
    },
    "2022-12-31": {
        "Tax Effect Of Unusual Items": -532705.757867,
        "Tax Rate For Calcs": 0.297447,
        "Normalized EBITDA": -7883411.0,
        "Total Unusual Items": -1790924.0,
        "Total Unusual Items Excluding Goodwill": -1790924.0,
        "Net Income From Continuing Operation Net Minority Interest": -6811474.0,
        "Reconciled Depreciation": 18476.0,
        "EBIT": -9692811.0,
        "Net Interest Income": -2512.0,
        "Interest Expense": 2512.0,
        "Normalized Income": -5553255.757867,
        "Net Income From Continuing And Discontinued Operation": -6811474.0,
        "Total Expenses": 7901887.0,
        "Total Operating Income As Reported": -9772811.0,
        "Diluted Average Shares": NaN,
        "Basic Average Shares": NaN,
        "Diluted EPS": NaN,
        "Basic EPS": NaN,
        "Diluted NI Availto Com Stockholders": -9948974.0,
        "Net Income Common Stockholders": -9948974.0,
        "Net Income": -6811474.0,
        "Net Income Including Noncontrolling Interests": -6811474.0,
        "Net Income Continuous Operations": -6811474.0,
        "Tax Provision": -2883849.0,
        "Pretax Income": -9695323.0,
        "Other Income Expense": -1790924.0,
        "Special Income Charges": -2205916.0,
        "Restructuring And Mergern Acquisition": NaN,
        "Net Non Operating Interest Income Expense": -2512.0,
        "Total Other Finance Cost": NaN,
        "Interest Expense Non Operating": 2512.0,
        "Operating Income": -7901887.0,
        "Operating Expense": 7901887.0,
        "Research And Development": 7516126.0,
        "Selling General And Administration": 385761.0,
        "General And Administrative Expense": 385761.0,
        "Other Gand A": 385761.0,
        "Total Revenue": 0.0,
        "Operating Revenue": 0.0
    },
    "2022-09-30": {
        "Tax Effect Of Unusual Items": 0.0,
        "Tax Rate For Calcs": 0.0,
        "Normalized EBITDA": -8447598.0,
        "Total Unusual Items": -80000.0,
        "Total Unusual Items Excluding Goodwill": -80000.0,
        "Net Income From Continuing Operation Net Minority Interest": -8547591.0,
        "Reconciled Depreciation": 17728.0,
        "EBIT": -8545326.0,
        "Net Interest Income": -2265.0,
        "Interest Expense": 2265.0,
        "Normalized Income": -8467591.0,
        "Net Income From Continuing And Discontinued Operation": -8547591.0,
        "Total Expenses": 8465326.0,
        "Total Operating Income As Reported": -8465326.0,
        "Diluted Average Shares": 3811480.0,
        "Basic Average Shares": 3811480.0,
        "Diluted EPS": -2.2,
        "Basic EPS": -2.2,
        "Diluted NI Availto Com Stockholders": -8547591.0,
        "Net Income Common Stockholders": -8547591.0,
        "Net Income": -8547591.0,
        "Net Income Including Noncontrolling Interests": -8547591.0,
        "Net Income Continuous Operations": -8547591.0,
        "Tax Provision": 0.0,
        "Pretax Income": -8547591.0,
        "Other Income Expense": -80000.0,
        "Special Income Charges": -80000.0,
        "Restructuring And Mergern Acquisition": 80000.0,
        "Net Non Operating Interest Income Expense": -2265.0,
        "Total Other Finance Cost": NaN,
        "Interest Expense Non Operating": 2265.0,
        "Operating Income": -8465326.0,
        "Operating Expense": 8465326.0,
        "Research And Development": 5740122.0,
        "Selling General And Administration": 2725204.0,
        "General And Administrative Expense": 2725204.0,
        "Other Gand A": 2725204.0,
        "Total Revenue": 0.0,
        "Operating Revenue": 0.0
    },
    "2022-06-30": {
        "Tax Effect Of Unusual Items": 0.0,
        "Tax Rate For Calcs": 0.0,
        "Normalized EBITDA": -19979594.0,
        "Total Unusual Items": 90000.0,
        "Total Unusual Items Excluding Goodwill": 90000.0,
        "Net Income From Continuing Operation Net Minority Interest": -19911299.0,
        "Reconciled Depreciation": 18527.0,
        "EBIT": -19908121.0,
        "Net Interest Income": -3178.0,
        "Interest Expense": 3178.0,
        "Normalized Income": -20001299.0,
        "Net Income From Continuing And Discontinued Operation": -19911299.0,
        "Total Expenses": 19998121.0,
        "Total Operating Income As Reported": -19998121.0,
        "Diluted Average Shares": 3811480.0,
        "Basic Average Shares": 3811480.0,
        "Diluted EPS": -5.2,
        "Basic EPS": -5.2,
        "Diluted NI Availto Com Stockholders": -19911299.0,
        "Net Income Common Stockholders": -19911299.0,
        "Net Income": -19911299.0,
        "Net Income Including Noncontrolling Interests": -19911299.0,
        "Net Income Continuous Operations": -19911299.0,
        "Tax Provision": 0.0,
        "Pretax Income": -19911299.0,
        "Other Income Expense": 90000.0,
        "Special Income Charges": 90000.0,
        "Restructuring And Mergern Acquisition": -90000.0,
        "Net Non Operating Interest Income Expense": -3178.0,
        "Total Other Finance Cost": 3178.0,
        "Interest Expense Non Operating": 3178.0,
        "Operating Income": -19998121.0,
        "Operating Expense": 19998121.0,
        "Research And Development": 15701955.0,
        "Selling General And Administration": 4296166.0,
        "General And Administrative Expense": 4296166.0,
        "Other Gand A": 4296166.0,
        "Total Revenue": 0.0,
        "Operating Revenue": 0.0
    },
    "2022-03-31": {
        "Diluted EPS": -1.82,
        "Total Revenue": NaN,
        "Gross Profit": NaN,
        "Operating Income": -7,
        "EBIT": -7,
        "Net Income": -7
    },
    "2021-12-31": {
        "Diluted EPS": -2.6,
        "Total Revenue": NaN,
        "Gross Profit": NaN,
        "Operating Income": -9,
        "EBIT": -9,
        "Net Income": -10
    },
    "2021-09-30": {
        "Diluted EPS": -2.4,
        "Total Revenue": NaN,
        "Gross Profit": NaN,
        "Operating Income": -9,
        "EBIT": -8,
        "Net Income": -9
    },
    "2021-06-30": {
        "Diluted EPS": -2.0,
        "Total Revenue": NaN,
        "Gross Profit": NaN,
        "Operating Income": -7,
        "EBIT": -7,
        "Net Income": -8
    },
    "2021-03-31": {
        "Diluted EPS": -2.4,
        "Total Revenue": NaN,
        "Gross Profit": NaN,
        "Operating Income": -6,
        "EBIT": -6,
        "Net Income": -6
    },
    "2020-12-31": {
        "Diluted EPS": 2.8,
        "Total Revenue": NaN,
        "Gross Profit": NaN,
        "Operating Income": -5,
        "EBIT": -5,
        "Net Income": -5
    },
    "2020-09-30": {
        "Diluted EPS": -13.8,
        "Total Revenue": NaN,
        "Gross Profit": NaN,
        "Operating Income": -6,
        "EBIT": -6,
        "Net Income": -6
    },
    "2020-06-30": {
        "Diluted EPS": -11.6,
        "Total Revenue": NaN,
        "Gross Profit": NaN,
        "Operating Income": -5,
        "EBIT": -5,
        "Net Income": -5
    },
    "2020-03-31": {
        "Diluted EPS": -19.4,
        "Total Revenue": NaN,
        "Gross Profit": NaN,
        "Operating Income": -4,
        "EBIT": -4,
        "Net Income": -4
    },
    "2019-12-31": {
        "Diluted EPS": 198.6,
        "Total Revenue": NaN,
        "Gross Profit": NaN,
        "Operating Income": -2,
        "EBIT": -2,
        "Net Income": -2
    },
    "2019-09-30": {
        "Diluted EPS": -10.6,
        "Total Revenue": NaN,
        "Gross Profit": NaN,
        "Operating Income": -2,
        "EBIT": -2,
        "Net Income": -2
    },
    "2019-06-30": {
        "Diluted EPS": -149.6,
        "Total Revenue": NaN,
        "Gross Profit": NaN,
        "Operating Income": -2,
        "EBIT": -1,
        "Net Income": -6
    },
    "2019-03-31": {
        "Diluted EPS": -160.6,
        "Total Revenue": NaN,
        "Gross Profit": NaN,
        "Operating Income": -2,
        "EBIT": -2,
        "Net Income": -2
    },
    "2018-12-31": {
        "Diluted EPS": -154.98,
        "Total Revenue": NaN,
        "Gross Profit": NaN,
        "Operating Income": -3,
        "EBIT": -3,
        "Net Income": -2
    },
    "2018-09-30": {
        "Diluted EPS": -885.4,
        "Total Revenue": NaN,
        "Gross Profit": NaN,
        "Operating Income": -4,
        "EBIT": -4,
        "Net Income": -9
    },
    "2018-06-30": {
        "Diluted EPS": -529.0,
        "Total Revenue": NaN,
        "Gross Profit": NaN,
        "Operating Income": -4,
        "EBIT": -4,
        "Net Income": -4
    },
    "2018-03-31": {
        "Diluted EPS": -377.62,
        "Total Revenue": NaN,
        "Gross Profit": NaN,
        "Operating Income": -4,
        "EBIT": -4,
        "Net Income": -3
    },
    "2017-12-31": {
        "Diluted EPS": 951.05,
        "Total Revenue": NaN,
        "Gross Profit": NaN,
        "Operating Income": 5,
        "EBIT": 5,
        "Net Income": 4
    },
    "2017-09-30": {
        "Diluted EPS": NaN,
        "Total Revenue": NaN,
        "Gross Profit": NaN,
        "Operating Income": -6,
        "EBIT": -6,
        "Net Income": -6
    },
    "2017-06-30": {
        "Diluted EPS": 377.62,
        "Total Revenue": NaN,
        "Gross Profit": NaN,
        "Operating Income": -5,
        "EBIT": -5,
        "Net Income": 2
    },
    "2017-03-31": {
        "Diluted EPS": NaN,
        "Total Revenue": NaN,
        "Gross Profit": NaN,
        "Operating Income": -5,
        "EBIT": -5,
        "Net Income": -8
    },
    "2016-12-31": {
        "Diluted EPS": -895.11,
        "Total Revenue": NaN,
        "Gross Profit": NaN,
        "Operating Income": -6,
        "EBIT": 0,
        "Net Income": -5
    },
    "2016-09-30": {
        "Diluted EPS": NaN,
        "Total Revenue": NaN,
        "Gross Profit": NaN,
        "Operating Income": -5,
        "EBIT": -5,
        "Net Income": -5
    },
    "2016-06-30": {
        "Diluted EPS": 0.0,
        "Total Revenue": NaN,
        "Gross Profit": NaN,
        "Operating Income": NaN,
        "EBIT": NaN,
        "Net Income": NaN
    },
    "2016-03-31": {
        "Diluted EPS": NaN,
        "Total Revenue": NaN,
        "Gross Profit": NaN,
        "Operating Income": -5,
        "EBIT": -5,
        "Net Income": -4
    },
    "2015-12-31": {
        "Diluted EPS": NaN,
        "Total Revenue": NaN,
        "Gross Profit": NaN,
        "Operating Income": -6,
        "EBIT": 0,
        "Net Income": -3
    },
    "2015-09-30": {
        "Diluted EPS": NaN,
        "Total Revenue": NaN,
        "Gross Profit": NaN,
        "Operating Income": -5,
        "EBIT": -5,
        "Net Income": -5
    },
    "2015-06-30": {
        "Diluted EPS": 0.0,
        "Total Revenue": NaN,
        "Gross Profit": NaN,
        "Operating Income": NaN,
        "EBIT": NaN,
        "Net Income": NaN
    },
    "2015-03-31": {
        "Diluted EPS": NaN,
        "Total Revenue": NaN,
        "Gross Profit": NaN,
        "Operating Income": -4,
        "EBIT": -4,
        "Net Income": -7
    },
    "2014-12-31": {
        "Diluted EPS": NaN,
        "Total Revenue": NaN,
        "Gross Profit": NaN,
        "Operating Income": -3,
        "EBIT": 0,
        "Net Income": -8
    },
    "2014-09-30": {
        "Diluted EPS": -783.22,
        "Total Revenue": NaN,
        "Gross Profit": NaN,
        "Operating Income": -1,
        "EBIT": -1,
        "Net Income": -1
    },
    "2014-06-30": {
        "Diluted EPS": 0.0,
        "Total Revenue": NaN,
        "Gross Profit": NaN,
        "Operating Income": NaN,
        "EBIT": NaN,
        "Net Income": NaN
    },
    "2014-03-31": {
        "Diluted EPS": NaN,
        "Total Revenue": NaN,
        "Gross Profit": NaN,
        "Operating Income": 0,
        "EBIT": 0,
        "Net Income": -9
    },
    "2013-12-31": {
        "Diluted EPS": -223.78,
        "Total Revenue": NaN,
        "Gross Profit": NaN,
        "Operating Income": 0,
        "EBIT": NaN,
        "Net Income": 0
    },
    "2013-09-30": {
        "Diluted EPS": -223.78,
        "Total Revenue": NaN,
        "Gross Profit": NaN,
        "Operating Income": 0,
        "EBIT": 0,
        "Net Income": 0
    },
    "2013-06-30": {
        "Diluted EPS": 0.0,
        "Total Revenue": NaN,
        "Gross Profit": NaN,
        "Operating Income": NaN,
        "EBIT": NaN,
        "Net Income": NaN
    }
}