{
    "2023-06-30": {
        "Tax Effect Of Unusual Items": 0.0,
        "Tax Rate For Calcs": 0.214241,
        "Total Unusual Items": 0.0,
        "Total Unusual Items Excluding Goodwill": 0.0,
        "Net Income From Continuing Operation Net Minority Interest": 1258000.0,
        "Reconciled Depreciation": 221000.0,
        "Net Interest Income": 5450000.0,
        "Interest Expense": 2299000.0,
        "Interest Income": 7749000.0,
        "Normalized Income": 1258000.0,
        "Net Income From Continuing And Discontinued Operation": 1258000.0,
        "Diluted Average Shares": 3113769.0,
        "Basic Average Shares": 3015858.0,
        "Diluted EPS": 0.4,
        "Basic EPS": 0.42,
        "Diluted NI Availto Com Stockholders": 1258000.0,
        "Net Income Common Stockholders": 1258000.0,
        "Net Income": 1258000.0,
        "Net Income Including Noncontrolling Interests": 1258000.0,
        "Net Income Continuous Operations": 1258000.0,
        "Tax Provision": 343000.0,
        "Pretax Income": 1601000.0,
        "Gain On Sale Of Security": NaN,
        "Depreciation Amortization Depletion Income Statement": 103000.0,
        "Depreciation And Amortization In Income Statement": 103000.0,
        "Amortization": 103000.0,
        "Amortization Of Intangibles Income Statement": 103000.0,
        "Selling General And Administration": 2643000.0,
        "Selling And Marketing Expense": 102000.0,
        "General And Administrative Expense": 2541000.0,
        "Insurance And Claims": 147000.0,
        "Salaries And Wages": 2394000.0,
        "Total Revenue": 5905000.0,
        "Operating Revenue": 5905000.0
    },
    "2023-03-31": {
        "Tax Effect Of Unusual Items": 813.203301,
        "Tax Rate For Calcs": 0.203301,
        "Total Unusual Items": 4000.0,
        "Total Unusual Items Excluding Goodwill": 4000.0,
        "Net Income From Continuing Operation Net Minority Interest": 1062000.0,
        "Reconciled Depreciation": 288000.0,
        "Net Interest Income": 5473000.0,
        "Interest Expense": 1540000.0,
        "Interest Income": 7013000.0,
        "Normalized Income": 1058813.203301,
        "Net Income From Continuing And Discontinued Operation": 1062000.0,
        "Diluted Average Shares": 3132000.0,
        "Basic Average Shares": 3006000.0,
        "Diluted EPS": 0.34,
        "Basic EPS": 0.35,
        "Diluted NI Availto Com Stockholders": 1062000.0,
        "Net Income Common Stockholders": 1062000.0,
        "Net Income": 1062000.0,
        "Net Income Including Noncontrolling Interests": 1062000.0,
        "Net Income Continuous Operations": 1062000.0,
        "Tax Provision": 271000.0,
        "Pretax Income": 1333000.0,
        "Gain On Sale Of Security": 0.0,
        "Depreciation Amortization Depletion Income Statement": 71000.0,
        "Depreciation And Amortization In Income Statement": 71000.0,
        "Amortization": 71000.0,
        "Amortization Of Intangibles Income Statement": 71000.0,
        "Selling General And Administration": 2465000.0,
        "Selling And Marketing Expense": 97000.0,
        "General And Administrative Expense": 2368000.0,
        "Insurance And Claims": 49000.0,
        "Salaries And Wages": 2319000.0,
        "Total Revenue": 5947000.0,
        "Operating Revenue": 5947000.0
    },
    "2022-12-31": {
        "Tax Effect Of Unusual Items": 0.0,
        "Tax Rate For Calcs": 0.205841,
        "Total Unusual Items": 0.0,
        "Total Unusual Items Excluding Goodwill": 0.0,
        "Net Income From Continuing Operation Net Minority Interest": 1713000.0,
        "Reconciled Depreciation": 213000.0,
        "Net Interest Income": 5324000.0,
        "Interest Expense": 764000.0,
        "Interest Income": 6088000.0,
        "Normalized Income": 1713000.0,
        "Net Income From Continuing And Discontinued Operation": 1713000.0,
        "Diluted Average Shares": 3131382.0,
        "Basic Average Shares": 2995164.0,
        "Diluted EPS": 0.55,
        "Basic EPS": 0.57,
        "Diluted NI Availto Com Stockholders": 1713000.0,
        "Net Income Common Stockholders": 1713000.0,
        "Net Income": 1713000.0,
        "Net Income Including Noncontrolling Interests": 1713000.0,
        "Net Income Continuous Operations": 1713000.0,
        "Tax Provision": 444000.0,
        "Pretax Income": 2157000.0,
        "Depreciation Amortization Depletion Income Statement": 0.0,
        "Depreciation And Amortization In Income Statement": 0.0,
        "Amortization": 0.0,
        "Amortization Of Intangibles Income Statement": 0.0,
        "Selling General And Administration": 2214000.0,
        "Selling And Marketing Expense": 68000.0,
        "General And Administrative Expense": 2146000.0,
        "Insurance And Claims": 53000.0,
        "Salaries And Wages": 2093000.0,
        "Total Revenue": 5801000.0,
        "Operating Revenue": 5801000.0
    },
    "2022-09-30": {
        "Tax Effect Of Unusual Items": 0.0,
        "Tax Rate For Calcs": 0.005357,
        "Total Unusual Items": NaN,
        "Total Unusual Items Excluding Goodwill": NaN,
        "Net Income From Continuing Operation Net Minority Interest": 1671000.0,
        "Reconciled Depreciation": 218000.0,
        "Net Interest Income": 5305000.0,
        "Interest Expense": 476000.0,
        "Interest Income": 5781000.0,
        "Normalized Income": 1671000.0,
        "Net Income From Continuing And Discontinued Operation": 1671000.0,
        "Diluted Average Shares": 3227418.0,
        "Basic Average Shares": 3065552.0,
        "Diluted EPS": 0.52,
        "Basic EPS": 0.55,
        "Diluted NI Availto Com Stockholders": 1671000.0,
        "Net Income Common Stockholders": 1671000.0,
        "Net Income": 1671000.0,
        "Net Income Including Noncontrolling Interests": 1671000.0,
        "Net Income Continuous Operations": 1671000.0,
        "Tax Provision": 9000.0,
        "Pretax Income": 1680000.0,
        "Depreciation Amortization Depletion Income Statement": NaN,
        "Depreciation And Amortization In Income Statement": NaN,
        "Amortization": NaN,
        "Amortization Of Intangibles Income Statement": NaN,
        "Selling General And Administration": 2403000.0,
        "Selling And Marketing Expense": 74000.0,
        "General And Administrative Expense": 2329000.0,
        "Other Gand A": 181000.0,
        "Insurance And Claims": 47000.0,
        "Salaries And Wages": 2282000.0,
        "Total Revenue": 5799000.0,
        "Operating Revenue": 5799000.0
    },
    "2022-06-30": {
        "Tax Effect Of Unusual Items": 0.0,
        "Tax Rate For Calcs": 0.161037,
        "Total Unusual Items": 0.0,
        "Total Unusual Items Excluding Goodwill": 0.0,
        "Net Income From Continuing Operation Net Minority Interest": 1068000.0,
        "Reconciled Depreciation": 202000.0,
        "Net Interest Income": 4679000.0,
        "Interest Expense": 403000.0,
        "Interest Income": 5082000.0,
        "Normalized Income": 1068000.0,
        "Net Income From Continuing And Discontinued Operation": 1068000.0,
        "Diluted Average Shares": 3473388.0,
        "Basic Average Shares": 3296280.0,
        "Diluted EPS": 0.31,
        "Basic EPS": 0.33,
        "Diluted NI Availto Com Stockholders": 1068000.0,
        "Net Income Common Stockholders": 1068000.0,
        "Net Income": 1068000.0,
        "Net Income Including Noncontrolling Interests": 1068000.0,
        "Net Income Continuous Operations": 1068000.0,
        "Tax Provision": 205000.0,
        "Pretax Income": 1273000.0,
        "Depreciation Amortization Depletion Income Statement": NaN,
        "Depreciation And Amortization In Income Statement": NaN,
        "Amortization": NaN,
        "Amortization Of Intangibles Income Statement": NaN,
        "Selling General And Administration": 2445000.0,
        "Selling And Marketing Expense": 97000.0,
        "General And Administrative Expense": 2348000.0,
        "Other Gand A": 286000.0,
        "Insurance And Claims": 39000.0,
        "Salaries And Wages": 2309000.0,
        "Total Revenue": 5232000.0,
        "Operating Revenue": 5232000.0
    },
    "2022-03-31": {
        "Diluted EPS": 0.37,
        "Total Revenue": 6,
        "Gross Profit": 5,
        "Operating Income": 2,
        "EBIT": NaN,
        "Net Income": 1
    },
    "2021-12-31": {
        "Diluted EPS": 0.34,
        "Total Revenue": 6,
        "Gross Profit": 5,
        "Operating Income": 1,
        "EBIT": NaN,
        "Net Income": 1
    },
    "2021-09-30": {
        "Diluted EPS": 0.38,
        "Total Revenue": 6,
        "Gross Profit": 5,
        "Operating Income": 2,
        "EBIT": NaN,
        "Net Income": 1
    },
    "2021-06-30": {
        "Diluted EPS": 0.37,
        "Total Revenue": 6,
        "Gross Profit": 5,
        "Operating Income": 2,
        "EBIT": NaN,
        "Net Income": 1
    },
    "2021-03-31": {
        "Diluted EPS": 0.41,
        "Total Revenue": 6,
        "Gross Profit": 6,
        "Operating Income": 2,
        "EBIT": NaN,
        "Net Income": 1
    },
    "2020-12-31": {
        "Diluted EPS": 0.42,
        "Total Revenue": 7,
        "Gross Profit": 6,
        "Operating Income": 2,
        "EBIT": NaN,
        "Net Income": 1
    },
    "2020-09-30": {
        "Diluted EPS": 0.37,
        "Total Revenue": 7,
        "Gross Profit": 6,
        "Operating Income": 2,
        "EBIT": NaN,
        "Net Income": 1
    },
    "2020-06-30": {
        "Diluted EPS": 0.3,
        "Total Revenue": 6,
        "Gross Profit": 5,
        "Operating Income": 1,
        "EBIT": NaN,
        "Net Income": 1
    },
    "2020-03-31": {
        "Diluted EPS": 0.27,
        "Total Revenue": 6,
        "Gross Profit": 5,
        "Operating Income": 1,
        "EBIT": NaN,
        "Net Income": 1
    },
    "2019-12-31": {
        "Diluted EPS": 0.16,
        "Total Revenue": 6,
        "Gross Profit": 5,
        "Operating Income": 1,
        "EBIT": NaN,
        "Net Income": 1
    },
    "2019-09-30": {
        "Diluted EPS": 0.34,
        "Total Revenue": 6,
        "Gross Profit": 5,
        "Operating Income": 2,
        "EBIT": NaN,
        "Net Income": 1
    },
    "2019-06-30": {
        "Diluted EPS": 0.31,
        "Total Revenue": 6,
        "Gross Profit": 4,
        "Operating Income": 1,
        "EBIT": NaN,
        "Net Income": 1
    },
    "2019-03-31": {
        "Diluted EPS": 0.32,
        "Total Revenue": 5,
        "Gross Profit": 4,
        "Operating Income": 1,
        "EBIT": NaN,
        "Net Income": 1
    },
    "2018-12-31": {
        "Diluted EPS": 0.31,
        "Total Revenue": 5,
        "Gross Profit": 4,
        "Operating Income": 2,
        "EBIT": NaN,
        "Net Income": 1
    },
    "2018-09-30": {
        "Diluted EPS": 0.32,
        "Total Revenue": 6,
        "Gross Profit": 5,
        "Operating Income": 2,
        "EBIT": NaN,
        "Net Income": 1
    },
    "2018-06-30": {
        "Diluted EPS": 0.31,
        "Total Revenue": 6,
        "Gross Profit": 5,
        "Operating Income": 2,
        "EBIT": NaN,
        "Net Income": 1
    },
    "2018-03-31": {
        "Diluted EPS": 0.27,
        "Total Revenue": 5,
        "Gross Profit": 4,
        "Operating Income": 1,
        "EBIT": NaN,
        "Net Income": 1
    },
    "2017-12-31": {
        "Diluted EPS": 0.1,
        "Total Revenue": 5,
        "Gross Profit": 4,
        "Operating Income": 1,
        "EBIT": NaN,
        "Net Income": 0
    },
    "2017-09-30": {
        "Diluted EPS": 0.27,
        "Total Revenue": 6,
        "Gross Profit": 5,
        "Operating Income": 2,
        "EBIT": NaN,
        "Net Income": 1
    },
    "2017-06-30": {
        "Diluted EPS": 0.27,
        "Total Revenue": 6,
        "Gross Profit": 5,
        "Operating Income": 2,
        "EBIT": NaN,
        "Net Income": 1
    },
    "2017-03-31": {
        "Diluted EPS": 0.22,
        "Total Revenue": 5,
        "Gross Profit": 4,
        "Operating Income": 1,
        "EBIT": NaN,
        "Net Income": 1
    },
    "2016-12-31": {
        "Diluted EPS": 0.2,
        "Total Revenue": 5,
        "Gross Profit": 4,
        "Operating Income": 1,
        "EBIT": NaN,
        "Net Income": 1
    },
    "2016-09-30": {
        "Diluted EPS": 0.27,
        "Total Revenue": 5,
        "Gross Profit": 5,
        "Operating Income": 2,
        "EBIT": NaN,
        "Net Income": 1
    },
    "2016-06-30": {
        "Diluted EPS": 0.26,
        "Total Revenue": 5,
        "Gross Profit": 4,
        "Operating Income": 1,
        "EBIT": NaN,
        "Net Income": 1
    },
    "2016-03-31": {
        "Diluted EPS": 0.2,
        "Total Revenue": 5,
        "Gross Profit": 4,
        "Operating Income": 1,
        "EBIT": NaN,
        "Net Income": 1
    },
    "2015-12-31": {
        "Diluted EPS": 0.18,
        "Total Revenue": 4,
        "Gross Profit": 4,
        "Operating Income": 1,
        "EBIT": NaN,
        "Net Income": 1
    },
    "2015-09-30": {
        "Diluted EPS": 0.24,
        "Total Revenue": 5,
        "Gross Profit": 4,
        "Operating Income": 1,
        "EBIT": NaN,
        "Net Income": 1
    },
    "2015-06-30": {
        "Diluted EPS": 0.21,
        "Total Revenue": 5,
        "Gross Profit": 4,
        "Operating Income": 1,
        "EBIT": NaN,
        "Net Income": 1
    },
    "2015-03-31": {
        "Diluted EPS": 0.21,
        "Total Revenue": 5,
        "Gross Profit": 4,
        "Operating Income": 1,
        "EBIT": NaN,
        "Net Income": 1
    },
    "2014-12-31": {
        "Diluted EPS": 0.21,
        "Total Revenue": 4,
        "Gross Profit": 4,
        "Operating Income": 1,
        "EBIT": NaN,
        "Net Income": 1
    },
    "2014-09-30": {
        "Diluted EPS": 0.2,
        "Total Revenue": 4,
        "Gross Profit": 4,
        "Operating Income": 1,
        "EBIT": NaN,
        "Net Income": 1
    },
    "2014-06-30": {
        "Diluted EPS": 0.18,
        "Total Revenue": 4,
        "Gross Profit": 3,
        "Operating Income": 1,
        "EBIT": NaN,
        "Net Income": 1
    },
    "2014-03-31": {
        "Diluted EPS": 0.16,
        "Total Revenue": 4,
        "Gross Profit": 3,
        "Operating Income": 1,
        "EBIT": NaN,
        "Net Income": 1
    },
    "2013-12-31": {
        "Diluted EPS": 0.15,
        "Total Revenue": 4,
        "Gross Profit": 3,
        "Operating Income": 1,
        "EBIT": NaN,
        "Net Income": 1
    },
    "2013-09-30": {
        "Diluted EPS": 0.17,
        "Total Revenue": 4,
        "Gross Profit": 3,
        "Operating Income": 1,
        "EBIT": NaN,
        "Net Income": 1
    },
    "2013-06-30": {
        "Diluted EPS": 0.16,
        "Total Revenue": 4,
        "Gross Profit": 3,
        "Operating Income": 1,
        "EBIT": NaN,
        "Net Income": 1
    },
    "2013-03-31": {
        "Diluted EPS": 0.15,
        "Total Revenue": 4,
        "Gross Profit": 3,
        "Operating Income": 1,
        "EBIT": NaN,
        "Net Income": 1
    },
    "2012-12-31": {
        "Diluted EPS": 0.18,
        "Total Revenue": 4,
        "Gross Profit": 4,
        "Operating Income": 1,
        "EBIT": NaN,
        "Net Income": 1
    },
    "2012-09-30": {
        "Diluted EPS": 0.18,
        "Total Revenue": 4,
        "Gross Profit": 4,
        "Operating Income": 1,
        "EBIT": NaN,
        "Net Income": 1
    },
    "2012-06-30": {
        "Diluted EPS": 0.15,
        "Total Revenue": 4,
        "Gross Profit": 3,
        "Operating Income": 1,
        "EBIT": NaN,
        "Net Income": 1
    },
    "2012-03-31": {
        "Diluted EPS": 0.11,
        "Total Revenue": 4,
        "Gross Profit": 3,
        "Operating Income": 1,
        "EBIT": NaN,
        "Net Income": 1
    },
    "2011-12-31": {
        "Diluted EPS": 0.12,
        "Total Revenue": 4,
        "Gross Profit": 3,
        "Operating Income": 1,
        "EBIT": NaN,
        "Net Income": 1
    },
    "2011-09-30": {
        "Diluted EPS": 0.14,
        "Total Revenue": 4,
        "Gross Profit": 3,
        "Operating Income": 1,
        "EBIT": NaN,
        "Net Income": 1
    },
    "2011-06-30": {
        "Diluted EPS": 0.09,
        "Total Revenue": 3,
        "Gross Profit": 3,
        "Operating Income": 1,
        "EBIT": NaN,
        "Net Income": 0
    },
    "2011-03-31": {
        "Diluted EPS": 0.06,
        "Total Revenue": 3,
        "Gross Profit": 2,
        "Operating Income": 0,
        "EBIT": NaN,
        "Net Income": 0
    },
    "2010-12-31": {
        "Diluted EPS": 0.09,
        "Total Revenue": 3,
        "Gross Profit": 3,
        "Operating Income": 1,
        "EBIT": NaN,
        "Net Income": 1
    },
    "2010-09-30": {
        "Diluted EPS": 0.11,
        "Total Revenue": 3,
        "Gross Profit": 3,
        "Operating Income": 1,
        "EBIT": NaN,
        "Net Income": 1
    },
    "2010-06-30": {
        "Diluted EPS": 0.07,
        "Total Revenue": 3,
        "Gross Profit": 2,
        "Operating Income": 1,
        "EBIT": NaN,
        "Net Income": 0
    },
    "2010-03-31": {
        "Diluted EPS": -0.05,
        "Total Revenue": 2,
        "Gross Profit": 1,
        "Operating Income": 0,
        "EBIT": NaN,
        "Net Income": 0
    },
    "2009-12-31": {
        "Diluted EPS": 0.04,
        "Total Revenue": 3,
        "Gross Profit": 2,
        "Operating Income": 0,
        "EBIT": NaN,
        "Net Income": 0
    },
    "2009-09-30": {
        "Diluted EPS": 0.04,
        "Total Revenue": 2,
        "Gross Profit": 1,
        "Operating Income": 0,
        "EBIT": NaN,
        "Net Income": 0
    },
    "2009-06-30": {
        "Diluted EPS": 0.01,
        "Total Revenue": 2,
        "Gross Profit": 1,
        "Operating Income": 0,
        "EBIT": NaN,
        "Net Income": 0
    },
    "2009-03-31": {
        "Diluted EPS": 0.04,
        "Total Revenue": 2,
        "Gross Profit": 1,
        "Operating Income": 0,
        "EBIT": NaN,
        "Net Income": 0
    },
    "2023-09-30": {
        "Tax Effect Of Unusual Items": -6902.0,
        "Tax Rate For Calcs": 0.203,
        "Total Unusual Items": -34000.0,
        "Total Unusual Items Excluding Goodwill": -34000.0,
        "Net Income From Continuing Operation Net Minority Interest": 1220000.0,
        "Reconciled Depreciation": 224000.0,
        "Net Interest Income": 5284000.0,
        "Interest Expense": 2790000.0,
        "Interest Income": 8074000.0,
        "Normalized Income": 1247098.0,
        "Net Income From Continuing And Discontinued Operation": 1220000.0,
        "Diluted Average Shares": 3108000.0,
        "Basic Average Shares": 3029000.0,
        "Diluted EPS": 0.39,
        "Basic EPS": 0.4,
        "Diluted NI Availto Com Stockholders": 1220000.0,
        "Net Income Common Stockholders": 1220000.0,
        "Net Income": 1220000.0,
        "Net Income Including Noncontrolling Interests": 1220000.0,
        "Net Income Continuous Operations": 1220000.0,
        "Tax Provision": 310000.0,
        "Pretax Income": 1530000.0,
        "Gain On Sale Of Security": NaN,
        "Depreciation Amortization Depletion Income Statement": 94000.0,
        "Depreciation And Amortization In Income Statement": 94000.0,
        "Amortization": 94000.0,
        "Amortization Of Intangibles Income Statement": 94000.0,
        "Selling General And Administration": 2590000.0,
        "Selling And Marketing Expense": 143000.0,
        "General And Administrative Expense": 2447000.0,
        "Insurance And Claims": 91000.0,
        "Salaries And Wages": 2356000.0,
        "Total Revenue": 5658000.0,
        "Operating Revenue": 5658000.0
    },
    "2023-12-31": {
        "Tax Effect Of Unusual Items": -80010.0,
        "Tax Rate For Calcs": 0.21,
        "Total Unusual Items": -381000.0,
        "Total Unusual Items Excluding Goodwill": -381000.0,
        "Net Income From Continuing Operation Net Minority Interest": 1003000.0,
        "Reconciled Depreciation": 432000.0,
        "Net Interest Income": 4903000.0,
        "Interest Expense": 3177000.0,
        "Interest Income": 8080000.0,
        "Normalized Income": 1303990.0,
        "Net Income From Continuing And Discontinued Operation": 1003000.0,
        "Diluted Average Shares": 3085000.0,
        "Basic Average Shares": 3040000.0,
        "Diluted EPS": 0.33,
        "Basic EPS": 0.33,
        "Diluted NI Availto Com Stockholders": 1003000.0,
        "Net Income Common Stockholders": 1003000.0,
        "Net Income": 1003000.0,
        "Net Income Including Noncontrolling Interests": 1003000.0,
        "Net Income Continuous Operations": 1003000.0,
        "Tax Provision": -196000.0,
        "Pretax Income": 807000.0,
        "Gain On Sale Of Security": NaN,
        "Depreciation Amortization Depletion Income Statement": 85000.0,
        "Depreciation And Amortization In Income Statement": 85000.0,
        "Amortization": 85000.0,
        "Amortization Of Intangibles Income Statement": 85000.0,
        "Selling General And Administration": 2518000.0,
        "Selling And Marketing Expense": 82000.0,
        "General And Administrative Expense": 2436000.0,
        "Insurance And Claims": 108000.0,
        "Salaries And Wages": 2328000.0,
        "Total Revenue": 5008000.0,
        "Operating Revenue": 5008000.0
    },
    "2024-03-31": {
        "Tax Effect Of Unusual Items": 0.0,
        "Tax Rate For Calcs": 0.194,
        "Total Unusual Items": 0.0,
        "Total Unusual Items Excluding Goodwill": 0.0,
        "Net Income From Continuing Operation Net Minority Interest": 732000.0,
        "Reconciled Depreciation": 314000.0,
        "Net Interest Income": 4404000.0,
        "Interest Expense": 3486000.0,
        "Interest Income": 7890000.0,
        "Normalized Income": 732000.0,
        "Net Income From Continuing And Discontinued Operation": 732000.0,
        "Diluted Average Shares": 3091000.0,
        "Basic Average Shares": 3047000.0,
        "Diluted EPS": 0.24,
        "Basic EPS": 0.24,
        "Diluted NI Availto Com Stockholders": 732000.0,
        "Net Income Common Stockholders": 732000.0,
        "Net Income": 732000.0,
        "Net Income Including Noncontrolling Interests": 732000.0,
        "Net Income Continuous Operations": 732000.0,
        "Tax Provision": 176000.0,
        "Pretax Income": 908000.0,
        "Gain On Sale Of Security": 26000.0,
        "Depreciation Amortization Depletion Income Statement": 79000.0,
        "Depreciation And Amortization In Income Statement": 79000.0,
        "Amortization": 79000.0,
        "Amortization Of Intangibles Income Statement": 79000.0,
        "Selling General And Administration": 2620000.0,
        "Selling And Marketing Expense": 77000.0,
        "General And Administrative Expense": 2543000.0,
        "Insurance And Claims": 90000.0,
        "Salaries And Wages": 2453000.0,
        "Total Revenue": 4879000.0,
        "Operating Revenue": 4879000.0
    }
}