{
    "2023-06-30": {
        "Tax Effect Of Unusual Items": NaN,
        "Tax Rate For Calcs": NaN,
        "Normalized EBITDA": NaN,
        "Total Unusual Items": NaN,
        "Total Unusual Items Excluding Goodwill": NaN,
        "Net Income From Continuing Operation Net Minority Interest": NaN,
        "Reconciled Depreciation": NaN,
        "Reconciled Cost Of Revenue": NaN,
        "EBITDA": NaN,
        "EBIT": NaN,
        "Net Interest Income": NaN,
        "Interest Expense": NaN,
        "Interest Income": NaN,
        "Normalized Income": NaN,
        "Net Income From Continuing And Discontinued Operation": NaN,
        "Total Expenses": NaN,
        "Total Operating Income As Reported": NaN,
        "Diluted Average Shares": NaN,
        "Basic Average Shares": NaN,
        "Diluted EPS": NaN,
        "Basic EPS": NaN,
        "Diluted NI Availto Com Stockholders": NaN,
        "Net Income Common Stockholders": NaN,
        "Net Income": NaN,
        "Minority Interests": NaN,
        "Net Income Including Noncontrolling Interests": NaN,
        "Net Income Discontinuous Operations": NaN,
        "Net Income Continuous Operations": NaN,
        "Tax Provision": NaN,
        "Pretax Income": NaN,
        "Other Income Expense": NaN,
        "Other Non Operating Income Expenses": NaN,
        "Special Income Charges": -16000.0,
        "Gain On Sale Of Ppe": -16000.0,
        "Other Special Charges": NaN,
        "Impairment Of Capital Assets": NaN,
        "Earnings From Equity Interest": NaN,
        "Gain On Sale Of Security": NaN,
        "Net Non Operating Interest Income Expense": NaN,
        "Interest Expense Non Operating": NaN,
        "Interest Income Non Operating": NaN,
        "Operating Income": NaN,
        "Operating Expense": NaN,
        "Other Operating Expenses": NaN,
        "Provision For Doubtful Accounts": NaN,
        "Depreciation Amortization Depletion Income Statement": NaN,
        "Depreciation And Amortization In Income Statement": NaN,
        "Selling General And Administration": NaN,
        "General And Administrative Expense": NaN,
        "Other Gand A": NaN,
        "Gross Profit": NaN,
        "Cost Of Revenue": NaN,
        "Total Revenue": NaN,
        "Operating Revenue": NaN
    },
    "2023-03-31": {
        "Tax Effect Of Unusual Items": NaN,
        "Tax Rate For Calcs": NaN,
        "Normalized EBITDA": NaN,
        "Total Unusual Items": NaN,
        "Total Unusual Items Excluding Goodwill": NaN,
        "Net Income From Continuing Operation Net Minority Interest": NaN,
        "Reconciled Depreciation": NaN,
        "Reconciled Cost Of Revenue": NaN,
        "EBITDA": NaN,
        "EBIT": NaN,
        "Net Interest Income": NaN,
        "Interest Expense": NaN,
        "Interest Income": NaN,
        "Normalized Income": NaN,
        "Net Income From Continuing And Discontinued Operation": NaN,
        "Total Expenses": NaN,
        "Total Operating Income As Reported": NaN,
        "Diluted Average Shares": NaN,
        "Basic Average Shares": NaN,
        "Diluted EPS": NaN,
        "Basic EPS": NaN,
        "Diluted NI Availto Com Stockholders": NaN,
        "Net Income Common Stockholders": NaN,
        "Net Income": NaN,
        "Minority Interests": NaN,
        "Net Income Including Noncontrolling Interests": NaN,
        "Net Income Discontinuous Operations": NaN,
        "Net Income Continuous Operations": NaN,
        "Tax Provision": NaN,
        "Pretax Income": NaN,
        "Other Income Expense": NaN,
        "Other Non Operating Income Expenses": 4981000.0,
        "Special Income Charges": NaN,
        "Gain On Sale Of Ppe": NaN,
        "Other Special Charges": NaN,
        "Impairment Of Capital Assets": NaN,
        "Earnings From Equity Interest": NaN,
        "Gain On Sale Of Security": 4730000.0,
        "Net Non Operating Interest Income Expense": NaN,
        "Interest Expense Non Operating": NaN,
        "Interest Income Non Operating": NaN,
        "Operating Income": NaN,
        "Operating Expense": NaN,
        "Other Operating Expenses": NaN,
        "Provision For Doubtful Accounts": NaN,
        "Depreciation Amortization Depletion Income Statement": NaN,
        "Depreciation And Amortization In Income Statement": NaN,
        "Selling General And Administration": NaN,
        "General And Administrative Expense": NaN,
        "Other Gand A": NaN,
        "Gross Profit": NaN,
        "Cost Of Revenue": NaN,
        "Total Revenue": NaN,
        "Operating Revenue": NaN
    },
    "2022-12-31": {
        "Tax Effect Of Unusual Items": NaN,
        "Tax Rate For Calcs": NaN,
        "Normalized EBITDA": NaN,
        "Total Unusual Items": NaN,
        "Total Unusual Items Excluding Goodwill": NaN,
        "Net Income From Continuing Operation Net Minority Interest": NaN,
        "Reconciled Depreciation": NaN,
        "Reconciled Cost Of Revenue": NaN,
        "EBITDA": NaN,
        "EBIT": NaN,
        "Net Interest Income": NaN,
        "Interest Expense": NaN,
        "Interest Income": NaN,
        "Normalized Income": NaN,
        "Net Income From Continuing And Discontinued Operation": NaN,
        "Total Expenses": NaN,
        "Total Operating Income As Reported": NaN,
        "Diluted Average Shares": NaN,
        "Basic Average Shares": NaN,
        "Diluted EPS": NaN,
        "Basic EPS": NaN,
        "Diluted NI Availto Com Stockholders": NaN,
        "Net Income Common Stockholders": NaN,
        "Net Income": NaN,
        "Minority Interests": NaN,
        "Net Income Including Noncontrolling Interests": NaN,
        "Net Income Continuous Operations": NaN,
        "Tax Provision": NaN,
        "Pretax Income": NaN,
        "Other Income Expense": NaN,
        "Other Non Operating Income Expenses": NaN,
        "Special Income Charges": NaN,
        "Gain On Sale Of Ppe": NaN,
        "Other Special Charges": 1732000.0,
        "Write Off": 0.0,
        "Impairment Of Capital Assets": 0.0,
        "Earnings From Equity Interest": NaN,
        "Gain On Sale Of Security": 25669000.0,
        "Net Non Operating Interest Income Expense": NaN,
        "Interest Expense Non Operating": NaN,
        "Interest Income Non Operating": NaN,
        "Operating Income": NaN,
        "Operating Expense": NaN,
        "Other Operating Expenses": NaN,
        "Provision For Doubtful Accounts": NaN,
        "Depreciation Amortization Depletion Income Statement": NaN,
        "Depreciation And Amortization In Income Statement": NaN,
        "Selling General And Administration": NaN,
        "General And Administrative Expense": NaN,
        "Other Gand A": NaN,
        "Gross Profit": NaN,
        "Cost Of Revenue": NaN,
        "Total Revenue": NaN,
        "Operating Revenue": NaN
    },
    "2022-09-30": {
        "Tax Effect Of Unusual Items": NaN,
        "Tax Rate For Calcs": NaN,
        "Normalized EBITDA": NaN,
        "Total Unusual Items": NaN,
        "Total Unusual Items Excluding Goodwill": NaN,
        "Net Income From Continuing Operation Net Minority Interest": NaN,
        "Reconciled Depreciation": NaN,
        "Reconciled Cost Of Revenue": NaN,
        "EBITDA": NaN,
        "EBIT": NaN,
        "Net Interest Income": NaN,
        "Interest Expense": NaN,
        "Interest Income": NaN,
        "Normalized Income": NaN,
        "Net Income From Continuing And Discontinued Operation": NaN,
        "Total Expenses": NaN,
        "Total Operating Income As Reported": NaN,
        "Diluted Average Shares": NaN,
        "Basic Average Shares": NaN,
        "Diluted EPS": NaN,
        "Basic EPS": NaN,
        "Diluted NI Availto Com Stockholders": NaN,
        "Net Income Common Stockholders": NaN,
        "Net Income": NaN,
        "Minority Interests": NaN,
        "Net Income Including Noncontrolling Interests": NaN,
        "Net Income Continuous Operations": NaN,
        "Tax Provision": NaN,
        "Pretax Income": NaN,
        "Other Income Expense": NaN,
        "Other Non Operating Income Expenses": NaN,
        "Special Income Charges": NaN,
        "Gain On Sale Of Ppe": NaN,
        "Other Special Charges": NaN,
        "Write Off": 0.0,
        "Impairment Of Capital Assets": 0.0,
        "Earnings From Equity Interest": NaN,
        "Gain On Sale Of Security": NaN,
        "Net Non Operating Interest Income Expense": NaN,
        "Interest Expense Non Operating": NaN,
        "Interest Income Non Operating": NaN,
        "Operating Income": NaN,
        "Operating Expense": NaN,
        "Other Operating Expenses": NaN,
        "Provision For Doubtful Accounts": NaN,
        "Depreciation Amortization Depletion Income Statement": NaN,
        "Depreciation And Amortization In Income Statement": NaN,
        "Selling General And Administration": NaN,
        "General And Administrative Expense": NaN,
        "Other Gand A": NaN,
        "Gross Profit": NaN,
        "Cost Of Revenue": NaN,
        "Total Revenue": NaN,
        "Operating Revenue": NaN
    },
    "2022-06-30": {
        "Tax Effect Of Unusual Items": 924715.0,
        "Tax Rate For Calcs": 0.253,
        "Normalized EBITDA": 102258000.0,
        "Total Unusual Items": 3655000.0,
        "Total Unusual Items Excluding Goodwill": 3655000.0,
        "Net Income From Continuing Operation Net Minority Interest": 21564000.0,
        "Reconciled Depreciation": 49066000.0,
        "Reconciled Cost Of Revenue": 149852000.0,
        "EBITDA": 105913000.0,
        "EBIT": 56847000.0,
        "Net Interest Income": -27898000.0,
        "Interest Expense": 28152000.0,
        "Interest Income": 254000.0,
        "Normalized Income": 18833715.0,
        "Net Income From Continuing And Discontinued Operation": 21564000.0,
        "Total Expenses": 217678000.0,
        "Total Operating Income As Reported": 63048000.0,
        "Diluted Average Shares": 50822000.0,
        "Basic Average Shares": 50786000.0,
        "Diluted EPS": 0.42,
        "Basic EPS": 0.42,
        "Diluted NI Availto Com Stockholders": 21564000.0,
        "Net Income Common Stockholders": 21564000.0,
        "Net Income": 21564000.0,
        "Minority Interests": 132000.0,
        "Net Income Including Noncontrolling Interests": 21432000.0,
        "Net Income Continuous Operations": 21432000.0,
        "Tax Provision": 7263000.0,
        "Pretax Income": 28695000.0,
        "Other Income Expense": -2437000.0,
        "Special Income Charges": -363000.0,
        "Gain On Sale Of Ppe": 4018000.0,
        "Other Special Charges": 363000.0,
        "Write Off": 0.0,
        "Earnings From Equity Interest": -6092000.0,
        "Gain On Sale Of Security": 4018000.0,
        "Net Non Operating Interest Income Expense": -27898000.0,
        "Interest Expense Non Operating": 28152000.0,
        "Interest Income Non Operating": 254000.0,
        "Operating Income": 59030000.0,
        "Operating Expense": 67736000.0,
        "Other Operating Expenses": 1960000.0,
        "Provision For Doubtful Accounts": 1288000.0,
        "Depreciation Amortization Depletion Income Statement": 48976000.0,
        "Depreciation And Amortization In Income Statement": 48976000.0,
        "Selling General And Administration": 15512000.0,
        "General And Administrative Expense": 15512000.0,
        "Other Gand A": 15512000.0,
        "Gross Profit": 126766000.0,
        "Cost Of Revenue": 149942000.0,
        "Total Revenue": 276708000.0,
        "Operating Revenue": 228925000.0
    },
    "2023-09-30": {
        "Tax Effect Of Unusual Items": 4266932.0,
        "Tax Rate For Calcs": 0.262,
        "Normalized EBITDA": 109190000.0,
        "Total Unusual Items": 16286000.0,
        "Total Unusual Items Excluding Goodwill": 16286000.0,
        "Net Income From Continuing Operation Net Minority Interest": 32018000.0,
        "Reconciled Depreciation": 17160000.0,
        "Reconciled Cost Of Revenue": 142946000.0,
        "EBITDA": 125476000.0,
        "EBIT": 82790000.0,
        "Net Interest Income": -31634000.0,
        "Interest Expense": 39316000.0,
        "Interest Income": 7682000.0,
        "Normalized Income": 19998932.0,
        "Net Income From Continuing And Discontinued Operation": -544181000.0,
        "Total Expenses": 185383000.0,
        "Total Operating Income As Reported": 59376000.0,
        "Diluted Average Shares": 49669000.0,
        "Basic Average Shares": 49616000.0,
        "Diluted EPS": -10.97,
        "Basic EPS": -10.97,
        "Diluted NI Availto Com Stockholders": -544181000.0,
        "Net Income Common Stockholders": -544181000.0,
        "Net Income": -544181000.0,
        "Minority Interests": -46000.0,
        "Net Income Including Noncontrolling Interests": -544135000.0,
        "Net Income Discontinuous Operations": -576199000.0,
        "Net Income Continuous Operations": 32064000.0,
        "Tax Provision": 11410000.0,
        "Pretax Income": 43474000.0,
        "Other Income Expense": 32018000.0,
        "Other Non Operating Income Expenses": NaN,
        "Special Income Charges": 16286000.0,
        "Gain On Sale Of Ppe": 16286000.0,
        "Other Special Charges": 48000.0,
        "Impairment Of Capital Assets": 672492000.0,
        "Earnings From Equity Interest": 15732000.0,
        "Gain On Sale Of Security": NaN,
        "Net Non Operating Interest Income Expense": -31634000.0,
        "Interest Expense Non Operating": 39316000.0,
        "Interest Income Non Operating": 7682000.0,
        "Operating Income": 43090000.0,
        "Operating Expense": 67963000.0,
        "Other Operating Expenses": 2277000.0,
        "Provision For Doubtful Accounts": 1399000.0,
        "Depreciation Amortization Depletion Income Statement": 42686000.0,
        "Depreciation And Amortization In Income Statement": 42686000.0,
        "Selling General And Administration": 21601000.0,
        "General And Administrative Expense": 21601000.0,
        "Other Gand A": 21601000.0,
        "Gross Profit": 111053000.0,
        "Cost Of Revenue": 117420000.0,
        "Total Revenue": 228473000.0,
        "Operating Revenue": 228473000.0
    },
    "2023-12-31": {
        "Tax Effect Of Unusual Items": 643860.0,
        "Tax Rate For Calcs": 0.21,
        "Normalized EBITDA": 130193000.0,
        "Total Unusual Items": 3066000.0,
        "Total Unusual Items Excluding Goodwill": 3066000.0,
        "Net Income From Continuing Operation Net Minority Interest": 34296000.0,
        "Reconciled Depreciation": 54841000.0,
        "Reconciled Cost Of Revenue": 172799000.0,
        "EBITDA": 133259000.0,
        "EBIT": 78345000.0,
        "Net Interest Income": -37378000.0,
        "Interest Expense": 46315000.0,
        "Interest Income": 8937000.0,
        "Normalized Income": 31873860.0,
        "Net Income From Continuing And Discontinued Operation": 34296000.0,
        "Total Expenses": 259946000.0,
        "Total Operating Income As Reported": 83338000.0,
        "Diluted Average Shares": 49704348.0,
        "Basic Average Shares": 49704348.0,
        "Diluted EPS": 0.69,
        "Basic EPS": 0.69,
        "Diluted NI Availto Com Stockholders": 34296000.0,
        "Net Income Common Stockholders": 34296000.0,
        "Net Income": 34296000.0,
        "Minority Interests": -77000.0,
        "Net Income Including Noncontrolling Interests": 34373000.0,
        "Net Income Discontinuous Operations": NaN,
        "Net Income Continuous Operations": 34373000.0,
        "Tax Provision": -2343000.0,
        "Pretax Income": 32030000.0,
        "Other Income Expense": -6484000.0,
        "Other Non Operating Income Expenses": NaN,
        "Special Income Charges": 3066000.0,
        "Gain On Sale Of Ppe": 3162000.0,
        "Other Special Charges": 96000.0,
        "Impairment Of Capital Assets": 0.0,
        "Earnings From Equity Interest": -13834000.0,
        "Gain On Sale Of Security": NaN,
        "Net Non Operating Interest Income Expense": -37378000.0,
        "Interest Expense Non Operating": 46315000.0,
        "Interest Income Non Operating": 8937000.0,
        "Operating Income": 75892000.0,
        "Operating Expense": 87220000.0,
        "Other Operating Expenses": 8045000.0,
        "Provision For Doubtful Accounts": -1561000.0,
        "Depreciation Amortization Depletion Income Statement": 54914000.0,
        "Depreciation And Amortization In Income Statement": 54914000.0,
        "Selling General And Administration": 25822000.0,
        "General And Administrative Expense": 25822000.0,
        "Other Gand A": 25822000.0,
        "Gross Profit": 163112000.0,
        "Cost Of Revenue": 172726000.0,
        "Total Revenue": 335838000.0,
        "Operating Revenue": 335838000.0
    },
    "2024-03-31": {
        "Tax Effect Of Unusual Items": 1184118.0,
        "Tax Rate For Calcs": 0.247,
        "Normalized EBITDA": 19709000.0,
        "Total Unusual Items": 4794000.0,
        "Total Unusual Items Excluding Goodwill": 4794000.0,
        "Net Income From Continuing Operation Net Minority Interest": -52477000.0,
        "Reconciled Depreciation": 52164000.0,
        "Reconciled Cost Of Revenue": 105832000.0,
        "EBITDA": 24503000.0,
        "EBIT": -27744000.0,
        "Net Interest Income": -33800000.0,
        "Interest Expense": 41918000.0,
        "Interest Income": 8118000.0,
        "Normalized Income": -56086882.0,
        "Net Income From Continuing And Discontinued Operation": -52477000.0,
        "Total Expenses": 192659000.0,
        "Total Operating Income As Reported": -16727000.0,
        "Diluted Average Shares": 49663000.0,
        "Basic Average Shares": 49663000.0,
        "Diluted EPS": -1.06,
        "Basic EPS": -1.06,
        "Diluted NI Availto Com Stockholders": -52477000.0,
        "Net Income Common Stockholders": -52477000.0,
        "Net Income": -52477000.0,
        "Minority Interests": -10000.0,
        "Net Income Including Noncontrolling Interests": -52467000.0,
        "Net Income Discontinuous Operations": NaN,
        "Net Income Continuous Operations": -52467000.0,
        "Tax Provision": -17195000.0,
        "Pretax Income": -69662000.0,
        "Other Income Expense": -14341000.0,
        "Other Non Operating Income Expenses": NaN,
        "Special Income Charges": NaN,
        "Gain On Sale Of Ppe": NaN,
        "Other Special Charges": NaN,
        "Impairment Of Capital Assets": NaN,
        "Earnings From Equity Interest": -19135000.0,
        "Gain On Sale Of Security": 4794000.0,
        "Net Non Operating Interest Income Expense": -33800000.0,
        "Interest Expense Non Operating": 41918000.0,
        "Interest Income Non Operating": 8118000.0,
        "Operating Income": -21521000.0,
        "Operating Expense": 86910000.0,
        "Other Operating Expenses": 2927000.0,
        "Provision For Doubtful Accounts": 834000.0,
        "Depreciation Amortization Depletion Income Statement": 52247000.0,
        "Depreciation And Amortization In Income Statement": 52247000.0,
        "Selling General And Administration": 30902000.0,
        "General And Administrative Expense": 30902000.0,
        "Other Gand A": 30902000.0,
        "Gross Profit": 65389000.0,
        "Cost Of Revenue": 105749000.0,
        "Total Revenue": 171138000.0,
        "Operating Revenue": 171138000.0
    },
    "2024-06-30": {
        "Tax Effect Of Unusual Items": -45936.0,
        "Tax Rate For Calcs": 0.232,
        "Normalized EBITDA": 123251000.0,
        "Total Unusual Items": -198000.0,
        "Total Unusual Items Excluding Goodwill": -198000.0,
        "Net Income From Continuing Operation Net Minority Interest": 21092000.0,
        "Reconciled Depreciation": 52555000.0,
        "Reconciled Cost Of Revenue": 164846000.0,
        "EBITDA": 123053000.0,
        "EBIT": 70424000.0,
        "Net Interest Income": -36822000.0,
        "Interest Expense": 43007000.0,
        "Interest Income": 6185000.0,
        "Normalized Income": 21244064.0,
        "Net Income From Continuing And Discontinued Operation": 21092000.0,
        "Total Expenses": 252676000.0,
        "Total Operating Income As Reported": 64733000.0,
        "Diluted Average Shares": 49725000.0,
        "Basic Average Shares": 49687000.0,
        "Diluted EPS": 0.42,
        "Basic EPS": 0.42,
        "Diluted NI Availto Com Stockholders": 21092000.0,
        "Net Income Common Stockholders": 21092000.0,
        "Net Income": 21092000.0,
        "Minority Interests": 34000.0,
        "Net Income Including Noncontrolling Interests": 21058000.0,
        "Net Income Discontinuous Operations": NaN,
        "Net Income Continuous Operations": 21058000.0,
        "Tax Provision": 6359000.0,
        "Pretax Income": 27417000.0,
        "Other Income Expense": -494000.0,
        "Other Non Operating Income Expenses": NaN,
        "Special Income Charges": -198000.0,
        "Gain On Sale Of Ppe": 0.0,
        "Other Special Charges": 198000.0,
        "Impairment Of Capital Assets": NaN,
        "Earnings From Equity Interest": -296000.0,
        "Gain On Sale Of Security": NaN,
        "Net Non Operating Interest Income Expense": -36822000.0,
        "Interest Expense Non Operating": 43007000.0,
        "Interest Income Non Operating": 6185000.0,
        "Operating Income": 64733000.0,
        "Operating Expense": 87904000.0,
        "Other Operating Expenses": 3477000.0,
        "Provision For Doubtful Accounts": 1563000.0,
        "Depreciation Amortization Depletion Income Statement": 52629000.0,
        "Depreciation And Amortization In Income Statement": 52629000.0,
        "Selling General And Administration": 30235000.0,
        "General And Administrative Expense": 30235000.0,
        "Other Gand A": 30235000.0,
        "Gross Profit": 152637000.0,
        "Cost Of Revenue": 164772000.0,
        "Total Revenue": 317409000.0,
        "Operating Revenue": 317409000.0
    },
    "2024-09-30": {
        "Tax Effect Of Unusual Items": -4642560.0,
        "Tax Rate For Calcs": 0.096,
        "Normalized EBITDA": 242973000.0,
        "Total Unusual Items": -48360000.0,
        "Total Unusual Items Excluding Goodwill": -48360000.0,
        "Net Income From Continuing Operation Net Minority Interest": 96801000.0,
        "Reconciled Depreciation": 30178000.0,
        "Reconciled Cost Of Revenue": 163650000.0,
        "EBITDA": 194613000.0,
        "EBIT": 150525000.0,
        "Net Interest Income": -38461000.0,
        "Interest Expense": 43802000.0,
        "Interest Income": 5341000.0,
        "Normalized Income": 140518440.0,
        "Net Income From Continuing And Discontinued Operation": 72770000.0,
        "Total Expenses": 131973000.0,
        "Total Operating Income As Reported": 198339000.0,
        "Diluted Average Shares": 49762000.0,
        "Basic Average Shares": 49697000.0,
        "Diluted EPS": 1.46,
        "Basic EPS": 1.46,
        "Diluted NI Availto Com Stockholders": 72770000.0,
        "Net Income Common Stockholders": 72770000.0,
        "Net Income": 72770000.0,
        "Minority Interests": 273000.0,
        "Net Income Including Noncontrolling Interests": 72497000.0,
        "Net Income Discontinuous Operations": -24031000.0,
        "Net Income Continuous Operations": 96528000.0,
        "Tax Provision": 10195000.0,
        "Pretax Income": 106723000.0,
        "Other Income Expense": -49990000.0,
        "Other Non Operating Income Expenses": NaN,
        "Special Income Charges": -48360000.0,
        "Gain On Sale Of Ppe": -48360000.0,
        "Other Special Charges": NaN,
        "Impairment Of Capital Assets": NaN,
        "Earnings From Equity Interest": -1630000.0,
        "Gain On Sale Of Security": NaN,
        "Net Non Operating Interest Income Expense": -38461000.0,
        "Interest Expense Non Operating": 43802000.0,
        "Interest Income Non Operating": 5341000.0,
        "Operating Income": 195174000.0,
        "Operating Expense": -17767000.0,
        "Other Operating Expenses": -86907000.0,
        "Provision For Doubtful Accounts": 190000.0,
        "Depreciation Amortization Depletion Income Statement": 44088000.0,
        "Depreciation And Amortization In Income Statement": 44088000.0,
        "Selling General And Administration": 24862000.0,
        "General And Administrative Expense": 24862000.0,
        "Other Gand A": 24862000.0,
        "Gross Profit": 177407000.0,
        "Cost Of Revenue": 149740000.0,
        "Total Revenue": 327147000.0,
        "Operating Revenue": 327147000.0
    }
}