{
    "2023-03-31": {
        "Tax Effect Of Unusual Items": NaN,
        "Tax Rate For Calcs": NaN,
        "Normalized EBITDA": NaN,
        "Total Unusual Items": NaN,
        "Total Unusual Items Excluding Goodwill": NaN,
        "Net Income From Continuing Operation Net Minority Interest": NaN,
        "Reconciled Depreciation": NaN,
        "Reconciled Cost Of Revenue": NaN,
        "EBITDA": NaN,
        "EBIT": NaN,
        "Net Interest Income": NaN,
        "Interest Expense": NaN,
        "Interest Income": 2500000.0,
        "Normalized Income": NaN,
        "Net Income From Continuing And Discontinued Operation": NaN,
        "Total Expenses": NaN,
        "Diluted Average Shares": NaN,
        "Basic Average Shares": NaN,
        "Diluted EPS": NaN,
        "Basic EPS": NaN,
        "Diluted NI Availto Com Stockholders": NaN,
        "Net Income Common Stockholders": NaN,
        "Net Income": NaN,
        "Minority Interests": NaN,
        "Net Income Including Noncontrolling Interests": NaN,
        "Net Income Discontinuous Operations": NaN,
        "Net Income Continuous Operations": NaN,
        "Tax Provision": NaN,
        "Pretax Income": NaN,
        "Other Income Expense": 1900000.0,
        "Other Non Operating Income Expenses": 2200000.0,
        "Special Income Charges": NaN,
        "Gain On Sale Of Business": 0.0,
        "Other Special Charges": NaN,
        "Write Off": NaN,
        "Impairment Of Capital Assets": NaN,
        "Gain On Sale Of Security": -300000.0,
        "Net Non Operating Interest Income Expense": NaN,
        "Interest Expense Non Operating": NaN,
        "Interest Income Non Operating": 2500000.0,
        "Operating Income": NaN,
        "Operating Expense": NaN,
        "Other Operating Expenses": NaN,
        "Depreciation Amortization Depletion Income Statement": NaN,
        "Depreciation And Amortization In Income Statement": NaN,
        "Amortization": NaN,
        "Amortization Of Intangibles Income Statement": NaN,
        "Selling General And Administration": 0.0,
        "General And Administrative Expense": NaN,
        "Salaries And Wages": 0.0,
        "Gross Profit": NaN,
        "Cost Of Revenue": NaN,
        "Total Revenue": NaN,
        "Operating Revenue": NaN
    },
    "2022-12-31": {
        "Tax Effect Of Unusual Items": NaN,
        "Tax Rate For Calcs": NaN,
        "Normalized EBITDA": NaN,
        "Total Unusual Items": 0.0,
        "Total Unusual Items Excluding Goodwill": 0.0,
        "Net Income From Continuing Operation Net Minority Interest": NaN,
        "Reconciled Depreciation": NaN,
        "Reconciled Cost Of Revenue": NaN,
        "EBITDA": NaN,
        "EBIT": NaN,
        "Net Interest Income": NaN,
        "Interest Expense": NaN,
        "Interest Income": 1800000.0,
        "Normalized Income": NaN,
        "Net Income From Continuing And Discontinued Operation": NaN,
        "Total Expenses": NaN,
        "Diluted Average Shares": NaN,
        "Basic Average Shares": NaN,
        "Diluted EPS": NaN,
        "Basic EPS": NaN,
        "Diluted NI Availto Com Stockholders": NaN,
        "Net Income Common Stockholders": NaN,
        "Net Income": NaN,
        "Minority Interests": NaN,
        "Net Income Including Noncontrolling Interests": NaN,
        "Net Income Discontinuous Operations": NaN,
        "Net Income Continuous Operations": NaN,
        "Tax Provision": NaN,
        "Pretax Income": NaN,
        "Other Income Expense": 1100000.0,
        "Other Non Operating Income Expenses": 1100000.0,
        "Special Income Charges": 0.0,
        "Gain On Sale Of Business": 0.0,
        "Impairment Of Capital Assets": NaN,
        "Gain On Sale Of Security": NaN,
        "Net Non Operating Interest Income Expense": NaN,
        "Interest Expense Non Operating": NaN,
        "Interest Income Non Operating": 1800000.0,
        "Operating Income": NaN,
        "Operating Expense": NaN,
        "Other Operating Expenses": NaN,
        "Depreciation Amortization Depletion Income Statement": NaN,
        "Depreciation And Amortization In Income Statement": NaN,
        "Amortization": NaN,
        "Amortization Of Intangibles Income Statement": NaN,
        "Selling General And Administration": NaN,
        "General And Administrative Expense": NaN,
        "Salaries And Wages": NaN,
        "Gross Profit": NaN,
        "Cost Of Revenue": NaN,
        "Total Revenue": NaN,
        "Operating Revenue": NaN
    },
    "2022-09-30": {
        "Tax Effect Of Unusual Items": NaN,
        "Tax Rate For Calcs": NaN,
        "Normalized EBITDA": NaN,
        "Total Unusual Items": 1600000.0,
        "Total Unusual Items Excluding Goodwill": 1600000.0,
        "Net Income From Continuing Operation Net Minority Interest": NaN,
        "Reconciled Depreciation": NaN,
        "Reconciled Cost Of Revenue": NaN,
        "EBITDA": NaN,
        "EBIT": NaN,
        "Net Interest Income": NaN,
        "Interest Expense": NaN,
        "Interest Income": 1500000.0,
        "Normalized Income": NaN,
        "Net Income From Continuing And Discontinued Operation": NaN,
        "Total Expenses": NaN,
        "Diluted Average Shares": NaN,
        "Basic Average Shares": NaN,
        "Diluted EPS": NaN,
        "Basic EPS": NaN,
        "Diluted NI Availto Com Stockholders": NaN,
        "Net Income Common Stockholders": NaN,
        "Net Income": NaN,
        "Minority Interests": NaN,
        "Net Income Including Noncontrolling Interests": NaN,
        "Net Income Discontinuous Operations": NaN,
        "Net Income Continuous Operations": NaN,
        "Tax Provision": NaN,
        "Pretax Income": NaN,
        "Other Income Expense": 2100000.0,
        "Other Non Operating Income Expenses": 500000.0,
        "Special Income Charges": 0.0,
        "Gain On Sale Of Business": 0.0,
        "Gain On Sale Of Security": 1600000.0,
        "Net Non Operating Interest Income Expense": NaN,
        "Interest Expense Non Operating": NaN,
        "Interest Income Non Operating": 1500000.0,
        "Operating Income": NaN,
        "Operating Expense": NaN,
        "Other Operating Expenses": NaN,
        "Depreciation Amortization Depletion Income Statement": NaN,
        "Depreciation And Amortization In Income Statement": NaN,
        "Amortization": NaN,
        "Amortization Of Intangibles Income Statement": NaN,
        "Selling General And Administration": NaN,
        "General And Administrative Expense": NaN,
        "Salaries And Wages": NaN,
        "Gross Profit": NaN,
        "Cost Of Revenue": NaN,
        "Total Revenue": NaN,
        "Operating Revenue": NaN
    },
    "2022-06-30": {
        "Tax Effect Of Unusual Items": -344300.0,
        "Tax Rate For Calcs": 0.313,
        "Normalized EBITDA": 118100000.0,
        "Total Unusual Items": -1100000.0,
        "Total Unusual Items Excluding Goodwill": -1100000.0,
        "Net Income From Continuing Operation Net Minority Interest": 48800000.0,
        "Reconciled Depreciation": 26600000.0,
        "Reconciled Cost Of Revenue": 476100000.0,
        "EBITDA": 117000000.0,
        "EBIT": 90400000.0,
        "Net Interest Income": -16200000.0,
        "Interest Expense": 17500000.0,
        "Interest Income": 1300000.0,
        "Normalized Income": 49555700.0,
        "Net Income From Continuing And Discontinued Operation": 48800000.0,
        "Total Expenses": 631400000.0,
        "Diluted Average Shares": 72000000.0,
        "Basic Average Shares": 71400000.0,
        "Diluted EPS": 0.68,
        "Basic EPS": 0.68,
        "Diluted NI Availto Com Stockholders": 48800000.0,
        "Net Income Common Stockholders": 48800000.0,
        "Net Income": 48800000.0,
        "Minority Interests": -1300000.0,
        "Net Income Including Noncontrolling Interests": 50100000.0,
        "Net Income Discontinuous Operations": NaN,
        "Net Income Continuous Operations": 50100000.0,
        "Tax Provision": 22800000.0,
        "Pretax Income": 72900000.0,
        "Other Income Expense": -100000.0,
        "Other Non Operating Income Expenses": 1000000.0,
        "Special Income Charges": 0.0,
        "Gain On Sale Of Business": 0.0,
        "Impairment Of Capital Assets": NaN,
        "Gain On Sale Of Security": -1100000.0,
        "Net Non Operating Interest Income Expense": -16200000.0,
        "Interest Expense Non Operating": 17500000.0,
        "Interest Income Non Operating": 1300000.0,
        "Operating Income": 89200000.0,
        "Operating Expense": 142100000.0,
        "Other Operating Expenses": 128700000.0,
        "Depreciation Amortization Depletion Income Statement": 13400000.0,
        "Depreciation And Amortization In Income Statement": 13400000.0,
        "Amortization": 13400000.0,
        "Amortization Of Intangibles Income Statement": 13400000.0,
        "Gross Profit": 231300000.0,
        "Cost Of Revenue": 489300000.0,
        "Total Revenue": 720600000.0,
        "Operating Revenue": 720600000.0
    },
    "2023-06-30": {
        "Tax Effect Of Unusual Items": NaN,
        "Tax Rate For Calcs": NaN,
        "Normalized EBITDA": NaN,
        "Total Unusual Items": NaN,
        "Total Unusual Items Excluding Goodwill": NaN,
        "Net Income From Continuing Operation Net Minority Interest": NaN,
        "Reconciled Depreciation": NaN,
        "Reconciled Cost Of Revenue": NaN,
        "EBITDA": NaN,
        "EBIT": NaN,
        "Net Interest Income": NaN,
        "Interest Expense": NaN,
        "Interest Income": 2800000.0,
        "Normalized Income": NaN,
        "Net Income From Continuing And Discontinued Operation": NaN,
        "Total Expenses": NaN,
        "Diluted Average Shares": NaN,
        "Basic Average Shares": NaN,
        "Diluted EPS": NaN,
        "Basic EPS": NaN,
        "Diluted NI Availto Com Stockholders": NaN,
        "Net Income Common Stockholders": NaN,
        "Net Income": NaN,
        "Minority Interests": NaN,
        "Net Income Including Noncontrolling Interests": NaN,
        "Net Income Discontinuous Operations": NaN,
        "Net Income Continuous Operations": NaN,
        "Tax Provision": NaN,
        "Pretax Income": NaN,
        "Other Income Expense": 1200000.0,
        "Other Non Operating Income Expenses": 1300000.0,
        "Special Income Charges": NaN,
        "Gain On Sale Of Business": 0.0,
        "Other Special Charges": NaN,
        "Write Off": 0.0,
        "Impairment Of Capital Assets": 0.0,
        "Gain On Sale Of Security": -100000.0,
        "Net Non Operating Interest Income Expense": NaN,
        "Interest Expense Non Operating": NaN,
        "Interest Income Non Operating": 2800000.0,
        "Operating Income": NaN,
        "Operating Expense": NaN,
        "Other Operating Expenses": NaN,
        "Depreciation Amortization Depletion Income Statement": NaN,
        "Depreciation And Amortization In Income Statement": NaN,
        "Amortization": NaN,
        "Amortization Of Intangibles Income Statement": NaN,
        "Selling General And Administration": 0.0,
        "General And Administrative Expense": NaN,
        "Salaries And Wages": 0.0,
        "Gross Profit": NaN,
        "Cost Of Revenue": NaN,
        "Total Revenue": NaN,
        "Operating Revenue": NaN
    },
    "2023-09-30": {
        "Tax Effect Of Unusual Items": NaN,
        "Tax Rate For Calcs": NaN,
        "Normalized EBITDA": NaN,
        "Total Unusual Items": NaN,
        "Total Unusual Items Excluding Goodwill": NaN,
        "Net Income From Continuing Operation Net Minority Interest": NaN,
        "Reconciled Depreciation": NaN,
        "Reconciled Cost Of Revenue": NaN,
        "EBITDA": NaN,
        "EBIT": NaN,
        "Net Interest Income": NaN,
        "Interest Expense": NaN,
        "Interest Income": NaN,
        "Normalized Income": NaN,
        "Net Income From Continuing And Discontinued Operation": NaN,
        "Total Expenses": NaN,
        "Diluted Average Shares": 70500000.0,
        "Basic Average Shares": 70200000.0,
        "Diluted EPS": 0.26,
        "Basic EPS": 0.26,
        "Diluted NI Availto Com Stockholders": NaN,
        "Net Income Common Stockholders": NaN,
        "Net Income": NaN,
        "Minority Interests": NaN,
        "Net Income Including Noncontrolling Interests": NaN,
        "Net Income Discontinuous Operations": NaN,
        "Net Income Continuous Operations": NaN,
        "Tax Provision": NaN,
        "Pretax Income": NaN,
        "Other Income Expense": NaN,
        "Other Non Operating Income Expenses": NaN,
        "Special Income Charges": NaN,
        "Gain On Sale Of Business": 0.0,
        "Other Special Charges": NaN,
        "Write Off": NaN,
        "Impairment Of Capital Assets": NaN,
        "Gain On Sale Of Security": NaN,
        "Net Non Operating Interest Income Expense": NaN,
        "Interest Expense Non Operating": NaN,
        "Interest Income Non Operating": NaN,
        "Operating Income": NaN,
        "Operating Expense": NaN,
        "Other Operating Expenses": NaN,
        "Depreciation Amortization Depletion Income Statement": NaN,
        "Depreciation And Amortization In Income Statement": NaN,
        "Amortization": NaN,
        "Amortization Of Intangibles Income Statement": NaN,
        "Selling General And Administration": NaN,
        "General And Administrative Expense": NaN,
        "Salaries And Wages": NaN,
        "Gross Profit": NaN,
        "Cost Of Revenue": NaN,
        "Total Revenue": NaN,
        "Operating Revenue": NaN
    },
    "2023-12-31": {
        "Tax Effect Of Unusual Items": -2813559.322034,
        "Tax Rate For Calcs": 0.338983,
        "Normalized EBITDA": 106400000.0,
        "Total Unusual Items": -8300000.0,
        "Total Unusual Items Excluding Goodwill": -8300000.0,
        "Net Income From Continuing Operation Net Minority Interest": 17500000.0,
        "Reconciled Depreciation": 38800000.0,
        "Reconciled Cost Of Revenue": 509000000.0,
        "EBITDA": 98100000.0,
        "EBIT": 59300000.0,
        "Net Interest Income": -29800000.0,
        "Interest Expense": 29800000.0,
        "Interest Income": NaN,
        "Normalized Income": 22986440.677966,
        "Net Income From Continuing And Discontinued Operation": 17200000.0,
        "Total Expenses": 705700000.0,
        "Diluted Average Shares": 70500000.0,
        "Basic Average Shares": 70300000.0,
        "Diluted EPS": 0.24,
        "Basic EPS": 0.25,
        "Diluted NI Availto Com Stockholders": 17200000.0,
        "Net Income Common Stockholders": 17200000.0,
        "Net Income": 17200000.0,
        "Minority Interests": -2000000.0,
        "Net Income Including Noncontrolling Interests": 19200000.0,
        "Net Income Discontinuous Operations": -300000.0,
        "Net Income Continuous Operations": 19500000.0,
        "Tax Provision": 10000000.0,
        "Pretax Income": 29500000.0,
        "Other Income Expense": -8300000.0,
        "Other Non Operating Income Expenses": NaN,
        "Special Income Charges": -8300000.0,
        "Gain On Sale Of Business": NaN,
        "Other Special Charges": 8300000.0,
        "Write Off": NaN,
        "Impairment Of Capital Assets": NaN,
        "Gain On Sale Of Security": NaN,
        "Net Non Operating Interest Income Expense": -29800000.0,
        "Interest Expense Non Operating": 29800000.0,
        "Interest Income Non Operating": NaN,
        "Operating Income": 67600000.0,
        "Operating Expense": 183400000.0,
        "Other Operating Expenses": 157900000.0,
        "Depreciation Amortization Depletion Income Statement": 25500000.0,
        "Depreciation And Amortization In Income Statement": 25500000.0,
        "Amortization": 25500000.0,
        "Amortization Of Intangibles Income Statement": 25500000.0,
        "Selling General And Administration": 8300000.0,
        "General And Administrative Expense": 8300000.0,
        "Salaries And Wages": 8300000.0,
        "Gross Profit": 251000000.0,
        "Cost Of Revenue": 522300000.0,
        "Total Revenue": 773300000.0,
        "Operating Revenue": 773300000.0
    },
    "2024-03-31": {
        "Tax Effect Of Unusual Items": 0.0,
        "Tax Rate For Calcs": 0.328,
        "Normalized EBITDA": 84800000.0,
        "Total Unusual Items": 0.0,
        "Total Unusual Items Excluding Goodwill": 0.0,
        "Net Income From Continuing Operation Net Minority Interest": 6100000.0,
        "Reconciled Depreciation": 41200000.0,
        "Reconciled Cost Of Revenue": 519100000.0,
        "EBITDA": 84800000.0,
        "EBIT": 43600000.0,
        "Net Interest Income": -30800000.0,
        "Interest Expense": 30800000.0,
        "Interest Income": NaN,
        "Normalized Income": 6100000.0,
        "Net Income From Continuing And Discontinued Operation": 6100000.0,
        "Total Expenses": 741700000.0,
        "Diluted Average Shares": 70700000.0,
        "Basic Average Shares": 70400000.0,
        "Diluted EPS": 0.09,
        "Basic EPS": 0.09,
        "Diluted NI Availto Com Stockholders": 6100000.0,
        "Net Income Common Stockholders": 6100000.0,
        "Net Income": 6100000.0,
        "Minority Interests": -2500000.0,
        "Net Income Including Noncontrolling Interests": 8600000.0,
        "Net Income Discontinuous Operations": 0.0,
        "Net Income Continuous Operations": 8600000.0,
        "Tax Provision": 4200000.0,
        "Pretax Income": 12800000.0,
        "Other Income Expense": NaN,
        "Other Non Operating Income Expenses": NaN,
        "Special Income Charges": 0.0,
        "Gain On Sale Of Business": NaN,
        "Other Special Charges": NaN,
        "Write Off": NaN,
        "Impairment Of Capital Assets": NaN,
        "Gain On Sale Of Security": NaN,
        "Net Non Operating Interest Income Expense": -30800000.0,
        "Interest Expense Non Operating": 30800000.0,
        "Interest Income Non Operating": NaN,
        "Operating Income": 43600000.0,
        "Operating Expense": 207100000.0,
        "Other Operating Expenses": 181400000.0,
        "Depreciation Amortization Depletion Income Statement": 25700000.0,
        "Depreciation And Amortization In Income Statement": 25700000.0,
        "Amortization": 25700000.0,
        "Amortization Of Intangibles Income Statement": 25700000.0,
        "Selling General And Administration": 0.0,
        "General And Administrative Expense": NaN,
        "Salaries And Wages": 0.0,
        "Gross Profit": 250700000.0,
        "Cost Of Revenue": 534600000.0,
        "Total Revenue": 785300000.0,
        "Operating Revenue": 785300000.0
    },
    "2024-06-30": {
        "Tax Effect Of Unusual Items": -11967900.0,
        "Tax Rate For Calcs": 0.041,
        "Normalized EBITDA": 105500000.0,
        "Total Unusual Items": -291900000.0,
        "Total Unusual Items Excluding Goodwill": -291900000.0,
        "Net Income From Continuing Operation Net Minority Interest": -248900000.0,
        "Reconciled Depreciation": 38800000.0,
        "Reconciled Cost Of Revenue": 506900000.0,
        "EBITDA": -186400000.0,
        "EBIT": -225200000.0,
        "Net Interest Income": -32200000.0,
        "Interest Expense": 32200000.0,
        "Interest Income": NaN,
        "Normalized Income": 31032100.0,
        "Net Income From Continuing And Discontinued Operation": -248900000.0,
        "Total Expenses": 719900000.0,
        "Diluted Average Shares": 70500000.0,
        "Basic Average Shares": 70500000.0,
        "Diluted EPS": -3.53,
        "Basic EPS": -3.53,
        "Diluted NI Availto Com Stockholders": -248900000.0,
        "Net Income Common Stockholders": -248900000.0,
        "Net Income": -248900000.0,
        "Minority Interests": -2000000.0,
        "Net Income Including Noncontrolling Interests": -246900000.0,
        "Net Income Discontinuous Operations": 0.0,
        "Net Income Continuous Operations": -246900000.0,
        "Tax Provision": -10500000.0,
        "Pretax Income": -257400000.0,
        "Other Income Expense": -291900000.0,
        "Other Non Operating Income Expenses": NaN,
        "Special Income Charges": -291900000.0,
        "Gain On Sale Of Business": NaN,
        "Other Special Charges": 26900000.0,
        "Write Off": 265000000.0,
        "Impairment Of Capital Assets": 265000000.0,
        "Gain On Sale Of Security": NaN,
        "Net Non Operating Interest Income Expense": -32200000.0,
        "Interest Expense Non Operating": 32200000.0,
        "Interest Income Non Operating": NaN,
        "Operating Income": 66700000.0,
        "Operating Expense": 199700000.0,
        "Other Operating Expenses": 174200000.0,
        "Depreciation Amortization Depletion Income Statement": 25500000.0,
        "Depreciation And Amortization In Income Statement": 25500000.0,
        "Amortization": 25500000.0,
        "Amortization Of Intangibles Income Statement": 25500000.0,
        "Selling General And Administration": 26900000.0,
        "General And Administrative Expense": 26900000.0,
        "Salaries And Wages": 26900000.0,
        "Gross Profit": 266400000.0,
        "Cost Of Revenue": 520200000.0,
        "Total Revenue": 786600000.0,
        "Operating Revenue": 786600000.0
    },
    "2024-09-30": {
        "Tax Effect Of Unusual Items": 7560000.0,
        "Tax Rate For Calcs": 0.21,
        "Normalized EBITDA": 107600000.0,
        "Total Unusual Items": 36000000.0,
        "Total Unusual Items Excluding Goodwill": 36000000.0,
        "Net Income From Continuing Operation Net Minority Interest": 12100000.0,
        "Reconciled Depreciation": 39200000.0,
        "Reconciled Cost Of Revenue": 535700000.0,
        "EBITDA": 143600000.0,
        "EBIT": 104400000.0,
        "Net Interest Income": -28700000.0,
        "Interest Expense": 28700000.0,
        "Interest Income": NaN,
        "Normalized Income": -16340000.0,
        "Net Income From Continuing And Discontinued Operation": 14600000.0,
        "Total Expenses": 769200000.0,
        "Diluted Average Shares": NaN,
        "Basic Average Shares": NaN,
        "Diluted EPS": NaN,
        "Basic EPS": NaN,
        "Diluted NI Availto Com Stockholders": 14600000.0,
        "Net Income Common Stockholders": 14600000.0,
        "Net Income": 14600000.0,
        "Minority Interests": -2500000.0,
        "Net Income Including Noncontrolling Interests": 17100000.0,
        "Net Income Discontinuous Operations": 2500000.0,
        "Net Income Continuous Operations": 14600000.0,
        "Tax Provision": 61100000.0,
        "Pretax Income": 75700000.0,
        "Other Income Expense": 36000000.0,
        "Other Non Operating Income Expenses": NaN,
        "Special Income Charges": 36000000.0,
        "Gain On Sale Of Business": NaN,
        "Other Special Charges": 0.0,
        "Write Off": 0.0,
        "Impairment Of Capital Assets": NaN,
        "Gain On Sale Of Security": NaN,
        "Net Non Operating Interest Income Expense": -28700000.0,
        "Interest Expense Non Operating": 28700000.0,
        "Interest Income Non Operating": NaN,
        "Operating Income": 68400000.0,
        "Operating Expense": 220000000.0,
        "Other Operating Expenses": 194300000.0,
        "Depreciation Amortization Depletion Income Statement": 25700000.0,
        "Depreciation And Amortization In Income Statement": 25700000.0,
        "Amortization": 25700000.0,
        "Amortization Of Intangibles Income Statement": 25700000.0,
        "Selling General And Administration": NaN,
        "General And Administrative Expense": NaN,
        "Salaries And Wages": NaN,
        "Gross Profit": 288400000.0,
        "Cost Of Revenue": 549200000.0,
        "Total Revenue": 837600000.0,
        "Operating Revenue": 837600000.0
    },
    "2024-12-31": {
        "Tax Effect Of Unusual Items": 357000.0,
        "Tax Rate For Calcs": 0.21,
        "Normalized EBITDA": 76600000.0,
        "Total Unusual Items": 1700000.0,
        "Total Unusual Items Excluding Goodwill": 1700000.0,
        "Net Income From Continuing Operation Net Minority Interest": 6400000.0,
        "Reconciled Depreciation": 37900000.0,
        "Reconciled Cost Of Revenue": 459200000.0,
        "EBITDA": 78300000.0,
        "EBIT": 40400000.0,
        "Net Interest Income": -25100000.0,
        "Interest Expense": 25100000.0,
        "Interest Income": NaN,
        "Normalized Income": 5057000.0,
        "Net Income From Continuing And Discontinued Operation": 6400000.0,
        "Total Expenses": 668200000.0,
        "Diluted Average Shares": 70600000.0,
        "Basic Average Shares": 70600000.0,
        "Diluted EPS": 0.09,
        "Basic EPS": 0.09,
        "Diluted NI Availto Com Stockholders": 6400000.0,
        "Net Income Common Stockholders": 6400000.0,
        "Net Income": 6400000.0,
        "Minority Interests": -2500000.0,
        "Net Income Including Noncontrolling Interests": 8900000.0,
        "Net Income Discontinuous Operations": 0.0,
        "Net Income Continuous Operations": 8900000.0,
        "Tax Provision": 6400000.0,
        "Pretax Income": 15300000.0,
        "Other Income Expense": 1700000.0,
        "Other Non Operating Income Expenses": NaN,
        "Special Income Charges": 1700000.0,
        "Gain On Sale Of Business": NaN,
        "Other Special Charges": -1700000.0,
        "Write Off": NaN,
        "Impairment Of Capital Assets": NaN,
        "Gain On Sale Of Security": NaN,
        "Net Non Operating Interest Income Expense": -25100000.0,
        "Interest Expense Non Operating": 25100000.0,
        "Interest Income Non Operating": NaN,
        "Operating Income": 38700000.0,
        "Operating Expense": 196300000.0,
        "Other Operating Expenses": 171100000.0,
        "Depreciation Amortization Depletion Income Statement": 25200000.0,
        "Depreciation And Amortization In Income Statement": 25200000.0,
        "Amortization": 25200000.0,
        "Amortization Of Intangibles Income Statement": 25200000.0,
        "Selling General And Administration": NaN,
        "General And Administrative Expense": NaN,
        "Salaries And Wages": NaN,
        "Gross Profit": 235000000.0,
        "Cost Of Revenue": 471900000.0,
        "Total Revenue": 706900000.0,
        "Operating Revenue": 706900000.0
    }
}