{
    "2023-03-31": {
        "Tax Effect Of Unusual Items": NaN,
        "Tax Rate For Calcs": NaN,
        "Normalized EBITDA": NaN,
        "Total Unusual Items": NaN,
        "Total Unusual Items Excluding Goodwill": NaN,
        "Net Income From Continuing Operation Net Minority Interest": NaN,
        "Reconciled Depreciation": NaN,
        "Reconciled Cost Of Revenue": NaN,
        "EBITDA": NaN,
        "EBIT": NaN,
        "Net Interest Income": NaN,
        "Interest Expense": NaN,
        "Normalized Income": NaN,
        "Net Income From Continuing And Discontinued Operation": NaN,
        "Total Expenses": NaN,
        "Total Operating Income As Reported": NaN,
        "Diluted Average Shares": NaN,
        "Basic Average Shares": NaN,
        "Diluted EPS": NaN,
        "Basic EPS": NaN,
        "Diluted NI Availto Com Stockholders": NaN,
        "Net Income Common Stockholders": NaN,
        "Net Income": NaN,
        "Net Income Including Noncontrolling Interests": NaN,
        "Net Income Continuous Operations": NaN,
        "Tax Provision": NaN,
        "Pretax Income": NaN,
        "Other Income Expense": NaN,
        "Other Non Operating Income Expenses": NaN,
        "Earnings From Equity Interest": 12000000.0,
        "Gain On Sale Of Security": NaN,
        "Net Non Operating Interest Income Expense": NaN,
        "Interest Expense Non Operating": NaN,
        "Operating Income": NaN,
        "Operating Expense": NaN,
        "Other Operating Expenses": 1000000.0,
        "Selling General And Administration": NaN,
        "General And Administrative Expense": NaN,
        "Other Gand A": NaN,
        "Gross Profit": NaN,
        "Cost Of Revenue": NaN,
        "Total Revenue": NaN,
        "Operating Revenue": NaN
    },
    "2022-12-31": {
        "Tax Effect Of Unusual Items": NaN,
        "Tax Rate For Calcs": NaN,
        "Normalized EBITDA": NaN,
        "Total Unusual Items": 1000000.0,
        "Total Unusual Items Excluding Goodwill": 1000000.0,
        "Net Income From Continuing Operation Net Minority Interest": NaN,
        "Reconciled Depreciation": NaN,
        "Reconciled Cost Of Revenue": NaN,
        "EBITDA": NaN,
        "EBIT": NaN,
        "Net Interest Income": NaN,
        "Interest Expense": NaN,
        "Normalized Income": NaN,
        "Net Income From Continuing And Discontinued Operation": NaN,
        "Total Expenses": NaN,
        "Total Operating Income As Reported": NaN,
        "Diluted Average Shares": NaN,
        "Basic Average Shares": NaN,
        "Diluted EPS": NaN,
        "Basic EPS": NaN,
        "Diluted NI Availto Com Stockholders": NaN,
        "Net Income Common Stockholders": NaN,
        "Net Income": NaN,
        "Net Income Including Noncontrolling Interests": NaN,
        "Net Income Continuous Operations": NaN,
        "Tax Provision": NaN,
        "Pretax Income": NaN,
        "Other Income Expense": NaN,
        "Other Non Operating Income Expenses": NaN,
        "Earnings From Equity Interest": NaN,
        "Gain On Sale Of Security": 1000000.0,
        "Net Non Operating Interest Income Expense": NaN,
        "Interest Expense Non Operating": NaN,
        "Operating Income": NaN,
        "Operating Expense": NaN,
        "Other Operating Expenses": NaN,
        "Selling General And Administration": NaN,
        "General And Administrative Expense": NaN,
        "Other Gand A": NaN,
        "Gross Profit": NaN,
        "Cost Of Revenue": NaN,
        "Total Revenue": NaN,
        "Operating Revenue": NaN
    },
    "2022-09-30": {
        "Tax Effect Of Unusual Items": 1924000.0,
        "Tax Rate For Calcs": 0.148,
        "Normalized EBITDA": 265000000.0,
        "Total Unusual Items": 13000000.0,
        "Total Unusual Items Excluding Goodwill": 13000000.0,
        "Net Income From Continuing Operation Net Minority Interest": 138000000.0,
        "Reconciled Depreciation": 89000000.0,
        "Reconciled Cost Of Revenue": 2264000000.0,
        "EBITDA": 278000000.0,
        "EBIT": 189000000.0,
        "Net Interest Income": -27000000.0,
        "Interest Expense": 27000000.0,
        "Normalized Income": 126924000.0,
        "Net Income From Continuing And Discontinued Operation": 138000000.0,
        "Total Expenses": 2508000000.0,
        "Total Operating Income As Reported": 131000000.0,
        "Diluted Average Shares": 40100000.0,
        "Basic Average Shares": 40100000.0,
        "Diluted EPS": 3.44,
        "Basic EPS": 3.44,
        "Diluted NI Availto Com Stockholders": 138000000.0,
        "Net Income Common Stockholders": 138000000.0,
        "Net Income": 138000000.0,
        "Net Income Including Noncontrolling Interests": 138000000.0,
        "Net Income Continuous Operations": 138000000.0,
        "Tax Provision": 24000000.0,
        "Pretax Income": 162000000.0,
        "Other Income Expense": 71000000.0,
        "Other Non Operating Income Expenses": 58000000.0,
        "Gain On Sale Of Security": 13000000.0,
        "Net Non Operating Interest Income Expense": -27000000.0,
        "Interest Expense Non Operating": 27000000.0,
        "Operating Income": 118000000.0,
        "Operating Expense": 244000000.0,
        "Other Operating Expenses": NaN,
        "Selling General And Administration": 244000000.0,
        "General And Administrative Expense": 244000000.0,
        "Other Gand A": 244000000.0,
        "Gross Profit": 362000000.0,
        "Cost Of Revenue": 2264000000.0,
        "Total Revenue": 2626000000.0,
        "Operating Revenue": 2626000000.0
    },
    "2022-06-30": {
        "Tax Effect Of Unusual Items": 5346000.0,
        "Tax Rate For Calcs": 0.198,
        "Normalized EBITDA": 308000000.0,
        "Total Unusual Items": 27000000.0,
        "Total Unusual Items Excluding Goodwill": 27000000.0,
        "Net Income From Continuing Operation Net Minority Interest": 178000000.0,
        "Reconciled Depreciation": 87000000.0,
        "Reconciled Cost Of Revenue": 2272000000.0,
        "EBITDA": 335000000.0,
        "EBIT": 248000000.0,
        "Net Interest Income": -26000000.0,
        "Interest Expense": 26000000.0,
        "Normalized Income": 156346000.0,
        "Net Income From Continuing And Discontinued Operation": 178000000.0,
        "Total Expenses": 2498000000.0,
        "Total Operating Income As Reported": 191000000.0,
        "Diluted Average Shares": 40100000.0,
        "Basic Average Shares": 40100000.0,
        "Diluted EPS": 4.44,
        "Basic EPS": 4.44,
        "Diluted NI Availto Com Stockholders": 178000000.0,
        "Net Income Common Stockholders": 178000000.0,
        "Net Income": 178000000.0,
        "Net Income Including Noncontrolling Interests": 178000000.0,
        "Net Income Continuous Operations": 178000000.0,
        "Tax Provision": 44000000.0,
        "Pretax Income": 222000000.0,
        "Other Income Expense": 84000000.0,
        "Other Non Operating Income Expenses": 57000000.0,
        "Gain On Sale Of Security": 27000000.0,
        "Net Non Operating Interest Income Expense": -26000000.0,
        "Interest Expense Non Operating": 26000000.0,
        "Operating Income": 164000000.0,
        "Operating Expense": 226000000.0,
        "Other Operating Expenses": -1000000.0,
        "Selling General And Administration": 227000000.0,
        "General And Administrative Expense": 227000000.0,
        "Other Gand A": 227000000.0,
        "Gross Profit": 390000000.0,
        "Cost Of Revenue": 2272000000.0,
        "Total Revenue": 2662000000.0,
        "Operating Revenue": 2662000000.0
    },
    "2023-06-30": {
        "Tax Effect Of Unusual Items": NaN,
        "Tax Rate For Calcs": NaN,
        "Normalized EBITDA": NaN,
        "Total Unusual Items": NaN,
        "Total Unusual Items Excluding Goodwill": NaN,
        "Net Income From Continuing Operation Net Minority Interest": NaN,
        "Reconciled Depreciation": NaN,
        "Reconciled Cost Of Revenue": NaN,
        "EBITDA": NaN,
        "EBIT": NaN,
        "Net Interest Income": NaN,
        "Interest Expense": NaN,
        "Normalized Income": NaN,
        "Net Income From Continuing And Discontinued Operation": NaN,
        "Total Expenses": NaN,
        "Total Operating Income As Reported": NaN,
        "Diluted Average Shares": NaN,
        "Basic Average Shares": NaN,
        "Diluted EPS": NaN,
        "Basic EPS": NaN,
        "Diluted NI Availto Com Stockholders": NaN,
        "Net Income Common Stockholders": NaN,
        "Net Income": NaN,
        "Net Income Including Noncontrolling Interests": NaN,
        "Net Income Continuous Operations": NaN,
        "Tax Provision": NaN,
        "Pretax Income": NaN,
        "Other Income Expense": NaN,
        "Other Non Operating Income Expenses": NaN,
        "Earnings From Equity Interest": NaN,
        "Gain On Sale Of Security": NaN,
        "Net Non Operating Interest Income Expense": NaN,
        "Interest Expense Non Operating": NaN,
        "Operating Income": NaN,
        "Operating Expense": NaN,
        "Other Operating Expenses": -1000000.0,
        "Selling General And Administration": NaN,
        "General And Administrative Expense": NaN,
        "Other Gand A": NaN,
        "Gross Profit": NaN,
        "Cost Of Revenue": NaN,
        "Total Revenue": NaN,
        "Operating Revenue": NaN
    },
    "2022-03-31": {
        "Diluted EPS": 3.5,
        "Total Revenue": NaN,
        "Gross Profit": 349,
        "Operating Income": 138,
        "EBIT": 234,
        "Net Income": 140
    },
    "2021-12-31": {
        "Diluted EPS": 2.97,
        "Total Revenue": NaN,
        "Gross Profit": 373,
        "Operating Income": 120,
        "EBIT": 223,
        "Net Income": 120
    },
    "2021-09-30": {
        "Diluted EPS": 3.65,
        "Total Revenue": NaN,
        "Gross Profit": 331,
        "Operating Income": 118,
        "EBIT": 206,
        "Net Income": 147
    },
    "2021-06-30": {
        "Diluted EPS": 3.2,
        "Total Revenue": NaN,
        "Gross Profit": 322,
        "Operating Income": 128,
        "EBIT": 204,
        "Net Income": 129
    },
    "2021-03-31": {
        "Diluted EPS": 3.68,
        "Total Revenue": NaN,
        "Gross Profit": 342,
        "Operating Income": 147,
        "EBIT": 222,
        "Net Income": 148
    },
    "2020-12-31": {
        "Diluted EPS": 6.16,
        "Total Revenue": NaN,
        "Gross Profit": 547,
        "Operating Income": 305,
        "EBIT": 390,
        "Net Income": 249
    },
    "2020-09-30": {
        "Diluted EPS": 5.45,
        "Total Revenue": NaN,
        "Gross Profit": 436,
        "Operating Income": 222,
        "EBIT": 289,
        "Net Income": 222
    },
    "2020-06-30": {
        "Diluted EPS": 1.3,
        "Total Revenue": NaN,
        "Gross Profit": 264,
        "Operating Income": 57,
        "EBIT": 126,
        "Net Income": 53
    },
    "2020-03-31": {
        "Diluted EPS": 4.23,
        "Total Revenue": NaN,
        "Gross Profit": 423,
        "Operating Income": 215,
        "EBIT": 280,
        "Net Income": 172
    },
    "2019-12-31": {
        "Diluted EPS": 3.6,
        "Total Revenue": NaN,
        "Gross Profit": 432,
        "Operating Income": 186,
        "EBIT": 289,
        "Net Income": 149
    },
    "2019-09-30": {
        "Diluted EPS": 3.74,
        "Total Revenue": NaN,
        "Gross Profit": 417,
        "Operating Income": 214,
        "EBIT": 276,
        "Net Income": 154
    },
    "2019-06-30": {
        "Diluted EPS": 3.07,
        "Total Revenue": NaN,
        "Gross Profit": 354,
        "Operating Income": 175,
        "EBIT": 234,
        "Net Income": 128
    },
    "2019-03-31": {
        "Diluted EPS": 2.85,
        "Total Revenue": NaN,
        "Gross Profit": 328,
        "Operating Income": 161,
        "EBIT": 218,
        "Net Income": 118
    },
    "2018-12-31": {
        "Diluted EPS": 4.92,
        "Total Revenue": NaN,
        "Gross Profit": 470,
        "Operating Income": 213,
        "EBIT": 265,
        "Net Income": 212
    },
    "2018-09-30": {
        "Diluted EPS": 5.29,
        "Total Revenue": NaN,
        "Gross Profit": 490,
        "Operating Income": 290,
        "EBIT": 353,
        "Net Income": 229
    },
    "2018-06-30": {
        "Diluted EPS": 5.4,
        "Total Revenue": NaN,
        "Gross Profit": 452,
        "Operating Income": 257,
        "EBIT": 313,
        "Net Income": 239
    },
    "2018-03-31": {
        "Diluted EPS": 3.48,
        "Total Revenue": NaN,
        "Gross Profit": 379,
        "Operating Income": 191,
        "EBIT": 244,
        "Net Income": 156
    },
    "2017-12-31": {
        "Diluted EPS": 1.42,
        "Total Revenue": NaN,
        "Gross Profit": 447,
        "Operating Income": 231,
        "EBIT": 287,
        "Net Income": 64
    },
    "2017-09-30": {
        "Diluted EPS": 3.27,
        "Total Revenue": NaN,
        "Gross Profit": 415,
        "Operating Income": 241,
        "EBIT": 300,
        "Net Income": 149
    },
    "2017-06-30": {
        "Diluted EPS": 3.21,
        "Total Revenue": NaN,
        "Gross Profit": 422,
        "Operating Income": 241,
        "EBIT": 293,
        "Net Income": 147
    },
    "2017-03-31": {
        "Diluted EPS": 2.56,
        "Total Revenue": NaN,
        "Gross Profit": 344,
        "Operating Income": 168,
        "EBIT": 224,
        "Net Income": 119
    },
    "2016-12-31": {
        "Diluted EPS": 4.2,
        "Total Revenue": NaN,
        "Gross Profit": 605,
        "Operating Income": 286,
        "EBIT": 333,
        "Net Income": 197
    },
    "2016-09-30": {
        "Diluted EPS": 2.27,
        "Total Revenue": NaN,
        "Gross Profit": 316,
        "Operating Income": 175,
        "EBIT": 227,
        "Net Income": 107
    },
    "2016-06-30": {
        "Diluted EPS": 2.8,
        "Total Revenue": NaN,
        "Gross Profit": 367,
        "Operating Income": 217,
        "EBIT": 267,
        "Net Income": 133
    },
    "2016-03-31": {
        "Diluted EPS": 2.87,
        "Total Revenue": NaN,
        "Gross Profit": 335,
        "Operating Income": 198,
        "EBIT": 246,
        "Net Income": 136
    },
    "2015-12-31": {
        "Diluted EPS": 1.08,
        "Total Revenue": NaN,
        "Gross Profit": 355,
        "Operating Income": 144,
        "EBIT": 235,
        "Net Income": 50
    },
    "2015-09-30": {
        "Diluted EPS": 2.29,
        "Total Revenue": NaN,
        "Gross Profit": 344,
        "Operating Income": 200,
        "EBIT": 252,
        "Net Income": 111
    },
    "2015-06-30": {
        "Diluted EPS": 3.2,
        "Total Revenue": NaN,
        "Gross Profit": 499,
        "Operating Income": 269,
        "EBIT": 376,
        "Net Income": 156
    },
    "2015-03-31": {
        "Diluted EPS": 1.79,
        "Total Revenue": NaN,
        "Gross Profit": 305,
        "Operating Income": 156,
        "EBIT": 206,
        "Net Income": 87
    },
    "2014-12-31": {
        "Diluted EPS": 1.05,
        "Total Revenue": NaN,
        "Gross Profit": 407,
        "Operating Income": 144,
        "EBIT": 233,
        "Net Income": 52
    },
    "2014-09-30": {
        "Diluted EPS": 1.96,
        "Total Revenue": NaN,
        "Gross Profit": 353,
        "Operating Income": 171,
        "EBIT": 228,
        "Net Income": 96
    },
    "2014-06-30": {
        "Diluted EPS": 2.04,
        "Total Revenue": NaN,
        "Gross Profit": 350,
        "Operating Income": 181,
        "EBIT": 233,
        "Net Income": 100
    },
    "2014-03-31": {
        "Diluted EPS": 1.81,
        "Total Revenue": NaN,
        "Gross Profit": 307,
        "Operating Income": 159,
        "EBIT": 224,
        "Net Income": 90
    },
    "2013-12-31": {
        "Diluted EPS": 1.83,
        "Total Revenue": NaN,
        "Gross Profit": 371,
        "Operating Income": 174,
        "EBIT": 253,
        "Net Income": 91
    },
    "2013-09-30": {
        "Diluted EPS": 1.36,
        "Total Revenue": NaN,
        "Gross Profit": 304,
        "Operating Income": 127,
        "EBIT": 196,
        "Net Income": 69
    },
    "2013-06-30": {
        "Diluted EPS": 1.12,
        "Total Revenue": NaN,
        "Gross Profit": 299,
        "Operating Income": 116,
        "EBIT": 164,
        "Net Income": 57
    },
    "2013-03-31": {
        "Diluted EPS": 0.87,
        "Total Revenue": NaN,
        "Gross Profit": 263,
        "Operating Income": 95,
        "EBIT": 148,
        "Net Income": 44
    },
    "2012-12-31": {
        "Diluted EPS": 0.98,
        "Total Revenue": NaN,
        "Gross Profit": 351,
        "Operating Income": 106,
        "EBIT": 160,
        "Net Income": 50
    },
    "2012-09-30": {
        "Diluted EPS": 0.26,
        "Total Revenue": NaN,
        "Gross Profit": 223,
        "Operating Income": 66,
        "EBIT": 120,
        "Net Income": 13
    },
    "2012-06-30": {
        "Diluted EPS": 1.0,
        "Total Revenue": NaN,
        "Gross Profit": 278,
        "Operating Income": 106,
        "EBIT": 157,
        "Net Income": 50
    },
    "2012-03-31": {
        "Diluted EPS": 0.67,
        "Total Revenue": NaN,
        "Gross Profit": 227,
        "Operating Income": 80,
        "EBIT": 132,
        "Net Income": 33
    },
    "2011-12-31": {
        "Diluted EPS": 1.3,
        "Total Revenue": NaN,
        "Gross Profit": 260,
        "Operating Income": 114,
        "EBIT": 159,
        "Net Income": 63
    },
    "2011-09-30": {
        "Diluted EPS": -5.07,
        "Total Revenue": NaN,
        "Gross Profit": 254,
        "Operating Income": -190,
        "EBIT": 168,
        "Net Income": -248
    },
    "2011-06-30": {
        "Diluted EPS": 0.8,
        "Total Revenue": NaN,
        "Gross Profit": 256,
        "Operating Income": 91,
        "EBIT": 143,
        "Net Income": 40
    },
    "2011-03-31": {
        "Diluted EPS": 0.92,
        "Total Revenue": NaN,
        "Gross Profit": 234,
        "Operating Income": 85,
        "EBIT": 130,
        "Net Income": 45
    },
    "2010-12-31": {
        "Diluted EPS": 1.29,
        "Total Revenue": NaN,
        "Gross Profit": 275,
        "Operating Income": 59,
        "EBIT": 99,
        "Net Income": 63
    },
    "2010-09-30": {
        "Diluted EPS": 0.86,
        "Total Revenue": NaN,
        "Gross Profit": 235,
        "Operating Income": 77,
        "EBIT": 124,
        "Net Income": 42
    },
    "2010-06-30": {
        "Diluted EPS": -0.23,
        "Total Revenue": NaN,
        "Gross Profit": 141,
        "Operating Income": -20,
        "EBIT": 26,
        "Net Income": -11
    },
    "2010-03-31": {
        "Diluted EPS": 0.85,
        "Total Revenue": NaN,
        "Gross Profit": 241,
        "Operating Income": 87,
        "EBIT": 137,
        "Net Income": 41
    },
    "2009-12-31": {
        "Diluted EPS": 0.0,
        "Total Revenue": NaN,
        "Gross Profit": NaN,
        "Operating Income": NaN,
        "EBIT": NaN,
        "Net Income": NaN
    },
    "2023-09-30": {
        "Tax Effect Of Unusual Items": NaN,
        "Tax Rate For Calcs": NaN,
        "Normalized EBITDA": NaN,
        "Total Unusual Items": 9000000.0,
        "Total Unusual Items Excluding Goodwill": 9000000.0,
        "Net Income From Continuing Operation Net Minority Interest": NaN,
        "Reconciled Depreciation": NaN,
        "Reconciled Cost Of Revenue": NaN,
        "EBITDA": NaN,
        "EBIT": NaN,
        "Net Interest Income": NaN,
        "Interest Expense": NaN,
        "Normalized Income": NaN,
        "Net Income From Continuing And Discontinued Operation": NaN,
        "Total Expenses": NaN,
        "Total Operating Income As Reported": NaN,
        "Diluted Average Shares": 40000000.0,
        "Basic Average Shares": 40000000.0,
        "Diluted EPS": 3.7,
        "Basic EPS": 3.7,
        "Diluted NI Availto Com Stockholders": NaN,
        "Net Income Common Stockholders": NaN,
        "Net Income": NaN,
        "Net Income Including Noncontrolling Interests": NaN,
        "Net Income Continuous Operations": NaN,
        "Tax Provision": NaN,
        "Pretax Income": NaN,
        "Other Income Expense": NaN,
        "Other Non Operating Income Expenses": NaN,
        "Earnings From Equity Interest": NaN,
        "Gain On Sale Of Security": 9000000.0,
        "Net Non Operating Interest Income Expense": NaN,
        "Interest Expense Non Operating": NaN,
        "Operating Income": NaN,
        "Operating Expense": NaN,
        "Other Operating Expenses": NaN,
        "Selling General And Administration": NaN,
        "General And Administrative Expense": NaN,
        "Other Gand A": NaN,
        "Gross Profit": NaN,
        "Cost Of Revenue": NaN,
        "Total Revenue": NaN,
        "Operating Revenue": NaN
    },
    "2023-12-31": {
        "Tax Effect Of Unusual Items": 2096385.542169,
        "Tax Rate For Calcs": 0.174699,
        "Normalized EBITDA": 433000000.0,
        "Total Unusual Items": 12000000.0,
        "Total Unusual Items Excluding Goodwill": 12000000.0,
        "Net Income From Continuing Operation Net Minority Interest": 274000000.0,
        "Reconciled Depreciation": 88000000.0,
        "Reconciled Cost Of Revenue": 2686000000.0,
        "EBITDA": 445000000.0,
        "EBIT": 357000000.0,
        "Net Interest Income": -25000000.0,
        "Interest Expense": 25000000.0,
        "Normalized Income": 264096385.542169,
        "Net Income From Continuing And Discontinued Operation": 274000000.0,
        "Total Expenses": 2877000000.0,
        "Total Operating Income As Reported": 312000000.0,
        "Diluted Average Shares": 39700000.0,
        "Basic Average Shares": 39700000.0,
        "Diluted EPS": 6.9,
        "Basic EPS": 6.9,
        "Diluted NI Availto Com Stockholders": 274000000.0,
        "Net Income Common Stockholders": 274000000.0,
        "Net Income": 274000000.0,
        "Net Income Including Noncontrolling Interests": 274000000.0,
        "Net Income Continuous Operations": 274000000.0,
        "Tax Provision": 58000000.0,
        "Pretax Income": 332000000.0,
        "Other Income Expense": 57000000.0,
        "Other Non Operating Income Expenses": 45000000.0,
        "Earnings From Equity Interest": NaN,
        "Gain On Sale Of Security": 12000000.0,
        "Net Non Operating Interest Income Expense": -25000000.0,
        "Interest Expense Non Operating": 25000000.0,
        "Operating Income": 300000000.0,
        "Operating Expense": 191000000.0,
        "Other Operating Expenses": NaN,
        "Selling General And Administration": 311000000.0,
        "General And Administrative Expense": 311000000.0,
        "Other Gand A": 311000000.0,
        "Gross Profit": 491000000.0,
        "Cost Of Revenue": 2686000000.0,
        "Total Revenue": 3177000000.0,
        "Operating Revenue": 3177000000.0
    },
    "2024-03-31": {
        "Tax Effect Of Unusual Items": 0.0,
        "Tax Rate For Calcs": 0.168,
        "Normalized EBITDA": 285000000.0,
        "Total Unusual Items": NaN,
        "Total Unusual Items Excluding Goodwill": NaN,
        "Net Income From Continuing Operation Net Minority Interest": 153000000.0,
        "Reconciled Depreciation": 80000000.0,
        "Reconciled Cost Of Revenue": 2430000000.0,
        "EBITDA": 285000000.0,
        "EBIT": 205000000.0,
        "Net Interest Income": -21000000.0,
        "Interest Expense": 21000000.0,
        "Normalized Income": 153000000.0,
        "Net Income From Continuing And Discontinued Operation": 153000000.0,
        "Total Expenses": 2663000000.0,
        "Total Operating Income As Reported": 154000000.0,
        "Diluted Average Shares": 39500000.0,
        "Basic Average Shares": 39500000.0,
        "Diluted EPS": 3.87,
        "Basic EPS": 3.87,
        "Diluted NI Availto Com Stockholders": 153000000.0,
        "Net Income Common Stockholders": 153000000.0,
        "Net Income": 153000000.0,
        "Net Income Including Noncontrolling Interests": 153000000.0,
        "Net Income Continuous Operations": 153000000.0,
        "Tax Provision": 31000000.0,
        "Pretax Income": 184000000.0,
        "Other Income Expense": 63000000.0,
        "Other Non Operating Income Expenses": 51000000.0,
        "Earnings From Equity Interest": 12000000.0,
        "Gain On Sale Of Security": NaN,
        "Net Non Operating Interest Income Expense": -21000000.0,
        "Interest Expense Non Operating": 21000000.0,
        "Operating Income": 142000000.0,
        "Operating Expense": 233000000.0,
        "Other Operating Expenses": 1000000.0,
        "Selling General And Administration": 232000000.0,
        "General And Administrative Expense": 232000000.0,
        "Other Gand A": 232000000.0,
        "Gross Profit": 375000000.0,
        "Cost Of Revenue": 2430000000.0,
        "Total Revenue": 2805000000.0,
        "Operating Revenue": 2805000000.0
    },
    "2024-06-30": {
        "Tax Effect Of Unusual Items": 2189000.0,
        "Tax Rate For Calcs": 0.199,
        "Normalized EBITDA": 309000000.0,
        "Total Unusual Items": 11000000.0,
        "Total Unusual Items Excluding Goodwill": 11000000.0,
        "Net Income From Continuing Operation Net Minority Interest": 173000000.0,
        "Reconciled Depreciation": 80000000.0,
        "Reconciled Cost Of Revenue": 2545000000.0,
        "EBITDA": 320000000.0,
        "EBIT": 240000000.0,
        "Net Interest Income": -24000000.0,
        "Interest Expense": 24000000.0,
        "Normalized Income": 164189000.0,
        "Net Income From Continuing And Discontinued Operation": 173000000.0,
        "Total Expenses": 2799000000.0,
        "Total Operating Income As Reported": 189000000.0,
        "Diluted Average Shares": 39500000.0,
        "Basic Average Shares": 39500000.0,
        "Diluted EPS": 4.38,
        "Basic EPS": 4.38,
        "Diluted NI Availto Com Stockholders": 173000000.0,
        "Net Income Common Stockholders": 173000000.0,
        "Net Income": 173000000.0,
        "Net Income Including Noncontrolling Interests": 173000000.0,
        "Net Income Continuous Operations": 173000000.0,
        "Tax Provision": 43000000.0,
        "Pretax Income": 216000000.0,
        "Other Income Expense": 62000000.0,
        "Other Non Operating Income Expenses": 51000000.0,
        "Earnings From Equity Interest": NaN,
        "Gain On Sale Of Security": 11000000.0,
        "Net Non Operating Interest Income Expense": -24000000.0,
        "Interest Expense Non Operating": 24000000.0,
        "Operating Income": 178000000.0,
        "Operating Expense": 254000000.0,
        "Other Operating Expenses": -1000000.0,
        "Selling General And Administration": 255000000.0,
        "General And Administrative Expense": 255000000.0,
        "Other Gand A": 255000000.0,
        "Gross Profit": 432000000.0,
        "Cost Of Revenue": 2545000000.0,
        "Total Revenue": 2977000000.0,
        "Operating Revenue": 2977000000.0
    },
    "2024-09-30": {
        "Tax Effect Of Unusual Items": 1176000.0,
        "Tax Rate For Calcs": 0.098,
        "Normalized EBITDA": 205000000.0,
        "Total Unusual Items": 12000000.0,
        "Total Unusual Items Excluding Goodwill": 12000000.0,
        "Net Income From Continuing Operation Net Minority Interest": 101000000.0,
        "Reconciled Depreciation": 82000000.0,
        "Reconciled Cost Of Revenue": 2427000000.0,
        "EBITDA": 217000000.0,
        "EBIT": 135000000.0,
        "Net Interest Income": -23000000.0,
        "Interest Expense": 23000000.0,
        "Normalized Income": 90176000.0,
        "Net Income From Continuing And Discontinued Operation": 101000000.0,
        "Total Expenses": 2679000000.0,
        "Total Operating Income As Reported": 82000000.0,
        "Diluted Average Shares": 39500000.0,
        "Basic Average Shares": 39500000.0,
        "Diluted EPS": 2.56,
        "Basic EPS": 2.56,
        "Diluted NI Availto Com Stockholders": 101000000.0,
        "Net Income Common Stockholders": 101000000.0,
        "Net Income": 101000000.0,
        "Net Income Including Noncontrolling Interests": 101000000.0,
        "Net Income Continuous Operations": 101000000.0,
        "Tax Provision": 11000000.0,
        "Pretax Income": 112000000.0,
        "Other Income Expense": 65000000.0,
        "Other Non Operating Income Expenses": 53000000.0,
        "Earnings From Equity Interest": NaN,
        "Gain On Sale Of Security": 12000000.0,
        "Net Non Operating Interest Income Expense": -23000000.0,
        "Interest Expense Non Operating": 23000000.0,
        "Operating Income": 70000000.0,
        "Operating Expense": 252000000.0,
        "Other Operating Expenses": NaN,
        "Selling General And Administration": 252000000.0,
        "General And Administrative Expense": 252000000.0,
        "Other Gand A": 252000000.0,
        "Gross Profit": 322000000.0,
        "Cost Of Revenue": 2427000000.0,
        "Total Revenue": 2749000000.0,
        "Operating Revenue": 2749000000.0
    },
    "2024-12-31": {
        "Tax Effect Of Unusual Items": 854961.832061,
        "Tax Rate For Calcs": 0.061069,
        "Normalized EBITDA": 228000000.0,
        "Total Unusual Items": 14000000.0,
        "Total Unusual Items Excluding Goodwill": 14000000.0,
        "Net Income From Continuing Operation Net Minority Interest": 123000000.0,
        "Reconciled Depreciation": 84000000.0,
        "Reconciled Cost Of Revenue": 2683000000.0,
        "EBITDA": 242000000.0,
        "EBIT": 158000000.0,
        "Net Interest Income": -27000000.0,
        "Interest Expense": 27000000.0,
        "Normalized Income": 109854961.832061,
        "Net Income From Continuing And Discontinued Operation": 123000000.0,
        "Total Expenses": 2908000000.0,
        "Total Operating Income As Reported": 110000000.0,
        "Diluted Average Shares": NaN,
        "Basic Average Shares": NaN,
        "Diluted EPS": NaN,
        "Basic EPS": NaN,
        "Diluted NI Availto Com Stockholders": 123000000.0,
        "Net Income Common Stockholders": 123000000.0,
        "Net Income": 123000000.0,
        "Net Income Including Noncontrolling Interests": 123000000.0,
        "Net Income Continuous Operations": 123000000.0,
        "Tax Provision": 8000000.0,
        "Pretax Income": 131000000.0,
        "Other Income Expense": 62000000.0,
        "Other Non Operating Income Expenses": 48000000.0,
        "Earnings From Equity Interest": NaN,
        "Gain On Sale Of Security": 14000000.0,
        "Net Non Operating Interest Income Expense": -27000000.0,
        "Interest Expense Non Operating": 27000000.0,
        "Operating Income": 96000000.0,
        "Operating Expense": 225000000.0,
        "Other Operating Expenses": NaN,
        "Selling General And Administration": 234000000.0,
        "General And Administrative Expense": 234000000.0,
        "Other Gand A": 234000000.0,
        "Gross Profit": 321000000.0,
        "Cost Of Revenue": 2683000000.0,
        "Total Revenue": 3004000000.0,
        "Operating Revenue": 3004000000.0
    }
}