{
    "2023-03-31": {
        "Tax Effect Of Unusual Items": NaN,
        "Tax Rate For Calcs": NaN,
        "Normalized EBITDA": NaN,
        "Total Unusual Items": NaN,
        "Total Unusual Items Excluding Goodwill": NaN,
        "Net Income From Continuing Operation Net Minority Interest": NaN,
        "Reconciled Depreciation": NaN,
        "Reconciled Cost Of Revenue": NaN,
        "EBITDA": NaN,
        "EBIT": NaN,
        "Net Interest Income": NaN,
        "Interest Expense": NaN,
        "Normalized Income": NaN,
        "Net Income From Continuing And Discontinued Operation": NaN,
        "Total Expenses": NaN,
        "Total Operating Income As Reported": NaN,
        "Diluted Average Shares": NaN,
        "Basic Average Shares": NaN,
        "Diluted EPS": NaN,
        "Basic EPS": NaN,
        "Diluted NI Availto Com Stockholders": NaN,
        "Net Income Common Stockholders": NaN,
        "Preferred Stock Dividends": NaN,
        "Net Income": NaN,
        "Net Income Including Noncontrolling Interests": NaN,
        "Net Income Continuous Operations": NaN,
        "Tax Provision": NaN,
        "Pretax Income": NaN,
        "Other Income Expense": NaN,
        "Other Non Operating Income Expenses": NaN,
        "Special Income Charges": NaN,
        "Gain On Sale Of Business": NaN,
        "Other Special Charges": NaN,
        "Impairment Of Capital Assets": NaN,
        "Restructuring And Mergern Acquisition": 1044000.0,
        "Gain On Sale Of Security": NaN,
        "Net Non Operating Interest Income Expense": NaN,
        "Interest Expense Non Operating": NaN,
        "Operating Income": NaN,
        "Operating Expense": NaN,
        "Other Operating Expenses": NaN,
        "Selling General And Administration": NaN,
        "General And Administrative Expense": NaN,
        "Other Gand A": NaN,
        "Gross Profit": NaN,
        "Cost Of Revenue": NaN,
        "Total Revenue": NaN,
        "Operating Revenue": NaN
    },
    "2022-12-31": {
        "Tax Effect Of Unusual Items": NaN,
        "Tax Rate For Calcs": NaN,
        "Normalized EBITDA": NaN,
        "Total Unusual Items": NaN,
        "Total Unusual Items Excluding Goodwill": NaN,
        "Net Income From Continuing Operation Net Minority Interest": NaN,
        "Reconciled Depreciation": NaN,
        "Reconciled Cost Of Revenue": NaN,
        "EBITDA": NaN,
        "EBIT": NaN,
        "Net Interest Income": NaN,
        "Interest Expense": NaN,
        "Normalized Income": NaN,
        "Net Income From Continuing And Discontinued Operation": NaN,
        "Total Expenses": NaN,
        "Total Operating Income As Reported": NaN,
        "Diluted Average Shares": NaN,
        "Basic Average Shares": NaN,
        "Diluted EPS": NaN,
        "Basic EPS": NaN,
        "Diluted NI Availto Com Stockholders": NaN,
        "Net Income Common Stockholders": NaN,
        "Preferred Stock Dividends": NaN,
        "Net Income": NaN,
        "Net Income Including Noncontrolling Interests": NaN,
        "Net Income Continuous Operations": NaN,
        "Tax Provision": NaN,
        "Pretax Income": NaN,
        "Other Income Expense": NaN,
        "Other Non Operating Income Expenses": NaN,
        "Special Income Charges": NaN,
        "Gain On Sale Of Business": NaN,
        "Other Special Charges": NaN,
        "Restructuring And Mergern Acquisition": 4639000.0,
        "Gain On Sale Of Security": NaN,
        "Net Non Operating Interest Income Expense": NaN,
        "Interest Expense Non Operating": NaN,
        "Operating Income": NaN,
        "Operating Expense": NaN,
        "Other Operating Expenses": NaN,
        "Selling General And Administration": NaN,
        "General And Administrative Expense": NaN,
        "Other Gand A": NaN,
        "Gross Profit": NaN,
        "Cost Of Revenue": NaN,
        "Total Revenue": NaN,
        "Operating Revenue": NaN
    },
    "2022-09-30": {
        "Tax Effect Of Unusual Items": -102660.0,
        "Tax Rate For Calcs": 0.29,
        "Normalized EBITDA": 11262000.0,
        "Total Unusual Items": -354000.0,
        "Total Unusual Items Excluding Goodwill": -354000.0,
        "Net Income From Continuing Operation Net Minority Interest": -23526000.0,
        "Reconciled Depreciation": 33087000.0,
        "Reconciled Cost Of Revenue": 137892000.0,
        "EBITDA": 10908000.0,
        "EBIT": -22179000.0,
        "Net Interest Income": -10874000.0,
        "Interest Expense": 10874000.0,
        "Normalized Income": -23274660.0,
        "Net Income From Continuing And Discontinued Operation": -23526000.0,
        "Total Expenses": 170017000.0,
        "Total Operating Income As Reported": -25459000.0,
        "Diluted Average Shares": 554531000.0,
        "Basic Average Shares": 554531000.0,
        "Diluted EPS": -0.04,
        "Basic EPS": -0.04,
        "Diluted NI Availto Com Stockholders": -23664000.0,
        "Net Income Common Stockholders": -23664000.0,
        "Preferred Stock Dividends": 138000.0,
        "Net Income": -23526000.0,
        "Net Income Including Noncontrolling Interests": -23526000.0,
        "Net Income Continuous Operations": -23526000.0,
        "Tax Provision": -9527000.0,
        "Pretax Income": -33053000.0,
        "Other Income Expense": 1499000.0,
        "Other Non Operating Income Expenses": 1853000.0,
        "Special Income Charges": -1781000.0,
        "Other Special Charges": NaN,
        "Restructuring And Mergern Acquisition": 1781000.0,
        "Gain On Sale Of Security": 1427000.0,
        "Net Non Operating Interest Income Expense": -10874000.0,
        "Interest Expense Non Operating": 10874000.0,
        "Operating Income": -23678000.0,
        "Operating Expense": 32125000.0,
        "Other Operating Expenses": 16030000.0,
        "Selling General And Administration": 11003000.0,
        "General And Administrative Expense": 11003000.0,
        "Other Gand A": 11003000.0,
        "Gross Profit": 8447000.0,
        "Cost Of Revenue": 137892000.0,
        "Total Revenue": 146339000.0,
        "Operating Revenue": 146339000.0
    },
    "2022-06-30": {
        "Tax Effect Of Unusual Items": -5367200.0,
        "Tax Rate For Calcs": 0.4,
        "Normalized EBITDA": 48854000.0,
        "Total Unusual Items": -13418000.0,
        "Total Unusual Items Excluding Goodwill": -13418000.0,
        "Net Income From Continuing Operation Net Minority Interest": -13523000.0,
        "Reconciled Depreciation": 38200000.0,
        "Reconciled Cost Of Revenue": 153979000.0,
        "EBITDA": 35436000.0,
        "EBIT": -2764000.0,
        "Net Interest Income": -10505000.0,
        "Interest Expense": 10505000.0,
        "Normalized Income": -5472200.0,
        "Net Income From Continuing And Discontinued Operation": -13523000.0,
        "Total Expenses": 182058000.0,
        "Total Operating Income As Reported": 7712000.0,
        "Diluted Average Shares": 539401000.0,
        "Basic Average Shares": 539401000.0,
        "Diluted EPS": -0.03,
        "Basic EPS": -0.03,
        "Diluted NI Availto Com Stockholders": -13661000.0,
        "Net Income Common Stockholders": -13661000.0,
        "Preferred Stock Dividends": 138000.0,
        "Net Income": -13523000.0,
        "Net Income Including Noncontrolling Interests": -13523000.0,
        "Net Income Continuous Operations": -13523000.0,
        "Tax Provision": 254000.0,
        "Pretax Income": -13269000.0,
        "Other Income Expense": -11948000.0,
        "Other Non Operating Income Expenses": 1470000.0,
        "Special Income Charges": -1472000.0,
        "Other Special Charges": NaN,
        "Restructuring And Mergern Acquisition": 1472000.0,
        "Gain On Sale Of Security": -11946000.0,
        "Net Non Operating Interest Income Expense": -10505000.0,
        "Interest Expense Non Operating": 10505000.0,
        "Operating Income": 9184000.0,
        "Operating Expense": 28079000.0,
        "Other Operating Expenses": 13145000.0,
        "Selling General And Administration": 9692000.0,
        "General And Administrative Expense": 9692000.0,
        "Other Gand A": 9692000.0,
        "Gross Profit": 37263000.0,
        "Cost Of Revenue": 153979000.0,
        "Total Revenue": 191242000.0,
        "Operating Revenue": 191242000.0
    },
    "2023-06-30": {
        "Tax Effect Of Unusual Items": NaN,
        "Tax Rate For Calcs": NaN,
        "Normalized EBITDA": NaN,
        "Total Unusual Items": NaN,
        "Total Unusual Items Excluding Goodwill": NaN,
        "Net Income From Continuing Operation Net Minority Interest": NaN,
        "Reconciled Depreciation": NaN,
        "Reconciled Cost Of Revenue": NaN,
        "EBITDA": NaN,
        "EBIT": NaN,
        "Net Interest Income": NaN,
        "Interest Expense": NaN,
        "Normalized Income": NaN,
        "Net Income From Continuing And Discontinued Operation": NaN,
        "Total Expenses": NaN,
        "Total Operating Income As Reported": NaN,
        "Diluted Average Shares": NaN,
        "Basic Average Shares": NaN,
        "Diluted EPS": NaN,
        "Basic EPS": NaN,
        "Diluted NI Availto Com Stockholders": NaN,
        "Net Income Common Stockholders": NaN,
        "Preferred Stock Dividends": NaN,
        "Net Income": NaN,
        "Net Income Including Noncontrolling Interests": NaN,
        "Net Income Continuous Operations": NaN,
        "Tax Provision": NaN,
        "Pretax Income": NaN,
        "Other Income Expense": NaN,
        "Other Non Operating Income Expenses": NaN,
        "Special Income Charges": NaN,
        "Gain On Sale Of Business": NaN,
        "Other Special Charges": NaN,
        "Impairment Of Capital Assets": NaN,
        "Restructuring And Mergern Acquisition": 3111000.0,
        "Gain On Sale Of Security": NaN,
        "Net Non Operating Interest Income Expense": NaN,
        "Interest Expense Non Operating": NaN,
        "Operating Income": NaN,
        "Operating Expense": NaN,
        "Other Operating Expenses": NaN,
        "Selling General And Administration": NaN,
        "General And Administrative Expense": NaN,
        "Other Gand A": NaN,
        "Gross Profit": NaN,
        "Cost Of Revenue": NaN,
        "Total Revenue": NaN,
        "Operating Revenue": NaN
    },
    "2023-09-30": {
        "Tax Effect Of Unusual Items": -1606626.0,
        "Tax Rate For Calcs": 0.063,
        "Normalized EBITDA": 49392000.0,
        "Total Unusual Items": -25502000.0,
        "Total Unusual Items Excluding Goodwill": -25502000.0,
        "Net Income From Continuing Operation Net Minority Interest": -22415000.0,
        "Reconciled Depreciation": 37095000.0,
        "Reconciled Cost Of Revenue": 148429000.0,
        "EBITDA": 23890000.0,
        "EBIT": -13205000.0,
        "Net Interest Income": -10710000.0,
        "Interest Expense": 10710000.0,
        "Normalized Income": 1480374.0,
        "Net Income From Continuing And Discontinued Operation": -22415000.0,
        "Total Expenses": 171266000.0,
        "Total Operating Income As Reported": -12641000.0,
        "Diluted Average Shares": 607896000.0,
        "Basic Average Shares": 607896000.0,
        "Diluted EPS": -0.04,
        "Basic EPS": -0.04,
        "Diluted NI Availto Com Stockholders": -22553000.0,
        "Net Income Common Stockholders": -22553000.0,
        "Preferred Stock Dividends": 138000.0,
        "Net Income": -22415000.0,
        "Net Income Including Noncontrolling Interests": -22415000.0,
        "Net Income Continuous Operations": -22415000.0,
        "Tax Provision": -1500000.0,
        "Pretax Income": -23915000.0,
        "Other Income Expense": -23845000.0,
        "Other Non Operating Income Expenses": 1657000.0,
        "Special Income Charges": -23281000.0,
        "Gain On Sale Of Business": -2256000.0,
        "Other Special Charges": 21025000.0,
        "Impairment Of Capital Assets": 0.0,
        "Restructuring And Mergern Acquisition": 2256000.0,
        "Gain On Sale Of Security": -2221000.0,
        "Net Non Operating Interest Income Expense": -10710000.0,
        "Interest Expense Non Operating": 10710000.0,
        "Operating Income": 10640000.0,
        "Operating Expense": 22837000.0,
        "Other Operating Expenses": 15241000.0,
        "Selling General And Administration": 7596000.0,
        "General And Administrative Expense": 7596000.0,
        "Other Gand A": 7596000.0,
        "Gross Profit": 33477000.0,
        "Cost Of Revenue": 148429000.0,
        "Total Revenue": 181906000.0,
        "Operating Revenue": 181906000.0
    },
    "2023-12-31": {
        "Tax Effect Of Unusual Items": -2837318.509986,
        "Tax Rate For Calcs": 0.116873,
        "Normalized EBITDA": 39760000.0,
        "Total Unusual Items": -24277000.0,
        "Total Unusual Items Excluding Goodwill": -24277000.0,
        "Net Income From Continuing Operation Net Minority Interest": -42935000.0,
        "Reconciled Depreciation": 51967000.0,
        "Reconciled Cost Of Revenue": 153825000.0,
        "EBITDA": 15483000.0,
        "EBIT": -36484000.0,
        "Net Interest Income": -12133000.0,
        "Interest Expense": 12133000.0,
        "Normalized Income": -21495318.509986,
        "Net Income From Continuing And Discontinued Operation": -42935000.0,
        "Total Expenses": 174355000.0,
        "Total Operating Income As Reported": -42397000.0,
        "Diluted Average Shares": 610547000.0,
        "Basic Average Shares": 610547000.0,
        "Diluted EPS": -0.07,
        "Basic EPS": -0.07,
        "Diluted NI Availto Com Stockholders": -43073000.0,
        "Net Income Common Stockholders": -43073000.0,
        "Preferred Stock Dividends": 138000.0,
        "Net Income": -42935000.0,
        "Net Income Including Noncontrolling Interests": -42935000.0,
        "Net Income Continuous Operations": -42935000.0,
        "Tax Provision": -5682000.0,
        "Pretax Income": -48617000.0,
        "Other Income Expense": -22819000.0,
        "Other Non Operating Income Expenses": 1458000.0,
        "Special Income Charges": -28732000.0,
        "Gain On Sale Of Business": -1164000.0,
        "Other Special Charges": 27568000.0,
        "Impairment Of Capital Assets": NaN,
        "Restructuring And Mergern Acquisition": 1164000.0,
        "Gain On Sale Of Security": 4455000.0,
        "Net Non Operating Interest Income Expense": -12133000.0,
        "Interest Expense Non Operating": 12133000.0,
        "Operating Income": -13665000.0,
        "Operating Expense": 20530000.0,
        "Other Operating Expenses": 8257000.0,
        "Selling General And Administration": 12273000.0,
        "General And Administrative Expense": 12273000.0,
        "Other Gand A": 12273000.0,
        "Gross Profit": 6865000.0,
        "Cost Of Revenue": 153825000.0,
        "Total Revenue": 160690000.0,
        "Operating Revenue": 160690000.0
    },
    "2024-03-31": {
        "Tax Effect Of Unusual Items": -2809590.0,
        "Tax Rate For Calcs": 0.21,
        "Normalized EBITDA": 73311000.0,
        "Total Unusual Items": -13379000.0,
        "Total Unusual Items Excluding Goodwill": -13379000.0,
        "Net Income From Continuing Operation Net Minority Interest": -5753000.0,
        "Reconciled Depreciation": 51226000.0,
        "Reconciled Cost Of Revenue": 170368000.0,
        "EBITDA": 59932000.0,
        "EBIT": 8706000.0,
        "Net Interest Income": -12644000.0,
        "Interest Expense": 12644000.0,
        "Normalized Income": 4816410.0,
        "Net Income From Continuing And Discontinued Operation": -5753000.0,
        "Total Expenses": 168955000.0,
        "Total Operating Income As Reported": 5064000.0,
        "Diluted Average Shares": 616199000.0,
        "Basic Average Shares": 616199000.0,
        "Diluted EPS": -0.01,
        "Basic EPS": -0.01,
        "Diluted NI Availto Com Stockholders": -5891000.0,
        "Net Income Common Stockholders": -5891000.0,
        "Preferred Stock Dividends": 138000.0,
        "Net Income": -5753000.0,
        "Net Income Including Noncontrolling Interests": -5753000.0,
        "Net Income Continuous Operations": -5753000.0,
        "Tax Provision": 1815000.0,
        "Pretax Income": -3938000.0,
        "Other Income Expense": -11867000.0,
        "Other Non Operating Income Expenses": 1512000.0,
        "Special Income Charges": -15509000.0,
        "Gain On Sale Of Business": -986000.0,
        "Other Special Charges": 14523000.0,
        "Impairment Of Capital Assets": NaN,
        "Restructuring And Mergern Acquisition": NaN,
        "Gain On Sale Of Security": 2130000.0,
        "Net Non Operating Interest Income Expense": -12644000.0,
        "Interest Expense Non Operating": 12644000.0,
        "Operating Income": 20573000.0,
        "Operating Expense": -1413000.0,
        "Other Operating Expenses": -12629000.0,
        "Selling General And Administration": 11216000.0,
        "General And Administrative Expense": 11216000.0,
        "Other Gand A": 11216000.0,
        "Gross Profit": 19160000.0,
        "Cost Of Revenue": 170368000.0,
        "Total Revenue": 189528000.0,
        "Operating Revenue": 189528000.0
    },
    "2024-06-30": {
        "Tax Effect Of Unusual Items": 242064.0,
        "Tax Rate For Calcs": 0.246,
        "Normalized EBITDA": 102392000.0,
        "Total Unusual Items": 984000.0,
        "Total Unusual Items Excluding Goodwill": 984000.0,
        "Net Income From Continuing Operation Net Minority Interest": 27870000.0,
        "Reconciled Depreciation": 53921000.0,
        "Reconciled Cost Of Revenue": 194227000.0,
        "EBITDA": 103376000.0,
        "EBIT": 49455000.0,
        "Net Interest Income": -12505000.0,
        "Interest Expense": 12505000.0,
        "Normalized Income": 27128064.0,
        "Net Income From Continuing And Discontinued Operation": 27870000.0,
        "Total Expenses": 198366000.0,
        "Total Operating Income As Reported": 40600000.0,
        "Diluted Average Shares": 622206000.0,
        "Basic Average Shares": 617106000.0,
        "Diluted EPS": 0.04,
        "Basic EPS": 0.04,
        "Diluted NI Availto Com Stockholders": 27732000.0,
        "Net Income Common Stockholders": 27732000.0,
        "Preferred Stock Dividends": 138000.0,
        "Net Income": 27870000.0,
        "Net Income Including Noncontrolling Interests": 27870000.0,
        "Net Income Continuous Operations": 27870000.0,
        "Tax Provision": 9080000.0,
        "Pretax Income": 36950000.0,
        "Other Income Expense": 2164000.0,
        "Other Non Operating Income Expenses": 1180000.0,
        "Special Income Charges": -6691000.0,
        "Gain On Sale Of Business": -1153000.0,
        "Other Special Charges": 5538000.0,
        "Impairment Of Capital Assets": NaN,
        "Restructuring And Mergern Acquisition": NaN,
        "Gain On Sale Of Security": 7675000.0,
        "Net Non Operating Interest Income Expense": -12505000.0,
        "Interest Expense Non Operating": 12505000.0,
        "Operating Income": 47291000.0,
        "Operating Expense": 4139000.0,
        "Other Operating Expenses": -10601000.0,
        "Selling General And Administration": 14740000.0,
        "General And Administrative Expense": 14740000.0,
        "Other Gand A": 14740000.0,
        "Gross Profit": 51430000.0,
        "Cost Of Revenue": 194227000.0,
        "Total Revenue": 245657000.0,
        "Operating Revenue": 245657000.0
    },
    "2024-09-30": {
        "Tax Effect Of Unusual Items": -6148170.0,
        "Tax Rate For Calcs": 0.21,
        "Normalized EBITDA": 97507000.0,
        "Total Unusual Items": -29277000.0,
        "Total Unusual Items Excluding Goodwill": -29277000.0,
        "Net Income From Continuing Operation Net Minority Interest": 1761000.0,
        "Reconciled Depreciation": 44118000.0,
        "Reconciled Cost Of Revenue": 185799000.0,
        "EBITDA": 68230000.0,
        "EBIT": 24112000.0,
        "Net Interest Income": -10901000.0,
        "Interest Expense": 10901000.0,
        "Normalized Income": 24889830.0,
        "Net Income From Continuing And Discontinued Operation": 1761000.0,
        "Total Expenses": 192925000.0,
        "Total Operating Income As Reported": 22475000.0,
        "Diluted Average Shares": 625739000.0,
        "Basic Average Shares": 621921000.0,
        "Diluted EPS": 0.002594,
        "Basic EPS": 0.00261,
        "Diluted NI Availto Com Stockholders": 1623000.0,
        "Net Income Common Stockholders": 1623000.0,
        "Preferred Stock Dividends": 138000.0,
        "Net Income": 1761000.0,
        "Net Income Including Noncontrolling Interests": 1761000.0,
        "Net Income Continuous Operations": 1761000.0,
        "Tax Provision": 11450000.0,
        "Pretax Income": 13211000.0,
        "Other Income Expense": -28048000.0,
        "Other Non Operating Income Expenses": 1229000.0,
        "Special Income Charges": -29685000.0,
        "Gain On Sale Of Business": -1542000.0,
        "Other Special Charges": 13679000.0,
        "Impairment Of Capital Assets": 14464000.0,
        "Restructuring And Mergern Acquisition": NaN,
        "Gain On Sale Of Security": 408000.0,
        "Net Non Operating Interest Income Expense": -10901000.0,
        "Interest Expense Non Operating": 10901000.0,
        "Operating Income": 52160000.0,
        "Operating Expense": 7126000.0,
        "Other Operating Expenses": -3275000.0,
        "Selling General And Administration": 10401000.0,
        "General And Administrative Expense": 10401000.0,
        "Other Gand A": 10401000.0,
        "Gross Profit": 59286000.0,
        "Cost Of Revenue": 185799000.0,
        "Total Revenue": 245085000.0,
        "Operating Revenue": 245085000.0
    }
}