{
    "2023-03-31": {
        "Tax Effect Of Unusual Items": 0.0,
        "Tax Rate For Calcs": 0.234317,
        "Normalized EBITDA": 637000000.0,
        "Total Unusual Items": 0.0,
        "Total Unusual Items Excluding Goodwill": 0.0,
        "Net Income From Continuing Operation Net Minority Interest": 389000000.0,
        "Reconciled Cost Of Revenue": 1146000000.0,
        "EBITDA": 637000000.0,
        "EBIT": 637000000.0,
        "Net Interest Income": -85000000.0,
        "Interest Expense": 95000000.0,
        "Interest Income": 10000000.0,
        "Normalized Income": 389000000.0,
        "Net Income From Continuing And Discontinued Operation": 389000000.0,
        "Total Expenses": 2359000000.0,
        "Total Operating Income As Reported": 627000000.0,
        "Diluted Average Shares": 4630952381.0,
        "Basic Average Shares": 4630952381.0,
        "Diluted EPS": 0.084,
        "Basic EPS": 0.084,
        "Diluted NI Availto Com Stockholders": 389000000.0,
        "Net Income Common Stockholders": 389000000.0,
        "Otherunder Preferred Stock Dividend": 0.0,
        "Net Income": 389000000.0,
        "Minority Interests": -26000000.0,
        "Net Income Including Noncontrolling Interests": 415000000.0,
        "Net Income Continuous Operations": 415000000.0,
        "Tax Provision": 127000000.0,
        "Pretax Income": 542000000.0,
        "Special Income Charges": 0.0,
        "Other Special Charges": NaN,
        "Net Non Operating Interest Income Expense": -85000000.0,
        "Interest Expense Non Operating": 95000000.0,
        "Interest Income Non Operating": 10000000.0,
        "Operating Income": 627000000.0,
        "Operating Expense": 1213000000.0,
        "Other Operating Expenses": 3000000.0,
        "Research And Development": 75000000.0,
        "Selling General And Administration": 1135000000.0,
        "General And Administrative Expense": 1135000000.0,
        "Gross Profit": 1840000000.0,
        "Cost Of Revenue": 1146000000.0,
        "Total Revenue": 2986000000.0,
        "Operating Revenue": 2986000000.0
    },
    "2022-12-31": {
        "Tax Effect Of Unusual Items": NaN,
        "Tax Rate For Calcs": NaN,
        "Normalized EBITDA": NaN,
        "Total Unusual Items": NaN,
        "Total Unusual Items Excluding Goodwill": NaN,
        "Net Income From Continuing Operation Net Minority Interest": NaN,
        "Reconciled Cost Of Revenue": NaN,
        "EBITDA": NaN,
        "EBIT": NaN,
        "Net Interest Income": NaN,
        "Interest Expense": NaN,
        "Interest Income": 49000000.0,
        "Normalized Income": NaN,
        "Net Income From Continuing And Discontinued Operation": NaN,
        "Total Expenses": NaN,
        "Total Operating Income As Reported": NaN,
        "Diluted Average Shares": NaN,
        "Basic Average Shares": NaN,
        "Diluted EPS": NaN,
        "Basic EPS": NaN,
        "Diluted NI Availto Com Stockholders": NaN,
        "Net Income Common Stockholders": NaN,
        "Otherunder Preferred Stock Dividend": NaN,
        "Net Income": NaN,
        "Minority Interests": NaN,
        "Net Income Including Noncontrolling Interests": NaN,
        "Net Income Continuous Operations": NaN,
        "Tax Provision": NaN,
        "Pretax Income": NaN,
        "Special Income Charges": NaN,
        "Other Special Charges": NaN,
        "Net Non Operating Interest Income Expense": NaN,
        "Interest Expense Non Operating": NaN,
        "Interest Income Non Operating": 49000000.0,
        "Operating Income": NaN,
        "Operating Expense": NaN,
        "Other Operating Expenses": NaN,
        "Research And Development": NaN,
        "Selling General And Administration": NaN,
        "General And Administrative Expense": NaN,
        "Gross Profit": NaN,
        "Cost Of Revenue": NaN,
        "Total Revenue": NaN,
        "Operating Revenue": NaN
    },
    "2022-09-30": {
        "Tax Effect Of Unusual Items": NaN,
        "Tax Rate For Calcs": NaN,
        "Normalized EBITDA": NaN,
        "Total Unusual Items": NaN,
        "Total Unusual Items Excluding Goodwill": NaN,
        "Net Income From Continuing Operation Net Minority Interest": NaN,
        "Reconciled Cost Of Revenue": NaN,
        "EBITDA": NaN,
        "EBIT": NaN,
        "Net Interest Income": NaN,
        "Interest Expense": NaN,
        "Interest Income": 7000000.0,
        "Normalized Income": NaN,
        "Net Income From Continuing And Discontinued Operation": NaN,
        "Total Expenses": NaN,
        "Total Operating Income As Reported": NaN,
        "Diluted Average Shares": 4617286916.0,
        "Basic Average Shares": 4617286916.0,
        "Diluted EPS": 0.074719,
        "Basic EPS": 0.074719,
        "Diluted NI Availto Com Stockholders": NaN,
        "Net Income Common Stockholders": NaN,
        "Otherunder Preferred Stock Dividend": NaN,
        "Net Income": NaN,
        "Minority Interests": NaN,
        "Net Income Including Noncontrolling Interests": NaN,
        "Net Income Continuous Operations": NaN,
        "Tax Provision": NaN,
        "Pretax Income": NaN,
        "Special Income Charges": NaN,
        "Other Special Charges": NaN,
        "Net Non Operating Interest Income Expense": NaN,
        "Interest Expense Non Operating": NaN,
        "Interest Income Non Operating": 7000000.0,
        "Operating Income": NaN,
        "Operating Expense": NaN,
        "Other Operating Expenses": NaN,
        "Research And Development": NaN,
        "Selling General And Administration": NaN,
        "General And Administrative Expense": NaN,
        "Gross Profit": NaN,
        "Cost Of Revenue": NaN,
        "Total Revenue": NaN,
        "Operating Revenue": NaN
    },
    "2022-06-30": {
        "Tax Effect Of Unusual Items": 0.0,
        "Tax Rate For Calcs": 0.4,
        "Normalized EBITDA": 470000000.0,
        "Net Income From Continuing Operation Net Minority Interest": 201000000.0,
        "Reconciled Cost Of Revenue": 963000000.0,
        "EBITDA": 470000000.0,
        "EBIT": 470000000.0,
        "Net Interest Income": -35000000.0,
        "Interest Expense": 71000000.0,
        "Interest Income": 36000000.0,
        "Normalized Income": 201000000.0,
        "Net Income From Continuing And Discontinued Operation": 201000000.0,
        "Total Expenses": 2127000000.0,
        "Total Operating Income As Reported": 434000000.0,
        "Diluted Average Shares": 4617286915.0,
        "Basic Average Shares": 4617286915.0,
        "Diluted EPS": 0.037684,
        "Basic EPS": 0.037684,
        "Diluted NI Availto Com Stockholders": 201000000.0,
        "Net Income Common Stockholders": 201000000.0,
        "Otherunder Preferred Stock Dividend": 0.0,
        "Net Income": 201000000.0,
        "Minority Interests": NaN,
        "Net Income Including Noncontrolling Interests": 187000000.0,
        "Net Income Continuous Operations": 187000000.0,
        "Tax Provision": 212000000.0,
        "Pretax Income": 399000000.0,
        "Net Non Operating Interest Income Expense": -35000000.0,
        "Interest Expense Non Operating": 71000000.0,
        "Interest Income Non Operating": 36000000.0,
        "Operating Income": 434000000.0,
        "Operating Expense": 1164000000.0,
        "Other Operating Expenses": -1000000.0,
        "Research And Development": 72000000.0,
        "Selling General And Administration": 1093000000.0,
        "General And Administrative Expense": 1093000000.0,
        "Gross Profit": 1598000000.0,
        "Cost Of Revenue": 963000000.0,
        "Total Revenue": 2561000000.0,
        "Operating Revenue": 2561000000.0
    },
    "2023-06-30": {
        "Tax Effect Of Unusual Items": 0.0,
        "Tax Rate For Calcs": 0.246411,
        "Normalized EBITDA": 542000000.0,
        "Total Unusual Items": NaN,
        "Total Unusual Items Excluding Goodwill": NaN,
        "Net Income From Continuing Operation Net Minority Interest": 298000000.0,
        "Reconciled Cost Of Revenue": 1042000000.0,
        "EBITDA": 542000000.0,
        "EBIT": 542000000.0,
        "Net Interest Income": -96000000.0,
        "Interest Expense": 124000000.0,
        "Interest Income": 28000000.0,
        "Normalized Income": 298000000.0,
        "Net Income From Continuing And Discontinued Operation": 298000000.0,
        "Total Expenses": 2238000000.0,
        "Total Operating Income As Reported": 514000000.0,
        "Diluted Average Shares": NaN,
        "Basic Average Shares": NaN,
        "Diluted EPS": NaN,
        "Basic EPS": NaN,
        "Diluted NI Availto Com Stockholders": 298000000.0,
        "Net Income Common Stockholders": 298000000.0,
        "Otherunder Preferred Stock Dividend": 0.0,
        "Net Income": 298000000.0,
        "Minority Interests": -17000000.0,
        "Net Income Including Noncontrolling Interests": 315000000.0,
        "Net Income Continuous Operations": 315000000.0,
        "Tax Provision": 103000000.0,
        "Pretax Income": 418000000.0,
        "Special Income Charges": NaN,
        "Other Special Charges": NaN,
        "Net Non Operating Interest Income Expense": -96000000.0,
        "Interest Expense Non Operating": 124000000.0,
        "Interest Income Non Operating": 28000000.0,
        "Operating Income": 514000000.0,
        "Operating Expense": 1196000000.0,
        "Other Operating Expenses": 2000000.0,
        "Research And Development": 67000000.0,
        "Selling General And Administration": 1127000000.0,
        "General And Administrative Expense": 1127000000.0,
        "Gross Profit": 1710000000.0,
        "Cost Of Revenue": 1042000000.0,
        "Total Revenue": 2752000000.0,
        "Operating Revenue": 2752000000.0
    },
    "2023-09-30": {
        "Tax Effect Of Unusual Items": 0.0,
        "Tax Rate For Calcs": 0.245968,
        "Normalized EBITDA": 584000000.0,
        "Total Unusual Items": NaN,
        "Total Unusual Items Excluding Goodwill": NaN,
        "Net Income From Continuing Operation Net Minority Interest": 365000000.0,
        "Reconciled Cost Of Revenue": 1082000000.0,
        "EBITDA": 584000000.0,
        "EBIT": 584000000.0,
        "Net Interest Income": -88000000.0,
        "Interest Expense": 88000000.0,
        "Interest Income": NaN,
        "Normalized Income": 365000000.0,
        "Net Income From Continuing And Discontinued Operation": 365000000.0,
        "Total Expenses": 2214000000.0,
        "Total Operating Income As Reported": 584000000.0,
        "Diluted Average Shares": 4617286916.0,
        "Basic Average Shares": 4617286916.0,
        "Diluted EPS": 0.079051,
        "Basic EPS": 0.079051,
        "Diluted NI Availto Com Stockholders": 365000000.0,
        "Net Income Common Stockholders": 365000000.0,
        "Otherunder Preferred Stock Dividend": 0.0,
        "Net Income": 365000000.0,
        "Minority Interests": -9000000.0,
        "Net Income Including Noncontrolling Interests": 374000000.0,
        "Net Income Continuous Operations": 374000000.0,
        "Tax Provision": 122000000.0,
        "Pretax Income": 496000000.0,
        "Special Income Charges": NaN,
        "Other Special Charges": NaN,
        "Net Non Operating Interest Income Expense": -88000000.0,
        "Interest Expense Non Operating": 88000000.0,
        "Interest Income Non Operating": NaN,
        "Operating Income": 584000000.0,
        "Operating Expense": 1132000000.0,
        "Other Operating Expenses": -1000000.0,
        "Research And Development": 75000000.0,
        "Selling General And Administration": 1058000000.0,
        "General And Administrative Expense": 1058000000.0,
        "Gross Profit": 1716000000.0,
        "Cost Of Revenue": 1082000000.0,
        "Total Revenue": 2798000000.0,
        "Operating Revenue": 2798000000.0
    },
    "2023-12-31": {
        "Tax Effect Of Unusual Items": 0.0,
        "Tax Rate For Calcs": 0.19,
        "Normalized EBITDA": 317000000.0,
        "Total Unusual Items": NaN,
        "Total Unusual Items Excluding Goodwill": NaN,
        "Net Income From Continuing Operation Net Minority Interest": -3000000.0,
        "Reconciled Cost Of Revenue": 1285000000.0,
        "EBITDA": 317000000.0,
        "EBIT": 317000000.0,
        "Net Interest Income": -131000000.0,
        "Interest Expense": 145000000.0,
        "Interest Income": NaN,
        "Normalized Income": -3000000.0,
        "Net Income From Continuing And Discontinued Operation": -3000000.0,
        "Total Expenses": 2495000000.0,
        "Total Operating Income As Reported": 271000000.0,
        "Diluted Average Shares": NaN,
        "Basic Average Shares": NaN,
        "Diluted EPS": NaN,
        "Basic EPS": NaN,
        "Diluted NI Availto Com Stockholders": -3000000.0,
        "Net Income Common Stockholders": -3000000.0,
        "Otherunder Preferred Stock Dividend": 0.0,
        "Net Income": -3000000.0,
        "Minority Interests": -10000000.0,
        "Net Income Including Noncontrolling Interests": 7000000.0,
        "Net Income Continuous Operations": 7000000.0,
        "Tax Provision": 165000000.0,
        "Pretax Income": 172000000.0,
        "Special Income Charges": NaN,
        "Other Special Charges": NaN,
        "Net Non Operating Interest Income Expense": -131000000.0,
        "Interest Expense Non Operating": 145000000.0,
        "Interest Income Non Operating": NaN,
        "Operating Income": 271000000.0,
        "Operating Expense": 1210000000.0,
        "Other Operating Expenses": 23000000.0,
        "Research And Development": 94000000.0,
        "Selling General And Administration": 1093000000.0,
        "General And Administrative Expense": 1093000000.0,
        "Gross Profit": 1481000000.0,
        "Cost Of Revenue": 1285000000.0,
        "Total Revenue": 2766000000.0,
        "Operating Revenue": 2766000000.0
    },
    "2024-03-31": {
        "Tax Effect Of Unusual Items": 2525423.728814,
        "Tax Rate For Calcs": 0.252542,
        "Normalized EBITDA": 677000000.0,
        "Total Unusual Items": 10000000.0,
        "Total Unusual Items Excluding Goodwill": 10000000.0,
        "Net Income From Continuing Operation Net Minority Interest": 423000000.0,
        "Reconciled Cost Of Revenue": 1081000000.0,
        "EBITDA": 687000000.0,
        "EBIT": 687000000.0,
        "Net Interest Income": -75000000.0,
        "Interest Expense": 97000000.0,
        "Interest Income": 22000000.0,
        "Normalized Income": 415525423.728814,
        "Net Income From Continuing And Discontinued Operation": 423000000.0,
        "Total Expenses": 2264000000.0,
        "Total Operating Income As Reported": 655000000.0,
        "Diluted Average Shares": 4597826087.0,
        "Basic Average Shares": 4597826087.0,
        "Diluted EPS": 0.092,
        "Basic EPS": 0.092,
        "Diluted NI Availto Com Stockholders": 423000000.0,
        "Net Income Common Stockholders": 423000000.0,
        "Otherunder Preferred Stock Dividend": 0.0,
        "Net Income": 423000000.0,
        "Minority Interests": -18000000.0,
        "Net Income Including Noncontrolling Interests": 441000000.0,
        "Net Income Continuous Operations": 441000000.0,
        "Tax Provision": 149000000.0,
        "Pretax Income": 590000000.0,
        "Special Income Charges": 10000000.0,
        "Other Special Charges": -10000000.0,
        "Net Non Operating Interest Income Expense": -75000000.0,
        "Interest Expense Non Operating": 97000000.0,
        "Interest Income Non Operating": 22000000.0,
        "Operating Income": 655000000.0,
        "Operating Expense": 1183000000.0,
        "Other Operating Expenses": 7000000.0,
        "Research And Development": 71000000.0,
        "Selling General And Administration": 1105000000.0,
        "General And Administrative Expense": 1105000000.0,
        "Gross Profit": 1838000000.0,
        "Cost Of Revenue": 1081000000.0,
        "Total Revenue": 2919000000.0,
        "Operating Revenue": 2919000000.0
    }
}