{
    "2023-06-30": {
        "Tax Effect Of Unusual Items": -1637323.943662,
        "Tax Rate For Calcs": 0.272887,
        "Normalized EBITDA": 722000000.0,
        "Total Unusual Items": -6000000.0,
        "Total Unusual Items Excluding Goodwill": -6000000.0,
        "Net Income From Continuing Operation Net Minority Interest": 411000000.0,
        "Reconciled Depreciation": 37000000.0,
        "Reconciled Cost Of Revenue": 1805000000.0,
        "EBITDA": 716000000.0,
        "EBIT": 679000000.0,
        "Net Interest Income": -111000000.0,
        "Interest Expense": 111000000.0,
        "Normalized Income": 415362676.056338,
        "Net Income From Continuing And Discontinued Operation": 411000000.0,
        "Total Expenses": 1986000000.0,
        "Total Operating Income As Reported": 674000000.0,
        "Diluted Average Shares": 266000000.0,
        "Basic Average Shares": 264000000.0,
        "Diluted EPS": 1.55,
        "Basic EPS": 1.56,
        "Diluted NI Availto Com Stockholders": 411000000.0,
        "Net Income Common Stockholders": 411000000.0,
        "Net Income": 411000000.0,
        "Minority Interests": -2000000.0,
        "Net Income Including Noncontrolling Interests": 413000000.0,
        "Net Income Continuous Operations": 413000000.0,
        "Tax Provision": 155000000.0,
        "Pretax Income": 568000000.0,
        "Other Income Expense": 5000000.0,
        "Other Non Operating Income Expenses": 11000000.0,
        "Special Income Charges": 0.0,
        "Gain On Sale Of Ppe": 0.0,
        "Earnings From Equity Interest": 0.0,
        "Gain On Sale Of Security": -6000000.0,
        "Net Non Operating Interest Income Expense": -111000000.0,
        "Interest Expense Non Operating": 111000000.0,
        "Operating Income": 674000000.0,
        "Operating Expense": 181000000.0,
        "Other Operating Expenses": 33000000.0,
        "Depreciation Amortization Depletion Income Statement": 37000000.0,
        "Depreciation And Amortization In Income Statement": 37000000.0,
        "Selling General And Administration": 111000000.0,
        "General And Administrative Expense": 111000000.0,
        "Other Gand A": 111000000.0,
        "Gross Profit": 855000000.0,
        "Cost Of Revenue": 1805000000.0,
        "Total Revenue": 2660000000.0,
        "Operating Revenue": 1114000000.0
    },
    "2023-03-31": {
        "Tax Effect Of Unusual Items": NaN,
        "Tax Rate For Calcs": NaN,
        "Normalized EBITDA": NaN,
        "Total Unusual Items": NaN,
        "Total Unusual Items Excluding Goodwill": NaN,
        "Net Income From Continuing Operation Net Minority Interest": NaN,
        "Reconciled Depreciation": NaN,
        "Reconciled Cost Of Revenue": NaN,
        "EBITDA": NaN,
        "EBIT": NaN,
        "Net Interest Income": NaN,
        "Interest Expense": NaN,
        "Normalized Income": NaN,
        "Net Income From Continuing And Discontinued Operation": NaN,
        "Total Expenses": NaN,
        "Total Operating Income As Reported": NaN,
        "Diluted Average Shares": NaN,
        "Basic Average Shares": NaN,
        "Diluted EPS": NaN,
        "Basic EPS": NaN,
        "Diluted NI Availto Com Stockholders": NaN,
        "Net Income Common Stockholders": NaN,
        "Net Income": NaN,
        "Minority Interests": NaN,
        "Net Income Including Noncontrolling Interests": NaN,
        "Net Income Continuous Operations": NaN,
        "Tax Provision": NaN,
        "Pretax Income": NaN,
        "Other Income Expense": NaN,
        "Other Non Operating Income Expenses": NaN,
        "Special Income Charges": 0.0,
        "Gain On Sale Of Ppe": 0.0,
        "Earnings From Equity Interest": NaN,
        "Gain On Sale Of Security": NaN,
        "Net Non Operating Interest Income Expense": NaN,
        "Interest Expense Non Operating": NaN,
        "Operating Income": NaN,
        "Operating Expense": NaN,
        "Other Operating Expenses": NaN,
        "Depreciation Amortization Depletion Income Statement": NaN,
        "Depreciation And Amortization In Income Statement": NaN,
        "Selling General And Administration": NaN,
        "General And Administrative Expense": NaN,
        "Other Gand A": NaN,
        "Gross Profit": NaN,
        "Cost Of Revenue": NaN,
        "Total Revenue": NaN,
        "Operating Revenue": NaN
    },
    "2022-12-31": {
        "Tax Effect Of Unusual Items": NaN,
        "Tax Rate For Calcs": NaN,
        "Normalized EBITDA": NaN,
        "Total Unusual Items": NaN,
        "Total Unusual Items Excluding Goodwill": NaN,
        "Net Income From Continuing Operation Net Minority Interest": NaN,
        "Reconciled Depreciation": NaN,
        "Reconciled Cost Of Revenue": NaN,
        "EBITDA": NaN,
        "EBIT": NaN,
        "Net Interest Income": NaN,
        "Interest Expense": NaN,
        "Normalized Income": NaN,
        "Net Income From Continuing And Discontinued Operation": NaN,
        "Total Expenses": NaN,
        "Total Operating Income As Reported": NaN,
        "Diluted Average Shares": NaN,
        "Basic Average Shares": NaN,
        "Diluted EPS": NaN,
        "Basic EPS": NaN,
        "Diluted NI Availto Com Stockholders": NaN,
        "Net Income Common Stockholders": NaN,
        "Net Income": NaN,
        "Minority Interests": NaN,
        "Net Income Including Noncontrolling Interests": NaN,
        "Net Income Continuous Operations": NaN,
        "Tax Provision": NaN,
        "Pretax Income": NaN,
        "Other Income Expense": NaN,
        "Other Non Operating Income Expenses": NaN,
        "Special Income Charges": 0.0,
        "Gain On Sale Of Ppe": 0.0,
        "Earnings From Equity Interest": NaN,
        "Gain On Sale Of Security": NaN,
        "Net Non Operating Interest Income Expense": NaN,
        "Interest Expense Non Operating": NaN,
        "Operating Income": NaN,
        "Operating Expense": NaN,
        "Other Operating Expenses": NaN,
        "Depreciation Amortization Depletion Income Statement": NaN,
        "Depreciation And Amortization In Income Statement": NaN,
        "Selling General And Administration": NaN,
        "General And Administrative Expense": NaN,
        "Other Gand A": NaN,
        "Gross Profit": NaN,
        "Cost Of Revenue": NaN,
        "Total Revenue": NaN,
        "Operating Revenue": NaN
    },
    "2022-09-30": {
        "Tax Effect Of Unusual Items": NaN,
        "Tax Rate For Calcs": NaN,
        "Normalized EBITDA": NaN,
        "Total Unusual Items": NaN,
        "Total Unusual Items Excluding Goodwill": NaN,
        "Net Income From Continuing Operation Net Minority Interest": NaN,
        "Reconciled Depreciation": NaN,
        "Reconciled Cost Of Revenue": NaN,
        "EBITDA": NaN,
        "EBIT": NaN,
        "Net Interest Income": NaN,
        "Interest Expense": NaN,
        "Normalized Income": NaN,
        "Net Income From Continuing And Discontinued Operation": NaN,
        "Total Expenses": NaN,
        "Total Operating Income As Reported": NaN,
        "Diluted Average Shares": NaN,
        "Basic Average Shares": NaN,
        "Diluted EPS": NaN,
        "Basic EPS": NaN,
        "Diluted NI Availto Com Stockholders": NaN,
        "Net Income Common Stockholders": NaN,
        "Net Income": NaN,
        "Minority Interests": NaN,
        "Net Income Including Noncontrolling Interests": NaN,
        "Net Income Continuous Operations": NaN,
        "Tax Provision": NaN,
        "Pretax Income": NaN,
        "Other Income Expense": NaN,
        "Other Non Operating Income Expenses": NaN,
        "Special Income Charges": 0.0,
        "Gain On Sale Of Ppe": 0.0,
        "Earnings From Equity Interest": NaN,
        "Gain On Sale Of Security": NaN,
        "Net Non Operating Interest Income Expense": NaN,
        "Interest Expense Non Operating": NaN,
        "Operating Income": NaN,
        "Operating Expense": NaN,
        "Other Operating Expenses": NaN,
        "Depreciation Amortization Depletion Income Statement": NaN,
        "Depreciation And Amortization In Income Statement": NaN,
        "Selling General And Administration": NaN,
        "General And Administrative Expense": NaN,
        "Other Gand A": NaN,
        "Gross Profit": NaN,
        "Cost Of Revenue": NaN,
        "Total Revenue": NaN,
        "Operating Revenue": NaN
    },
    "2022-06-30": {
        "Tax Effect Of Unusual Items": 2276803.118908,
        "Tax Rate For Calcs": 0.2846,
        "Normalized EBITDA": 644000000.0,
        "Total Unusual Items": 8000000.0,
        "Total Unusual Items Excluding Goodwill": 8000000.0,
        "Net Income From Continuing Operation Net Minority Interest": 368000000.0,
        "Reconciled Depreciation": 40000000.0,
        "Reconciled Cost Of Revenue": 1488000000.0,
        "EBITDA": 652000000.0,
        "EBIT": 612000000.0,
        "Net Interest Income": -99000000.0,
        "Interest Expense": 99000000.0,
        "Normalized Income": 362276803.118908,
        "Net Income From Continuing And Discontinued Operation": 368000000.0,
        "Total Expenses": 1642000000.0,
        "Total Operating Income As Reported": 598000000.0,
        "Diluted Average Shares": 280000000.0,
        "Basic Average Shares": 278000000.0,
        "Diluted EPS": 1.32,
        "Basic EPS": 1.33,
        "Diluted NI Availto Com Stockholders": 368000000.0,
        "Net Income Common Stockholders": 368000000.0,
        "Net Income": 368000000.0,
        "Minority Interests": 1000000.0,
        "Net Income Including Noncontrolling Interests": 367000000.0,
        "Net Income Continuous Operations": 367000000.0,
        "Tax Provision": 146000000.0,
        "Pretax Income": 513000000.0,
        "Other Income Expense": 14000000.0,
        "Other Non Operating Income Expenses": 6000000.0,
        "Special Income Charges": 0.0,
        "Gain On Sale Of Ppe": NaN,
        "Earnings From Equity Interest": NaN,
        "Gain On Sale Of Security": 8000000.0,
        "Net Non Operating Interest Income Expense": -99000000.0,
        "Interest Expense Non Operating": 99000000.0,
        "Operating Income": 598000000.0,
        "Operating Expense": 154000000.0,
        "Other Operating Expenses": 11000000.0,
        "Depreciation Amortization Depletion Income Statement": 40000000.0,
        "Depreciation And Amortization In Income Statement": 40000000.0,
        "Selling General And Administration": 103000000.0,
        "General And Administrative Expense": 103000000.0,
        "Other Gand A": 103000000.0,
        "Gross Profit": 752000000.0,
        "Cost Of Revenue": 1488000000.0,
        "Total Revenue": 2240000000.0,
        "Operating Revenue": 948000000.0
    },
    "2022-03-31": {
        "Diluted EPS": 0.75,
        "Total Revenue": NaN,
        "Gross Profit": NaN,
        "Operating Income": 369,
        "EBIT": 421,
        "Net Income": 212
    },
    "2021-12-31": {
        "Diluted EPS": 0.53,
        "Total Revenue": NaN,
        "Gross Profit": NaN,
        "Operating Income": 333,
        "EBIT": 403,
        "Net Income": 147
    },
    "2021-09-30": {
        "Diluted EPS": 0.86,
        "Total Revenue": NaN,
        "Gross Profit": NaN,
        "Operating Income": 432,
        "EBIT": 487,
        "Net Income": 241
    },
    "2021-06-30": {
        "Diluted EPS": 0.46,
        "Total Revenue": NaN,
        "Gross Profit": NaN,
        "Operating Income": 224,
        "EBIT": 277,
        "Net Income": 130
    },
    "2021-03-31": {
        "Diluted EPS": -0.39,
        "Total Revenue": 874,
        "Gross Profit": 764,
        "Operating Income": 21,
        "EBIT": 79,
        "Net Income": -108
    },
    "2020-12-31": {
        "Diluted EPS": -0.8,
        "Total Revenue": 890,
        "Gross Profit": 748,
        "Operating Income": -195,
        "EBIT": -109,
        "Net Income": -224
    },
    "2020-09-30": {
        "Diluted EPS": -0.29,
        "Total Revenue": 933,
        "Gross Profit": 789,
        "Operating Income": 11,
        "EBIT": 108,
        "Net Income": -79
    },
    "2020-06-30": {
        "Diluted EPS": -1.55,
        "Total Revenue": 564,
        "Gross Profit": 469,
        "Operating Income": -302,
        "EBIT": -207,
        "Net Income": -430
    },
    "2020-03-31": {
        "Diluted EPS": 0.06,
        "Total Revenue": NaN,
        "Gross Profit": NaN,
        "Operating Income": 68,
        "EBIT": 167,
        "Net Income": 18
    },
    "2019-12-31": {
        "Diluted EPS": 0.61,
        "Total Revenue": NaN,
        "Gross Profit": NaN,
        "Operating Income": 348,
        "EBIT": 462,
        "Net Income": 175
    },
    "2019-09-30": {
        "Diluted EPS": 1.0,
        "Total Revenue": NaN,
        "Gross Profit": NaN,
        "Operating Income": 519,
        "EBIT": 612,
        "Net Income": 288
    },
    "2019-06-30": {
        "Diluted EPS": 0.89,
        "Total Revenue": NaN,
        "Gross Profit": NaN,
        "Operating Income": 478,
        "EBIT": 571,
        "Net Income": 260
    },
    "2019-03-31": {
        "Diluted EPS": 0.54,
        "Total Revenue": NaN,
        "Gross Profit": NaN,
        "Operating Income": 312,
        "EBIT": 403,
        "Net Income": 158
    },
    "2018-12-31": {
        "Diluted EPS": 0.74,
        "Total Revenue": NaN,
        "Gross Profit": NaN,
        "Operating Income": 362,
        "EBIT": 468,
        "Net Income": 224
    },
    "2018-09-30": {
        "Diluted EPS": 0.54,
        "Total Revenue": NaN,
        "Gross Profit": NaN,
        "Operating Income": 385,
        "EBIT": 472,
        "Net Income": 162
    },
    "2018-06-30": {
        "Diluted EPS": 0.71,
        "Total Revenue": NaN,
        "Gross Profit": NaN,
        "Operating Income": 406,
        "EBIT": 492,
        "Net Income": 217
    },
    "2018-03-31": {
        "Diluted EPS": 0.51,
        "Total Revenue": NaN,
        "Gross Profit": NaN,
        "Operating Income": 279,
        "EBIT": 368,
        "Net Income": 161
    },
    "2017-12-31": {
        "Diluted EPS": 2.23,
        "Total Revenue": NaN,
        "Gross Profit": NaN,
        "Operating Income": 259,
        "EBIT": 363,
        "Net Income": 729
    },
    "2017-09-30": {
        "Diluted EPS": 0.49,
        "Total Revenue": NaN,
        "Gross Profit": NaN,
        "Operating Income": 332,
        "EBIT": 419,
        "Net Income": 158
    },
    "2017-06-30": {
        "Diluted EPS": 0.46,
        "Total Revenue": NaN,
        "Gross Profit": NaN,
        "Operating Income": 324,
        "EBIT": 412,
        "Net Income": 150
    },
    "2017-03-31": {
        "Diluted EPS": 0.14,
        "Total Revenue": NaN,
        "Gross Profit": NaN,
        "Operating Income": 217,
        "EBIT": 306,
        "Net Income": 47
    },
    "2016-12-31": {
        "Diluted EPS": -1.2,
        "Total Revenue": NaN,
        "Gross Profit": 735,
        "Operating Income": 160,
        "EBIT": 372,
        "Net Income": -397
    },
    "2016-09-30": {
        "Diluted EPS": 0.57,
        "Total Revenue": NaN,
        "Gross Profit": NaN,
        "Operating Income": 265,
        "EBIT": 434,
        "Net Income": 187
    },
    "2016-06-30": {
        "Diluted EPS": 0.72,
        "Total Revenue": NaN,
        "Gross Profit": NaN,
        "Operating Income": 273,
        "EBIT": 444,
        "Net Income": 239
    },
    "2016-03-31": {
        "Diluted EPS": 0.94,
        "Total Revenue": NaN,
        "Gross Profit": NaN,
        "Operating Income": 170,
        "EBIT": 339,
        "Net Income": 309
    },
    "2015-12-31": {
        "Diluted EPS": 2.49,
        "Total Revenue": NaN,
        "Gross Profit": 359,
        "Operating Income": -680,
        "EBIT": -469,
        "Net Income": 814
    },
    "2015-09-30": {
        "Diluted EPS": 0.84,
        "Total Revenue": NaN,
        "Gross Profit": NaN,
        "Operating Income": 663,
        "EBIT": 834,
        "Net Income": 279
    },
    "2015-06-30": {
        "Diluted EPS": 0.48,
        "Total Revenue": NaN,
        "Gross Profit": NaN,
        "Operating Income": 427,
        "EBIT": 600,
        "Net Income": 161
    },
    "2015-03-31": {
        "Diluted EPS": 0.45,
        "Total Revenue": NaN,
        "Gross Profit": NaN,
        "Operating Income": 490,
        "EBIT": 665,
        "Net Income": 150
    },
    "2014-12-31": {
        "Diluted EPS": 0.49,
        "Total Revenue": NaN,
        "Gross Profit": NaN,
        "Operating Income": 455,
        "EBIT": 663,
        "Net Income": 158
    },
    "2014-09-30": {
        "Diluted EPS": 0.57,
        "Total Revenue": NaN,
        "Gross Profit": NaN,
        "Operating Income": 445,
        "EBIT": 604,
        "Net Income": 183
    },
    "2014-06-30": {
        "Diluted EPS": 0.63,
        "Total Revenue": NaN,
        "Gross Profit": NaN,
        "Operating Income": 435,
        "EBIT": 593,
        "Net Income": 209
    },
    "2014-03-31": {
        "Diluted EPS": 0.36,
        "Total Revenue": NaN,
        "Gross Profit": NaN,
        "Operating Income": 338,
        "EBIT": 491,
        "Net Income": 123
    },
    "2013-12-31": {
        "Diluted EPS": 0.09,
        "Total Revenue": NaN,
        "Gross Profit": NaN,
        "Operating Income": 89,
        "EBIT": 262,
        "Net Income": 26
    },
    "2013-09-30": {
        "Diluted EPS": 0.66,
        "Total Revenue": NaN,
        "Gross Profit": NaN,
        "Operating Income": 357,
        "EBIT": 503,
        "Net Income": 200
    },
    "2013-06-30": {
        "Diluted EPS": 0.51,
        "Total Revenue": NaN,
        "Gross Profit": NaN,
        "Operating Income": 404,
        "EBIT": 553,
        "Net Income": 155
    },
    "2013-03-31": {
        "Diluted EPS": 0.09,
        "Total Revenue": NaN,
        "Gross Profit": NaN,
        "Operating Income": 252,
        "EBIT": 412,
        "Net Income": 34
    },
    "2012-12-31": {
        "Diluted EPS": 0.0,
        "Total Revenue": NaN,
        "Gross Profit": NaN,
        "Operating Income": NaN,
        "EBIT": NaN,
        "Net Income": NaN
    },
    "2012-09-30": {
        "Diluted EPS": 0.0,
        "Total Revenue": NaN,
        "Gross Profit": NaN,
        "Operating Income": NaN,
        "EBIT": NaN,
        "Net Income": NaN
    },
    "2011-12-31": {
        "Diluted EPS": 0.0,
        "Total Revenue": NaN,
        "Gross Profit": NaN,
        "Operating Income": NaN,
        "EBIT": NaN,
        "Net Income": NaN
    },
    "2010-12-31": {
        "Diluted EPS": 0.0,
        "Total Revenue": NaN,
        "Gross Profit": NaN,
        "Operating Income": NaN,
        "EBIT": NaN,
        "Net Income": NaN
    },
    "2023-09-30": {
        "Tax Effect Of Unusual Items": -2158759.124088,
        "Tax Rate For Calcs": 0.308394,
        "Normalized EBITDA": 708000000.0,
        "Total Unusual Items": -7000000.0,
        "Total Unusual Items Excluding Goodwill": -7000000.0,
        "Net Income From Continuing Operation Net Minority Interest": 377000000.0,
        "Reconciled Depreciation": 40000000.0,
        "Reconciled Cost Of Revenue": 1858000000.0,
        "EBITDA": 701000000.0,
        "EBIT": 661000000.0,
        "Net Interest Income": -113000000.0,
        "Interest Expense": 113000000.0,
        "Normalized Income": 381841240.875912,
        "Net Income From Continuing And Discontinued Operation": 377000000.0,
        "Total Expenses": 2020000000.0,
        "Total Operating Income As Reported": 653000000.0,
        "Diluted Average Shares": 262000000.0,
        "Basic Average Shares": 260000000.0,
        "Diluted EPS": 1.44,
        "Basic EPS": 1.45,
        "Diluted NI Availto Com Stockholders": 377000000.0,
        "Net Income Common Stockholders": 377000000.0,
        "Net Income": 377000000.0,
        "Minority Interests": -2000000.0,
        "Net Income Including Noncontrolling Interests": 379000000.0,
        "Net Income Continuous Operations": 379000000.0,
        "Tax Provision": 169000000.0,
        "Pretax Income": 548000000.0,
        "Other Income Expense": 8000000.0,
        "Other Non Operating Income Expenses": 15000000.0,
        "Special Income Charges": NaN,
        "Gain On Sale Of Ppe": NaN,
        "Earnings From Equity Interest": 0.0,
        "Gain On Sale Of Security": -7000000.0,
        "Net Non Operating Interest Income Expense": -113000000.0,
        "Interest Expense Non Operating": 113000000.0,
        "Operating Income": 653000000.0,
        "Operating Expense": 162000000.0,
        "Other Operating Expenses": 26000000.0,
        "Depreciation Amortization Depletion Income Statement": 40000000.0,
        "Depreciation And Amortization In Income Statement": 40000000.0,
        "Selling General And Administration": 96000000.0,
        "General And Administrative Expense": 96000000.0,
        "Other Gand A": 96000000.0,
        "Gross Profit": 815000000.0,
        "Cost Of Revenue": 1858000000.0,
        "Total Revenue": 2673000000.0,
        "Operating Revenue": 1122000000.0
    },
    "2023-12-31": {
        "Tax Effect Of Unusual Items": -8610000.0,
        "Tax Rate For Calcs": 0.21,
        "Normalized EBITDA": 472000000.0,
        "Total Unusual Items": -41000000.0,
        "Total Unusual Items Excluding Goodwill": -41000000.0,
        "Net Income From Continuing Operation Net Minority Interest": 147000000.0,
        "Reconciled Depreciation": 33000000.0,
        "Reconciled Cost Of Revenue": 1996000000.0,
        "EBITDA": 431000000.0,
        "EBIT": 398000000.0,
        "Net Interest Income": -124000000.0,
        "Interest Expense": 124000000.0,
        "Normalized Income": 179390000.0,
        "Net Income From Continuing And Discontinued Operation": 147000000.0,
        "Total Expenses": 2171000000.0,
        "Total Operating Income As Reported": 400000000.0,
        "Diluted Average Shares": 258000000.0,
        "Basic Average Shares": 256000000.0,
        "Diluted EPS": 0.57,
        "Basic EPS": 0.58,
        "Diluted NI Availto Com Stockholders": 147000000.0,
        "Net Income Common Stockholders": 147000000.0,
        "Net Income": 147000000.0,
        "Minority Interests": -3000000.0,
        "Net Income Including Noncontrolling Interests": 150000000.0,
        "Net Income Continuous Operations": 150000000.0,
        "Tax Provision": 124000000.0,
        "Pretax Income": 274000000.0,
        "Other Income Expense": -40000000.0,
        "Other Non Operating Income Expenses": 1000000.0,
        "Special Income Charges": NaN,
        "Gain On Sale Of Ppe": NaN,
        "Earnings From Equity Interest": 0.0,
        "Gain On Sale Of Security": -3000000.0,
        "Net Non Operating Interest Income Expense": -124000000.0,
        "Interest Expense Non Operating": 124000000.0,
        "Operating Income": 438000000.0,
        "Operating Expense": 175000000.0,
        "Other Operating Expenses": 32000000.0,
        "Depreciation Amortization Depletion Income Statement": 33000000.0,
        "Depreciation And Amortization In Income Statement": 33000000.0,
        "Selling General And Administration": 110000000.0,
        "General And Administrative Expense": 110000000.0,
        "Other Gand A": 110000000.0,
        "Gross Profit": 613000000.0,
        "Cost Of Revenue": 1996000000.0,
        "Total Revenue": 2609000000.0,
        "Operating Revenue": 1093000000.0
    },
    "2024-03-31": {
        "Tax Effect Of Unusual Items": 1594520.547945,
        "Tax Rate For Calcs": 0.265753,
        "Normalized EBITDA": 526000000.0,
        "Total Unusual Items": 6000000.0,
        "Total Unusual Items Excluding Goodwill": 6000000.0,
        "Net Income From Continuing Operation Net Minority Interest": 265000000.0,
        "Reconciled Depreciation": 36000000.0,
        "Reconciled Cost Of Revenue": 1877000000.0,
        "EBITDA": 532000000.0,
        "EBIT": 496000000.0,
        "Net Interest Income": -131000000.0,
        "Interest Expense": 131000000.0,
        "Normalized Income": 260594520.547945,
        "Net Income From Continuing And Discontinued Operation": 265000000.0,
        "Total Expenses": 2047000000.0,
        "Total Operating Income As Reported": 533000000.0,
        "Diluted Average Shares": 255000000.0,
        "Basic Average Shares": 252000000.0,
        "Diluted EPS": 1.04,
        "Basic EPS": 1.05,
        "Diluted NI Availto Com Stockholders": 265000000.0,
        "Net Income Common Stockholders": 265000000.0,
        "Net Income": 265000000.0,
        "Minority Interests": -3000000.0,
        "Net Income Including Noncontrolling Interests": 268000000.0,
        "Net Income Continuous Operations": 268000000.0,
        "Tax Provision": 97000000.0,
        "Pretax Income": 365000000.0,
        "Other Income Expense": -30000000.0,
        "Other Non Operating Income Expenses": -36000000.0,
        "Special Income Charges": 7000000.0,
        "Gain On Sale Of Ppe": 7000000.0,
        "Earnings From Equity Interest": 0.0,
        "Gain On Sale Of Security": -1000000.0,
        "Net Non Operating Interest Income Expense": -131000000.0,
        "Interest Expense Non Operating": 131000000.0,
        "Operating Income": 526000000.0,
        "Operating Expense": 170000000.0,
        "Other Operating Expenses": 30000000.0,
        "Depreciation Amortization Depletion Income Statement": 36000000.0,
        "Depreciation And Amortization In Income Statement": 36000000.0,
        "Selling General And Administration": 104000000.0,
        "General And Administrative Expense": 104000000.0,
        "Other Gand A": 104000000.0,
        "Gross Profit": 696000000.0,
        "Cost Of Revenue": 1877000000.0,
        "Total Revenue": 2573000000.0,
        "Operating Revenue": 1002000000.0
    },
    "2024-06-30": {
        "Tax Effect Of Unusual Items": -285956.006768,
        "Tax Rate For Calcs": 0.285956,
        "Normalized EBITDA": 767000000.0,
        "Total Unusual Items": -1000000.0,
        "Total Unusual Items Excluding Goodwill": -1000000.0,
        "Net Income From Continuing Operation Net Minority Interest": 421000000.0,
        "Reconciled Depreciation": 34000000.0,
        "Reconciled Cost Of Revenue": 2042000000.0,
        "EBITDA": 766000000.0,
        "EBIT": 732000000.0,
        "Net Interest Income": -141000000.0,
        "Interest Expense": 141000000.0,
        "Normalized Income": 421714043.993232,
        "Net Income From Continuing And Discontinued Operation": 421000000.0,
        "Total Expenses": 2226000000.0,
        "Total Operating Income As Reported": 725000000.0,
        "Diluted Average Shares": 252000000.0,
        "Basic Average Shares": 249000000.0,
        "Diluted EPS": 1.67,
        "Basic EPS": 1.69,
        "Diluted NI Availto Com Stockholders": 421000000.0,
        "Net Income Common Stockholders": 421000000.0,
        "Net Income": 421000000.0,
        "Minority Interests": -1000000.0,
        "Net Income Including Noncontrolling Interests": 422000000.0,
        "Net Income Continuous Operations": 422000000.0,
        "Tax Provision": 169000000.0,
        "Pretax Income": 591000000.0,
        "Other Income Expense": 7000000.0,
        "Other Non Operating Income Expenses": 8000000.0,
        "Special Income Charges": 0.0,
        "Gain On Sale Of Ppe": 0.0,
        "Earnings From Equity Interest": 0.0,
        "Gain On Sale Of Security": -1000000.0,
        "Net Non Operating Interest Income Expense": -141000000.0,
        "Interest Expense Non Operating": 141000000.0,
        "Operating Income": 725000000.0,
        "Operating Expense": 184000000.0,
        "Other Operating Expenses": 37000000.0,
        "Depreciation Amortization Depletion Income Statement": 34000000.0,
        "Depreciation And Amortization In Income Statement": 34000000.0,
        "Selling General And Administration": 113000000.0,
        "General And Administrative Expense": 113000000.0,
        "Other Gand A": 113000000.0,
        "Gross Profit": 909000000.0,
        "Cost Of Revenue": 2042000000.0,
        "Total Revenue": 2951000000.0,
        "Operating Revenue": 1187000000.0
    }
}