{
    "2023-03-31": {
        "Tax Effect Of Unusual Items": NaN,
        "Tax Rate For Calcs": NaN,
        "Normalized EBITDA": NaN,
        "Total Unusual Items": NaN,
        "Total Unusual Items Excluding Goodwill": NaN,
        "Net Income From Continuing Operation Net Minority Interest": NaN,
        "Reconciled Depreciation": NaN,
        "Reconciled Cost Of Revenue": NaN,
        "EBITDA": NaN,
        "EBIT": NaN,
        "Net Interest Income": NaN,
        "Interest Expense": NaN,
        "Normalized Income": NaN,
        "Net Income From Continuing And Discontinued Operation": NaN,
        "Total Expenses": NaN,
        "Total Operating Income As Reported": NaN,
        "Diluted Average Shares": 5629086.0,
        "Basic Average Shares": 5629086.0,
        "Diluted EPS": -3.48,
        "Basic EPS": -3.48,
        "Diluted NI Availto Com Stockholders": NaN,
        "Net Income Common Stockholders": NaN,
        "Preferred Stock Dividends": NaN,
        "Net Income": NaN,
        "Minority Interests": NaN,
        "Net Income Including Noncontrolling Interests": NaN,
        "Net Income Continuous Operations": NaN,
        "Pretax Income": NaN,
        "Other Income Expense": NaN,
        "Other Non Operating Income Expenses": NaN,
        "Special Income Charges": NaN,
        "Gain On Sale Of Ppe": 0.0,
        "Other Special Charges": NaN,
        "Write Off": NaN,
        "Impairment Of Capital Assets": 1145000.0,
        "Earnings From Equity Interest": 0.0,
        "Gain On Sale Of Security": NaN,
        "Net Non Operating Interest Income Expense": NaN,
        "Interest Expense Non Operating": NaN,
        "Operating Income": NaN,
        "Operating Expense": NaN,
        "Other Operating Expenses": NaN,
        "Depreciation Amortization Depletion Income Statement": NaN,
        "Depreciation And Amortization In Income Statement": NaN,
        "Depreciation Income Statement": NaN,
        "Gross Profit": NaN,
        "Cost Of Revenue": NaN,
        "Total Revenue": NaN,
        "Operating Revenue": NaN
    },
    "2022-12-31": {
        "Tax Effect Of Unusual Items": NaN,
        "Tax Rate For Calcs": NaN,
        "Normalized EBITDA": NaN,
        "Total Unusual Items": NaN,
        "Total Unusual Items Excluding Goodwill": NaN,
        "Net Income From Continuing Operation Net Minority Interest": NaN,
        "Reconciled Depreciation": NaN,
        "Reconciled Cost Of Revenue": NaN,
        "EBITDA": NaN,
        "EBIT": NaN,
        "Net Interest Income": NaN,
        "Interest Expense": NaN,
        "Normalized Income": NaN,
        "Net Income From Continuing And Discontinued Operation": NaN,
        "Total Expenses": NaN,
        "Total Operating Income As Reported": NaN,
        "Diluted Average Shares": NaN,
        "Basic Average Shares": NaN,
        "Diluted EPS": NaN,
        "Basic EPS": NaN,
        "Diluted NI Availto Com Stockholders": NaN,
        "Net Income Common Stockholders": NaN,
        "Preferred Stock Dividends": NaN,
        "Net Income": NaN,
        "Minority Interests": NaN,
        "Net Income Including Noncontrolling Interests": NaN,
        "Net Income Continuous Operations": NaN,
        "Pretax Income": NaN,
        "Other Income Expense": NaN,
        "Other Non Operating Income Expenses": NaN,
        "Special Income Charges": NaN,
        "Gain On Sale Of Ppe": NaN,
        "Other Special Charges": 6228579.0,
        "Write Off": 0.0,
        "Impairment Of Capital Assets": 0.0,
        "Earnings From Equity Interest": NaN,
        "Gain On Sale Of Security": NaN,
        "Net Non Operating Interest Income Expense": NaN,
        "Interest Expense Non Operating": NaN,
        "Operating Income": NaN,
        "Operating Expense": NaN,
        "Other Operating Expenses": NaN,
        "Depreciation Amortization Depletion Income Statement": NaN,
        "Depreciation And Amortization In Income Statement": NaN,
        "Depreciation Income Statement": NaN,
        "Gross Profit": NaN,
        "Cost Of Revenue": NaN,
        "Total Revenue": NaN,
        "Operating Revenue": NaN
    },
    "2022-09-30": {
        "Tax Effect Of Unusual Items": NaN,
        "Tax Rate For Calcs": NaN,
        "Normalized EBITDA": NaN,
        "Total Unusual Items": NaN,
        "Total Unusual Items Excluding Goodwill": NaN,
        "Net Income From Continuing Operation Net Minority Interest": NaN,
        "Reconciled Depreciation": NaN,
        "Reconciled Cost Of Revenue": NaN,
        "EBITDA": NaN,
        "EBIT": NaN,
        "Net Interest Income": NaN,
        "Interest Expense": NaN,
        "Normalized Income": NaN,
        "Net Income From Continuing And Discontinued Operation": NaN,
        "Total Expenses": NaN,
        "Total Operating Income As Reported": NaN,
        "Diluted Average Shares": 5383462.0,
        "Basic Average Shares": 5383462.0,
        "Diluted EPS": -2.07,
        "Basic EPS": -2.07,
        "Diluted NI Availto Com Stockholders": NaN,
        "Net Income Common Stockholders": NaN,
        "Preferred Stock Dividends": NaN,
        "Net Income": NaN,
        "Minority Interests": NaN,
        "Net Income Including Noncontrolling Interests": NaN,
        "Net Income Continuous Operations": NaN,
        "Pretax Income": NaN,
        "Other Income Expense": NaN,
        "Other Non Operating Income Expenses": 537158.0,
        "Special Income Charges": NaN,
        "Gain On Sale Of Ppe": NaN,
        "Other Special Charges": NaN,
        "Write Off": 0.0,
        "Impairment Of Capital Assets": 0.0,
        "Earnings From Equity Interest": NaN,
        "Gain On Sale Of Security": NaN,
        "Net Non Operating Interest Income Expense": NaN,
        "Interest Expense Non Operating": NaN,
        "Operating Income": NaN,
        "Operating Expense": NaN,
        "Other Operating Expenses": NaN,
        "Depreciation Amortization Depletion Income Statement": NaN,
        "Depreciation And Amortization In Income Statement": NaN,
        "Depreciation Income Statement": NaN,
        "Selling General And Administration": 226031.0,
        "Selling And Marketing Expense": 226031.0,
        "Gross Profit": NaN,
        "Cost Of Revenue": NaN,
        "Total Revenue": NaN,
        "Operating Revenue": NaN
    },
    "2022-06-30": {
        "Tax Effect Of Unusual Items": 0.0,
        "Tax Rate For Calcs": 0.0,
        "Normalized EBITDA": -5946728.0,
        "Total Unusual Items": 2423000.0,
        "Total Unusual Items Excluding Goodwill": 2423000.0,
        "Net Income From Continuing Operation Net Minority Interest": -8936433.0,
        "Reconciled Depreciation": 3489481.0,
        "Reconciled Cost Of Revenue": 8153530.0,
        "EBITDA": -3523728.0,
        "EBIT": -7051309.0,
        "Net Interest Income": -2043716.0,
        "Interest Expense": 2043716.0,
        "Normalized Income": -11359433.0,
        "Net Income From Continuing And Discontinued Operation": -8936433.0,
        "Total Expenses": 12159844.0,
        "Total Operating Income As Reported": -9474309.0,
        "Diluted Average Shares": 5183035.0,
        "Basic Average Shares": 5183035.0,
        "Diluted EPS": -1.78,
        "Basic EPS": -1.78,
        "Diluted NI Availto Com Stockholders": -9202433.0,
        "Net Income Common Stockholders": -9202433.0,
        "Preferred Stock Dividends": 266000.0,
        "Net Income": -8936433.0,
        "Minority Interests": 158592.0,
        "Net Income Including Noncontrolling Interests": -9095025.0,
        "Net Income Continuous Operations": -9095025.0,
        "Pretax Income": -9095025.0,
        "Other Income Expense": 2423000.0,
        "Special Income Charges": 0.0,
        "Other Special Charges": NaN,
        "Write Off": NaN,
        "Gain On Sale Of Security": 2423000.0,
        "Net Non Operating Interest Income Expense": -2043716.0,
        "Interest Expense Non Operating": 2043716.0,
        "Operating Income": -9474309.0,
        "Operating Expense": 4044414.0,
        "Other Operating Expenses": NaN,
        "Depreciation Amortization Depletion Income Statement": 3527581.0,
        "Depreciation And Amortization In Income Statement": 3527581.0,
        "Depreciation Income Statement": 3527581.0,
        "Selling General And Administration": 516833.0,
        "Selling And Marketing Expense": 516833.0,
        "Gross Profit": -5429895.0,
        "Cost Of Revenue": 8115430.0,
        "Total Revenue": 2685535.0,
        "Operating Revenue": 2685535.0
    },
    "2022-03-31": {
        "Diluted EPS": -1.71,
        "Total Revenue": 2,
        "Gross Profit": -7,
        "Operating Income": -10,
        "EBIT": -5,
        "Net Income": -8
    },
    "2021-12-31": {
        "Diluted EPS": 12.59,
        "Total Revenue": 3,
        "Gross Profit": 18,
        "Operating Income": -8,
        "EBIT": -3,
        "Net Income": 9
    },
    "2021-09-30": {
        "Diluted EPS": -1.76,
        "Total Revenue": 3,
        "Gross Profit": -7,
        "Operating Income": -12,
        "EBIT": -8,
        "Net Income": 8
    },
    "2021-06-30": {
        "Diluted EPS": 3.18,
        "Total Revenue": 2,
        "Gross Profit": -5,
        "Operating Income": -9,
        "EBIT": -5,
        "Net Income": 16
    },
    "2021-03-31": {
        "Diluted EPS": -36.7,
        "Total Revenue": 2,
        "Gross Profit": 1,
        "Operating Income": -8,
        "EBIT": -4,
        "Net Income": -126
    },
    "2020-12-31": {
        "Diluted EPS": 60.44,
        "Total Revenue": 2,
        "Gross Profit": -7,
        "Operating Income": -10,
        "EBIT": -7,
        "Net Income": -14
    },
    "2020-09-30": {
        "Diluted EPS": -5.71,
        "Total Revenue": 2,
        "Gross Profit": -7,
        "Operating Income": -10,
        "EBIT": -4,
        "Net Income": -8
    },
    "2020-06-30": {
        "Diluted EPS": -39.12,
        "Total Revenue": 2,
        "Gross Profit": -1,
        "Operating Income": -4,
        "EBIT": 2,
        "Net Income": -10
    },
    "2020-03-31": {
        "Diluted EPS": -53.19,
        "Total Revenue": 2,
        "Gross Profit": -5,
        "Operating Income": -8,
        "EBIT": -2,
        "Net Income": -13
    },
    "2019-12-31": {
        "Diluted EPS": -183.04,
        "Total Revenue": 6,
        "Gross Profit": -7,
        "Operating Income": -28,
        "EBIT": -12,
        "Net Income": -46
    },
    "2019-09-30": {
        "Diluted EPS": -43.08,
        "Total Revenue": 2,
        "Gross Profit": -2,
        "Operating Income": -5,
        "EBIT": -5,
        "Net Income": -11
    },
    "2019-06-30": {
        "Diluted EPS": -0.44,
        "Total Revenue": NaN,
        "Gross Profit": NaN,
        "Operating Income": 0,
        "EBIT": 0,
        "Net Income": 0
    },
    "2019-03-31": {
        "Diluted EPS": 0.62,
        "Total Revenue": NaN,
        "Gross Profit": NaN,
        "Operating Income": 0,
        "EBIT": 0,
        "Net Income": 0
    },
    "2018-12-31": {
        "Diluted EPS": -0.46,
        "Total Revenue": NaN,
        "Gross Profit": NaN,
        "Operating Income": 0,
        "EBIT": 0,
        "Net Income": -1
    },
    "2018-09-30": {
        "Diluted EPS": -0.31,
        "Total Revenue": NaN,
        "Gross Profit": NaN,
        "Operating Income": 0,
        "EBIT": 0,
        "Net Income": 0
    },
    "2018-06-30": {
        "Diluted EPS": -0.31,
        "Total Revenue": NaN,
        "Gross Profit": NaN,
        "Operating Income": 0,
        "EBIT": 0,
        "Net Income": 0
    },
    "2018-03-31": {
        "Diluted EPS": -0.77,
        "Total Revenue": NaN,
        "Gross Profit": NaN,
        "Operating Income": 0,
        "EBIT": 0,
        "Net Income": 0
    },
    "2017-12-31": {
        "Diluted EPS": 0.0,
        "Total Revenue": NaN,
        "Gross Profit": NaN,
        "Operating Income": NaN,
        "EBIT": NaN,
        "Net Income": NaN
    },
    "2017-09-30": {
        "Diluted EPS": 0.0,
        "Total Revenue": NaN,
        "Gross Profit": NaN,
        "Operating Income": 0,
        "EBIT": 0,
        "Net Income": 0
    },
    "2023-06-30": {
        "Tax Effect Of Unusual Items": 0.0,
        "Tax Rate For Calcs": 0.0,
        "Normalized EBITDA": -6154196.0,
        "Total Unusual Items": 1520246.0,
        "Total Unusual Items Excluding Goodwill": 1520246.0,
        "Net Income From Continuing Operation Net Minority Interest": -13287617.0,
        "Reconciled Depreciation": 3373076.0,
        "Reconciled Cost Of Revenue": 1587620.0,
        "EBITDA": -4633950.0,
        "EBIT": -8007026.0,
        "Net Interest Income": -5286386.0,
        "Interest Expense": 5286386.0,
        "Normalized Income": -14807863.0,
        "Net Income From Continuing And Discontinued Operation": -13287617.0,
        "Total Expenses": 15654549.0,
        "Total Operating Income As Reported": -9527272.0,
        "Diluted Average Shares": 5660385.0,
        "Basic Average Shares": 5660385.0,
        "Diluted EPS": -2.39,
        "Basic EPS": -2.39,
        "Diluted NI Availto Com Stockholders": -13553617.0,
        "Net Income Common Stockholders": -13553617.0,
        "Preferred Stock Dividends": 266000.0,
        "Net Income": -13287617.0,
        "Minority Interests": 5795.0,
        "Net Income Including Noncontrolling Interests": -13293412.0,
        "Net Income Continuous Operations": -13293412.0,
        "Pretax Income": -13293412.0,
        "Other Income Expense": 1520246.0,
        "Other Non Operating Income Expenses": NaN,
        "Special Income Charges": 0.0,
        "Gain On Sale Of Ppe": 0.0,
        "Other Special Charges": NaN,
        "Write Off": NaN,
        "Impairment Of Capital Assets": 0.0,
        "Earnings From Equity Interest": 0.0,
        "Gain On Sale Of Security": 1520246.0,
        "Net Non Operating Interest Income Expense": -5286386.0,
        "Interest Expense Non Operating": 5286386.0,
        "Operating Income": -9527272.0,
        "Operating Expense": 14066929.0,
        "Other Operating Expenses": 10693853.0,
        "Depreciation Amortization Depletion Income Statement": 3373076.0,
        "Depreciation And Amortization In Income Statement": 3373076.0,
        "Depreciation Income Statement": 3373076.0,
        "Gross Profit": 4539657.0,
        "Cost Of Revenue": 1587620.0,
        "Total Revenue": 6127277.0,
        "Operating Revenue": 6127277.0
    },
    "2023-09-30": {
        "Tax Effect Of Unusual Items": 0.0,
        "Tax Rate For Calcs": 0.0,
        "Normalized EBITDA": -5329818.0,
        "Total Unusual Items": 1171850.0,
        "Total Unusual Items Excluding Goodwill": 1171850.0,
        "Net Income From Continuing Operation Net Minority Interest": -16153075.0,
        "Reconciled Depreciation": 4559899.0,
        "Reconciled Cost Of Revenue": 1814053.0,
        "EBITDA": -4157968.0,
        "EBIT": -8717867.0,
        "Net Interest Income": -7446485.0,
        "Interest Expense": 7446485.0,
        "Normalized Income": -17324925.0,
        "Net Income From Continuing And Discontinued Operation": -16153075.0,
        "Total Expenses": 18783342.0,
        "Total Operating Income As Reported": -10038513.0,
        "Diluted Average Shares": 5672602.0,
        "Basic Average Shares": 5672602.0,
        "Diluted EPS": -2.89,
        "Basic EPS": -2.89,
        "Diluted NI Availto Com Stockholders": -16419075.0,
        "Net Income Common Stockholders": -16419075.0,
        "Preferred Stock Dividends": 266000.0,
        "Net Income": -16153075.0,
        "Minority Interests": 11277.0,
        "Net Income Including Noncontrolling Interests": -16164352.0,
        "Net Income Continuous Operations": -16164352.0,
        "Pretax Income": -16164352.0,
        "Other Income Expense": 1320646.0,
        "Other Non Operating Income Expenses": 148796.0,
        "Special Income Charges": 0.0,
        "Gain On Sale Of Ppe": NaN,
        "Other Special Charges": NaN,
        "Write Off": NaN,
        "Impairment Of Capital Assets": NaN,
        "Earnings From Equity Interest": NaN,
        "Gain On Sale Of Security": 1171850.0,
        "Net Non Operating Interest Income Expense": -7446485.0,
        "Interest Expense Non Operating": 7446485.0,
        "Operating Income": -10038513.0,
        "Operating Expense": 16969289.0,
        "Other Operating Expenses": 12409390.0,
        "Depreciation Amortization Depletion Income Statement": 4559899.0,
        "Depreciation And Amortization In Income Statement": 4559899.0,
        "Depreciation Income Statement": 4559899.0,
        "Gross Profit": 6930776.0,
        "Cost Of Revenue": 1814053.0,
        "Total Revenue": 8744829.0,
        "Operating Revenue": 8744829.0
    },
    "2023-12-31": {
        "Tax Effect Of Unusual Items": 0.0,
        "Tax Rate For Calcs": 0.0,
        "Normalized EBITDA": 2229078.0,
        "Total Unusual Items": -12417000.0,
        "Total Unusual Items Excluding Goodwill": -12417000.0,
        "Net Income From Continuing Operation Net Minority Interest": -19897050.0,
        "Reconciled Depreciation": 4583447.0,
        "Reconciled Cost Of Revenue": 1630749.0,
        "EBITDA": -10187922.0,
        "EBIT": -14771369.0,
        "Net Interest Income": -5132297.0,
        "Interest Expense": 5132297.0,
        "Normalized Income": -7480050.0,
        "Net Income From Continuing And Discontinued Operation": -19897050.0,
        "Total Expenses": 12608644.0,
        "Total Operating Income As Reported": -15316510.0,
        "Diluted Average Shares": NaN,
        "Basic Average Shares": NaN,
        "Diluted EPS": NaN,
        "Basic EPS": NaN,
        "Diluted NI Availto Com Stockholders": -20163050.0,
        "Net Income Common Stockholders": -20163050.0,
        "Preferred Stock Dividends": 266000.0,
        "Net Income": -19897050.0,
        "Minority Interests": 6616.0,
        "Net Income Including Noncontrolling Interests": -19903666.0,
        "Net Income Continuous Operations": -19903666.0,
        "Pretax Income": -19903666.0,
        "Other Income Expense": -8299859.0,
        "Other Non Operating Income Expenses": 4117141.0,
        "Special Income Charges": -8845000.0,
        "Gain On Sale Of Ppe": NaN,
        "Other Special Charges": NaN,
        "Write Off": NaN,
        "Impairment Of Capital Assets": NaN,
        "Earnings From Equity Interest": NaN,
        "Gain On Sale Of Security": -3572000.0,
        "Net Non Operating Interest Income Expense": -5132297.0,
        "Interest Expense Non Operating": 5132297.0,
        "Operating Income": -6471510.0,
        "Operating Expense": 10977895.0,
        "Other Operating Expenses": 6394448.0,
        "Depreciation Amortization Depletion Income Statement": 4583447.0,
        "Depreciation And Amortization In Income Statement": 4583447.0,
        "Depreciation Income Statement": 4583447.0,
        "Gross Profit": 4506385.0,
        "Cost Of Revenue": 1630749.0,
        "Total Revenue": 6137134.0,
        "Operating Revenue": 6137134.0
    },
    "2024-03-31": {
        "Tax Effect Of Unusual Items": 0.0,
        "Tax Rate For Calcs": 0.0,
        "Normalized EBITDA": -2903529.0,
        "Total Unusual Items": -91041.0,
        "Total Unusual Items Excluding Goodwill": -91041.0,
        "Net Income From Continuing Operation Net Minority Interest": -14621588.0,
        "Reconciled Depreciation": 4158750.0,
        "Reconciled Cost Of Revenue": 974432.0,
        "EBITDA": -2994570.0,
        "EBIT": -7153320.0,
        "Net Interest Income": -7476856.0,
        "Interest Expense": 7476856.0,
        "Normalized Income": -14530547.0,
        "Net Income From Continuing And Discontinued Operation": -14621588.0,
        "Total Expenses": 11283546.0,
        "Total Operating Income As Reported": -7092231.0,
        "Diluted Average Shares": 6486044.0,
        "Basic Average Shares": 6486044.0,
        "Diluted EPS": -2.3,
        "Basic EPS": -2.3,
        "Diluted NI Availto Com Stockholders": -14887588.0,
        "Net Income Common Stockholders": -14887588.0,
        "Preferred Stock Dividends": 266000.0,
        "Net Income": -14621588.0,
        "Minority Interests": 8588.0,
        "Net Income Including Noncontrolling Interests": -14630176.0,
        "Net Income Continuous Operations": -14630176.0,
        "Pretax Income": -14630176.0,
        "Other Income Expense": -61089.0,
        "Other Non Operating Income Expenses": NaN,
        "Special Income Charges": -140041.0,
        "Gain On Sale Of Ppe": -140041.0,
        "Other Special Charges": NaN,
        "Write Off": NaN,
        "Impairment Of Capital Assets": 0.0,
        "Earnings From Equity Interest": 29952.0,
        "Gain On Sale Of Security": 49000.0,
        "Net Non Operating Interest Income Expense": -7476856.0,
        "Interest Expense Non Operating": 7476856.0,
        "Operating Income": -7092231.0,
        "Operating Expense": 10309114.0,
        "Other Operating Expenses": 6150364.0,
        "Depreciation Amortization Depletion Income Statement": 4158750.0,
        "Depreciation And Amortization In Income Statement": 4158750.0,
        "Depreciation Income Statement": 4158750.0,
        "Gross Profit": 3216883.0,
        "Cost Of Revenue": 974432.0,
        "Total Revenue": 4191315.0,
        "Operating Revenue": 4191315.0
    },
    "2024-06-30": {
        "Tax Effect Of Unusual Items": 0.0,
        "Tax Rate For Calcs": 0.0,
        "Normalized EBITDA": -3774266.0,
        "Total Unusual Items": -3261.0,
        "Total Unusual Items Excluding Goodwill": -3261.0,
        "Net Income From Continuing Operation Net Minority Interest": -15488982.0,
        "Reconciled Depreciation": 4181191.0,
        "Reconciled Cost Of Revenue": 1708961.0,
        "EBITDA": -3777527.0,
        "EBIT": -7958718.0,
        "Net Interest Income": -7530264.0,
        "Interest Expense": 7530264.0,
        "Normalized Income": -15485721.0,
        "Net Income From Continuing And Discontinued Operation": -15488982.0,
        "Total Expenses": 13089348.0,
        "Total Operating Income As Reported": -8389679.0,
        "Diluted Average Shares": 6527988.0,
        "Basic Average Shares": 6527988.0,
        "Diluted EPS": -2.41,
        "Basic EPS": -2.41,
        "Diluted NI Availto Com Stockholders": -15754982.0,
        "Net Income Common Stockholders": -15754982.0,
        "Preferred Stock Dividends": 266000.0,
        "Net Income": -15488982.0,
        "Minority Interests": 0.0,
        "Net Income Including Noncontrolling Interests": -15488982.0,
        "Net Income Continuous Operations": -15488982.0,
        "Pretax Income": -15488982.0,
        "Other Income Expense": 430961.0,
        "Other Non Operating Income Expenses": 500000.0,
        "Special Income Charges": -2261.0,
        "Gain On Sale Of Ppe": 1502.0,
        "Other Special Charges": 3763.0,
        "Write Off": NaN,
        "Impairment Of Capital Assets": 0.0,
        "Earnings From Equity Interest": -65778.0,
        "Gain On Sale Of Security": -1000.0,
        "Net Non Operating Interest Income Expense": -7530264.0,
        "Interest Expense Non Operating": 7530264.0,
        "Operating Income": -8389679.0,
        "Operating Expense": 11380387.0,
        "Other Operating Expenses": 7199196.0,
        "Depreciation Amortization Depletion Income Statement": 4181191.0,
        "Depreciation And Amortization In Income Statement": 4181191.0,
        "Depreciation Income Statement": 4181191.0,
        "Gross Profit": 2990708.0,
        "Cost Of Revenue": 1708961.0,
        "Total Revenue": 4699669.0,
        "Operating Revenue": 4699669.0
    }
}