{
    "2023-06-30": {
        "Tax Effect Of Unusual Items": 2798901.0,
        "Tax Rate For Calcs": 0.251,
        "Normalized EBITDA": 266437000.0,
        "Total Unusual Items": 11151000.0,
        "Total Unusual Items Excluding Goodwill": 11151000.0,
        "Net Income From Continuing Operation Net Minority Interest": 178039000.0,
        "Reconciled Depreciation": 37873000.0,
        "Reconciled Cost Of Revenue": 876633000.0,
        "EBITDA": 277588000.0,
        "EBIT": 239715000.0,
        "Net Interest Income": -7696000.0,
        "Interest Expense": 7696000.0,
        "Normalized Income": 169686901.0,
        "Net Income From Continuing And Discontinued Operation": 178039000.0,
        "Total Expenses": 1224185000.0,
        "Total Operating Income As Reported": 221338000.0,
        "Diluted Average Shares": 145787000.0,
        "Basic Average Shares": 143414000.0,
        "Diluted EPS": 1.22,
        "Basic EPS": 1.24,
        "Diluted NI Availto Com Stockholders": 178039000.0,
        "Net Income Common Stockholders": 178039000.0,
        "Net Income": 178039000.0,
        "Minority Interests": 4209000.0,
        "Net Income Including Noncontrolling Interests": 173830000.0,
        "Net Income Continuous Operations": 173830000.0,
        "Tax Provision": 58189000.0,
        "Pretax Income": 232019000.0,
        "Other Income Expense": 18377000.0,
        "Other Non Operating Income Expenses": 7226000.0,
        "Special Income Charges": 0.0,
        "Restructuring And Mergern Acquisition": 0.0,
        "Gain On Sale Of Security": 11151000.0,
        "Net Non Operating Interest Income Expense": -7696000.0,
        "Interest Expense Non Operating": 7696000.0,
        "Operating Income": 221338000.0,
        "Operating Expense": 347552000.0,
        "Other Operating Expenses": NaN,
        "Provision For Doubtful Accounts": 57278000.0,
        "Selling General And Administration": 290274000.0,
        "Gross Profit": 568890000.0,
        "Cost Of Revenue": 876633000.0,
        "Total Revenue": 1445523000.0,
        "Operating Revenue": 1445523000.0
    },
    "2023-03-31": {
        "Tax Effect Of Unusual Items": NaN,
        "Tax Rate For Calcs": NaN,
        "Normalized EBITDA": NaN,
        "Total Unusual Items": NaN,
        "Total Unusual Items Excluding Goodwill": NaN,
        "Net Income From Continuing Operation Net Minority Interest": NaN,
        "Reconciled Depreciation": NaN,
        "Reconciled Cost Of Revenue": NaN,
        "EBITDA": NaN,
        "EBIT": NaN,
        "Net Interest Income": NaN,
        "Interest Expense": NaN,
        "Normalized Income": NaN,
        "Net Income From Continuing And Discontinued Operation": NaN,
        "Total Expenses": NaN,
        "Total Operating Income As Reported": NaN,
        "Diluted Average Shares": NaN,
        "Basic Average Shares": NaN,
        "Diluted EPS": NaN,
        "Basic EPS": NaN,
        "Diluted NI Availto Com Stockholders": NaN,
        "Net Income Common Stockholders": NaN,
        "Net Income": NaN,
        "Minority Interests": NaN,
        "Net Income Including Noncontrolling Interests": NaN,
        "Net Income Continuous Operations": NaN,
        "Tax Provision": NaN,
        "Pretax Income": NaN,
        "Other Income Expense": NaN,
        "Other Non Operating Income Expenses": NaN,
        "Special Income Charges": 0.0,
        "Restructuring And Mergern Acquisition": 0.0,
        "Gain On Sale Of Security": NaN,
        "Net Non Operating Interest Income Expense": NaN,
        "Interest Expense Non Operating": NaN,
        "Operating Income": NaN,
        "Operating Expense": NaN,
        "Other Operating Expenses": 52364000.0,
        "Provision For Doubtful Accounts": 52364000.0,
        "Selling General And Administration": NaN,
        "Gross Profit": NaN,
        "Cost Of Revenue": NaN,
        "Total Revenue": NaN,
        "Operating Revenue": NaN
    },
    "2022-12-31": {
        "Tax Effect Of Unusual Items": NaN,
        "Tax Rate For Calcs": NaN,
        "Normalized EBITDA": NaN,
        "Total Unusual Items": NaN,
        "Total Unusual Items Excluding Goodwill": NaN,
        "Net Income From Continuing Operation Net Minority Interest": NaN,
        "Reconciled Depreciation": NaN,
        "Reconciled Cost Of Revenue": NaN,
        "EBITDA": NaN,
        "EBIT": NaN,
        "Net Interest Income": NaN,
        "Interest Expense": NaN,
        "Normalized Income": NaN,
        "Net Income From Continuing And Discontinued Operation": NaN,
        "Total Expenses": NaN,
        "Total Operating Income As Reported": NaN,
        "Diluted Average Shares": NaN,
        "Basic Average Shares": NaN,
        "Diluted EPS": NaN,
        "Basic EPS": NaN,
        "Diluted NI Availto Com Stockholders": NaN,
        "Net Income Common Stockholders": NaN,
        "Net Income": NaN,
        "Minority Interests": NaN,
        "Net Income Including Noncontrolling Interests": NaN,
        "Net Income Continuous Operations": NaN,
        "Tax Provision": NaN,
        "Pretax Income": NaN,
        "Other Income Expense": NaN,
        "Other Non Operating Income Expenses": NaN,
        "Special Income Charges": 155000.0,
        "Restructuring And Mergern Acquisition": -155000.0,
        "Gain On Sale Of Security": NaN,
        "Net Non Operating Interest Income Expense": NaN,
        "Interest Expense Non Operating": NaN,
        "Operating Income": NaN,
        "Operating Expense": NaN,
        "Other Operating Expenses": 50561000.0,
        "Provision For Doubtful Accounts": NaN,
        "Selling General And Administration": NaN,
        "Gross Profit": NaN,
        "Cost Of Revenue": NaN,
        "Total Revenue": NaN,
        "Operating Revenue": NaN
    },
    "2022-09-30": {
        "Tax Effect Of Unusual Items": NaN,
        "Tax Rate For Calcs": NaN,
        "Normalized EBITDA": NaN,
        "Total Unusual Items": NaN,
        "Total Unusual Items Excluding Goodwill": NaN,
        "Net Income From Continuing Operation Net Minority Interest": NaN,
        "Reconciled Depreciation": NaN,
        "Reconciled Cost Of Revenue": NaN,
        "EBITDA": NaN,
        "EBIT": NaN,
        "Net Interest Income": NaN,
        "Interest Expense": NaN,
        "Normalized Income": NaN,
        "Net Income From Continuing And Discontinued Operation": NaN,
        "Total Expenses": NaN,
        "Total Operating Income As Reported": NaN,
        "Diluted Average Shares": NaN,
        "Basic Average Shares": NaN,
        "Diluted EPS": NaN,
        "Basic EPS": NaN,
        "Diluted NI Availto Com Stockholders": NaN,
        "Net Income Common Stockholders": NaN,
        "Net Income": NaN,
        "Minority Interests": NaN,
        "Net Income Including Noncontrolling Interests": NaN,
        "Net Income Continuous Operations": NaN,
        "Tax Provision": NaN,
        "Pretax Income": NaN,
        "Other Income Expense": NaN,
        "Other Non Operating Income Expenses": NaN,
        "Special Income Charges": -3000.0,
        "Restructuring And Mergern Acquisition": 3000.0,
        "Gain On Sale Of Security": NaN,
        "Net Non Operating Interest Income Expense": NaN,
        "Interest Expense Non Operating": NaN,
        "Operating Income": NaN,
        "Operating Expense": NaN,
        "Other Operating Expenses": NaN,
        "Provision For Doubtful Accounts": NaN,
        "Selling General And Administration": NaN,
        "Gross Profit": NaN,
        "Cost Of Revenue": NaN,
        "Total Revenue": NaN,
        "Operating Revenue": NaN
    },
    "2022-06-30": {
        "Tax Effect Of Unusual Items": 58080.0,
        "Tax Rate For Calcs": 0.22,
        "Normalized EBITDA": 277087000.0,
        "Total Unusual Items": 264000.0,
        "Total Unusual Items Excluding Goodwill": 264000.0,
        "Net Income From Continuing Operation Net Minority Interest": 215849000.0,
        "Reconciled Depreciation": 38131000.0,
        "Reconciled Cost Of Revenue": 996409000.0,
        "EBITDA": 277351000.0,
        "EBIT": 277351000.0,
        "Net Interest Income": -7720000.0,
        "Interest Expense": 7720000.0,
        "Normalized Income": 215643080.0,
        "Net Income From Continuing And Discontinued Operation": 215849000.0,
        "Total Expenses": 1191736000.0,
        "Total Operating Income As Reported": 277615000.0,
        "Diluted Average Shares": 147835000.0,
        "Basic Average Shares": 147211000.0,
        "Diluted EPS": 1.46,
        "Basic EPS": 1.47,
        "Diluted NI Availto Com Stockholders": 215849000.0,
        "Net Income Common Stockholders": 215849000.0,
        "Net Income": 215849000.0,
        "Minority Interests": NaN,
        "Net Income Including Noncontrolling Interests": 215849000.0,
        "Net Income Continuous Operations": 215849000.0,
        "Tax Provision": 60571000.0,
        "Pretax Income": 276420000.0,
        "Other Income Expense": -931000.0,
        "Other Non Operating Income Expenses": -1195000.0,
        "Special Income Charges": 264000.0,
        "Restructuring And Mergern Acquisition": -264000.0,
        "Gain On Sale Of Security": -3530000.0,
        "Net Non Operating Interest Income Expense": -7720000.0,
        "Interest Expense Non Operating": 7720000.0,
        "Operating Income": 277351000.0,
        "Operating Expense": 195327000.0,
        "Other Operating Expenses": 29133000.0,
        "Provision For Doubtful Accounts": NaN,
        "Selling General And Administration": 195327000.0,
        "Gross Profit": 472678000.0,
        "Cost Of Revenue": 996409000.0,
        "Total Revenue": 1469087000.0,
        "Operating Revenue": 1469087000.0
    },
    "2022-03-31": {
        "Diluted EPS": 1.45,
        "Total Revenue": NaN,
        "Gross Profit": 558,
        "Operating Income": 289,
        "EBIT": 355,
        "Net Income": 223
    },
    "2021-12-31": {
        "Diluted EPS": 0.13,
        "Total Revenue": NaN,
        "Gross Profit": 316,
        "Operating Income": -7,
        "EBIT": 62,
        "Net Income": 22
    },
    "2021-09-30": {
        "Diluted EPS": 1.05,
        "Total Revenue": NaN,
        "Gross Profit": 470,
        "Operating Income": 204,
        "EBIT": 272,
        "Net Income": 163
    },
    "2021-06-30": {
        "Diluted EPS": 1.33,
        "Total Revenue": NaN,
        "Gross Profit": 559,
        "Operating Income": 280,
        "EBIT": 346,
        "Net Income": 206
    },
    "2021-03-31": {
        "Diluted EPS": 1.68,
        "Total Revenue": NaN,
        "Gross Profit": 555,
        "Operating Income": 346,
        "EBIT": 409,
        "Net Income": 259
    },
    "2020-12-31": {
        "Diluted EPS": -0.62,
        "Total Revenue": 725,
        "Gross Profit": 245,
        "Operating Income": -120,
        "EBIT": -51,
        "Net Income": -96
    },
    "2020-09-30": {
        "Diluted EPS": 0.78,
        "Total Revenue": NaN,
        "Gross Profit": 421,
        "Operating Income": 138,
        "EBIT": 205,
        "Net Income": 120
    },
    "2020-06-30": {
        "Diluted EPS": -0.6,
        "Total Revenue": 865,
        "Gross Profit": 241,
        "Operating Income": -116,
        "EBIT": -47,
        "Net Income": -92
    },
    "2020-03-31": {
        "Diluted EPS": 0.45,
        "Total Revenue": NaN,
        "Gross Profit": 465,
        "Operating Income": 108,
        "EBIT": 175,
        "Net Income": 70
    },
    "2019-12-31": {
        "Diluted EPS": 0.1,
        "Total Revenue": NaN,
        "Gross Profit": 367,
        "Operating Income": 12,
        "EBIT": 92,
        "Net Income": 13
    },
    "2019-09-30": {
        "Diluted EPS": 0.55,
        "Total Revenue": NaN,
        "Gross Profit": 470,
        "Operating Income": 120,
        "EBIT": 191,
        "Net Income": 87
    },
    "2019-06-30": {
        "Diluted EPS": 1.23,
        "Total Revenue": NaN,
        "Gross Profit": 601,
        "Operating Income": 256,
        "EBIT": 339,
        "Net Income": 196
    },
    "2019-03-31": {
        "Diluted EPS": 0.8,
        "Total Revenue": NaN,
        "Gross Profit": 484,
        "Operating Income": 167,
        "EBIT": 253,
        "Net Income": 128
    },
    "2018-12-31": {
        "Diluted EPS": 0.03,
        "Total Revenue": NaN,
        "Gross Profit": 406,
        "Operating Income": 4,
        "EBIT": 94,
        "Net Income": 0
    },
    "2018-09-30": {
        "Diluted EPS": 0.68,
        "Total Revenue": NaN,
        "Gross Profit": 494,
        "Operating Income": 149,
        "EBIT": 240,
        "Net Income": 114
    },
    "2018-06-30": {
        "Diluted EPS": 1.45,
        "Total Revenue": NaN,
        "Gross Profit": 668,
        "Operating Income": 324,
        "EBIT": 413,
        "Net Income": 242
    },
    "2018-03-31": {
        "Diluted EPS": 1.03,
        "Total Revenue": NaN,
        "Gross Profit": 603,
        "Operating Income": 236,
        "EBIT": 321,
        "Net Income": 175
    },
    "2017-12-31": {
        "Diluted EPS": 0.09,
        "Total Revenue": NaN,
        "Gross Profit": 456,
        "Operating Income": 99,
        "EBIT": 180,
        "Net Income": 8
    },
    "2017-09-30": {
        "Diluted EPS": 0.4,
        "Total Revenue": NaN,
        "Gross Profit": 417,
        "Operating Income": 94,
        "EBIT": 174,
        "Net Income": 68
    },
    "2017-06-30": {
        "Diluted EPS": 1.48,
        "Total Revenue": NaN,
        "Gross Profit": 717,
        "Operating Income": 399,
        "EBIT": 475,
        "Net Income": 259
    },
    "2017-03-31": {
        "Diluted EPS": 1.05,
        "Total Revenue": NaN,
        "Gross Profit": 605,
        "Operating Income": 289,
        "EBIT": 366,
        "Net Income": 186
    },
    "2016-12-31": {
        "Diluted EPS": 0.28,
        "Total Revenue": NaN,
        "Gross Profit": 416,
        "Operating Income": 67,
        "EBIT": 145,
        "Net Income": 47
    },
    "2016-09-30": {
        "Diluted EPS": 0.64,
        "Total Revenue": NaN,
        "Gross Profit": 508,
        "Operating Income": 178,
        "EBIT": 256,
        "Net Income": 114
    },
    "2016-06-30": {
        "Diluted EPS": 1.55,
        "Total Revenue": NaN,
        "Gross Profit": 756,
        "Operating Income": 412,
        "EBIT": 488,
        "Net Income": 280
    },
    "2016-03-31": {
        "Diluted EPS": 1.36,
        "Total Revenue": NaN,
        "Gross Profit": 718,
        "Operating Income": 389,
        "EBIT": 463,
        "Net Income": 250
    },
    "2015-12-31": {
        "Diluted EPS": 0.29,
        "Total Revenue": NaN,
        "Gross Profit": 453,
        "Operating Income": 67,
        "EBIT": 148,
        "Net Income": 42
    },
    "2015-09-30": {
        "Diluted EPS": 0.69,
        "Total Revenue": NaN,
        "Gross Profit": 530,
        "Operating Income": 216,
        "EBIT": 290,
        "Net Income": 140
    },
    "2015-06-30": {
        "Diluted EPS": 1.44,
        "Total Revenue": NaN,
        "Gross Profit": 780,
        "Operating Income": 463,
        "EBIT": 537,
        "Net Income": 300
    },
    "2015-03-31": {
        "Diluted EPS": 1.27,
        "Total Revenue": NaN,
        "Gross Profit": 714,
        "Operating Income": 410,
        "EBIT": 481,
        "Net Income": 270
    },
    "2014-12-31": {
        "Diluted EPS": 0.36,
        "Total Revenue": NaN,
        "Gross Profit": 438,
        "Operating Income": 98,
        "EBIT": 173,
        "Net Income": 74
    },
    "2014-09-30": {
        "Diluted EPS": 0.69,
        "Total Revenue": NaN,
        "Gross Profit": 526,
        "Operating Income": 224,
        "EBIT": 294,
        "Net Income": 150
    },
    "2014-06-30": {
        "Diluted EPS": 1.62,
        "Total Revenue": NaN,
        "Gross Profit": 850,
        "Operating Income": 548,
        "EBIT": 617,
        "Net Income": 354
    },
    "2014-03-31": {
        "Diluted EPS": 1.21,
        "Total Revenue": NaN,
        "Gross Profit": 708,
        "Operating Income": 411,
        "EBIT": 478,
        "Net Income": 266
    },
    "2013-12-31": {
        "Diluted EPS": 0.35,
        "Total Revenue": NaN,
        "Gross Profit": 444,
        "Operating Income": 122,
        "EBIT": 191,
        "Net Income": 75
    },
    "2013-09-30": {
        "Diluted EPS": 0.73,
        "Total Revenue": NaN,
        "Gross Profit": 540,
        "Operating Income": 252,
        "EBIT": 316,
        "Net Income": 163
    },
    "2013-06-30": {
        "Diluted EPS": 1.21,
        "Total Revenue": NaN,
        "Gross Profit": 719,
        "Operating Income": 432,
        "EBIT": 496,
        "Net Income": 272
    },
    "2013-03-31": {
        "Diluted EPS": 0.99,
        "Total Revenue": NaN,
        "Gross Profit": 636,
        "Operating Income": 348,
        "EBIT": 413,
        "Net Income": 224
    },
    "2012-12-31": {
        "Diluted EPS": 0.32,
        "Total Revenue": NaN,
        "Gross Profit": 432,
        "Operating Income": 116,
        "EBIT": 180,
        "Net Income": 71
    },
    "2012-09-30": {
        "Diluted EPS": 0.59,
        "Total Revenue": NaN,
        "Gross Profit": 493,
        "Operating Income": 217,
        "EBIT": 281,
        "Net Income": 134
    },
    "2012-06-30": {
        "Diluted EPS": 1.07,
        "Total Revenue": NaN,
        "Gross Profit": 676,
        "Operating Income": 392,
        "EBIT": 456,
        "Net Income": 247
    },
    "2012-03-31": {
        "Diluted EPS": 0.74,
        "Total Revenue": NaN,
        "Gross Profit": 562,
        "Operating Income": 275,
        "EBIT": 340,
        "Net Income": 172
    },
    "2011-12-31": {
        "Diluted EPS": 0.45,
        "Total Revenue": NaN,
        "Gross Profit": 425,
        "Operating Income": 92,
        "EBIT": 163,
        "Net Income": 106
    },
    "2011-09-30": {
        "Diluted EPS": 0.78,
        "Total Revenue": NaN,
        "Gross Profit": 518,
        "Operating Income": 243,
        "EBIT": 308,
        "Net Income": 184
    },
    "2011-06-30": {
        "Diluted EPS": 0.81,
        "Total Revenue": NaN,
        "Gross Profit": 577,
        "Operating Income": 302,
        "EBIT": 371,
        "Net Income": 191
    },
    "2011-03-31": {
        "Diluted EPS": 0.51,
        "Total Revenue": NaN,
        "Gross Profit": 456,
        "Operating Income": 193,
        "EBIT": 258,
        "Net Income": 119
    },
    "2010-12-31": {
        "Diluted EPS": -0.2,
        "Total Revenue": NaN,
        "Gross Profit": 378,
        "Operating Income": 37,
        "EBIT": 116,
        "Net Income": -47
    },
    "2010-09-30": {
        "Diluted EPS": 0.38,
        "Total Revenue": NaN,
        "Gross Profit": 490,
        "Operating Income": 152,
        "EBIT": 240,
        "Net Income": 89
    },
    "2010-06-30": {
        "Diluted EPS": 0.3,
        "Total Revenue": NaN,
        "Gross Profit": 502,
        "Operating Income": 219,
        "EBIT": 315,
        "Net Income": 71
    },
    "2010-03-31": {
        "Diluted EPS": 0.14,
        "Total Revenue": NaN,
        "Gross Profit": 468,
        "Operating Income": 153,
        "EBIT": 252,
        "Net Income": 33
    },
    "2009-12-31": {
        "Diluted EPS": -0.93,
        "Total Revenue": 894,
        "Gross Profit": 213,
        "Operating Income": -229,
        "EBIT": -66,
        "Net Income": -219
    },
    "2009-09-30": {
        "Diluted EPS": 0.11,
        "Total Revenue": NaN,
        "Gross Profit": 427,
        "Operating Income": 99,
        "EBIT": 171,
        "Net Income": 26
    },
    "2009-06-30": {
        "Diluted EPS": 0.08,
        "Total Revenue": NaN,
        "Gross Profit": 432,
        "Operating Income": 84,
        "EBIT": 181,
        "Net Income": 20
    },
    "2009-03-31": {
        "Diluted EPS": 0.5,
        "Total Revenue": NaN,
        "Gross Profit": 525,
        "Operating Income": 242,
        "EBIT": 297,
        "Net Income": 117
    },
    "2023-09-30": {
        "Tax Effect Of Unusual Items": 1746636.0,
        "Tax Rate For Calcs": 0.177,
        "Normalized EBITDA": 276466000.0,
        "Total Unusual Items": 9868000.0,
        "Total Unusual Items Excluding Goodwill": 9868000.0,
        "Net Income From Continuing Operation Net Minority Interest": 198649000.0,
        "Reconciled Depreciation": 40367000.0,
        "Reconciled Cost Of Revenue": 977466000.0,
        "EBITDA": 286334000.0,
        "EBIT": 245967000.0,
        "Net Interest Income": -7688000.0,
        "Interest Expense": 7688000.0,
        "Normalized Income": 190527636.0,
        "Net Income From Continuing And Discontinued Operation": 198649000.0,
        "Total Expenses": 1339774000.0,
        "Total Operating Income As Reported": 209285000.0,
        "Diluted Average Shares": 144321000.0,
        "Basic Average Shares": 141622000.0,
        "Diluted EPS": 1.38,
        "Basic EPS": 1.4,
        "Diluted NI Availto Com Stockholders": 198649000.0,
        "Net Income Common Stockholders": 198649000.0,
        "Net Income": 198649000.0,
        "Minority Interests": 2546000.0,
        "Net Income Including Noncontrolling Interests": 196103000.0,
        "Net Income Continuous Operations": 196103000.0,
        "Tax Provision": 42176000.0,
        "Pretax Income": 238279000.0,
        "Other Income Expense": 36682000.0,
        "Other Non Operating Income Expenses": 26814000.0,
        "Special Income Charges": 0.0,
        "Restructuring And Mergern Acquisition": 0.0,
        "Gain On Sale Of Security": 9868000.0,
        "Net Non Operating Interest Income Expense": -7688000.0,
        "Interest Expense Non Operating": 7688000.0,
        "Operating Income": 209285000.0,
        "Operating Expense": 362308000.0,
        "Other Operating Expenses": 60854000.0,
        "Provision For Doubtful Accounts": NaN,
        "Selling General And Administration": 301454000.0,
        "Gross Profit": 571593000.0,
        "Cost Of Revenue": 977466000.0,
        "Total Revenue": 1549059000.0,
        "Operating Revenue": 1549059000.0
    },
    "2023-12-31": {
        "Tax Effect Of Unusual Items": 3302670.0,
        "Tax Rate For Calcs": 0.21,
        "Normalized EBITDA": 42044000.0,
        "Total Unusual Items": 15727000.0,
        "Total Unusual Items Excluding Goodwill": 15727000.0,
        "Net Income From Continuing Operation Net Minority Interest": 25808000.0,
        "Reconciled Depreciation": 45520000.0,
        "Reconciled Cost Of Revenue": 719737000.0,
        "EBITDA": 57771000.0,
        "EBIT": 12251000.0,
        "Net Interest Income": -7683000.0,
        "Interest Expense": 7683000.0,
        "Normalized Income": 13383670.0,
        "Net Income From Continuing And Discontinued Operation": 25808000.0,
        "Total Expenses": 1074358000.0,
        "Total Operating Income As Reported": -21148000.0,
        "Diluted Average Shares": 141464000.0,
        "Basic Average Shares": 138520000.0,
        "Diluted EPS": 0.18,
        "Basic EPS": 0.19,
        "Diluted NI Availto Com Stockholders": 25808000.0,
        "Net Income Common Stockholders": 25808000.0,
        "Net Income": 25808000.0,
        "Minority Interests": 2524000.0,
        "Net Income Including Noncontrolling Interests": 23284000.0,
        "Net Income Continuous Operations": 23284000.0,
        "Tax Provision": -18716000.0,
        "Pretax Income": 4568000.0,
        "Other Income Expense": 33399000.0,
        "Other Non Operating Income Expenses": 17672000.0,
        "Special Income Charges": NaN,
        "Restructuring And Mergern Acquisition": NaN,
        "Gain On Sale Of Security": 15727000.0,
        "Net Non Operating Interest Income Expense": -7683000.0,
        "Interest Expense Non Operating": 7683000.0,
        "Operating Income": -21148000.0,
        "Operating Expense": 354621000.0,
        "Other Operating Expenses": 56662000.0,
        "Provision For Doubtful Accounts": NaN,
        "Selling General And Administration": 297959000.0,
        "Gross Profit": 333473000.0,
        "Cost Of Revenue": 719737000.0,
        "Total Revenue": 1053210000.0,
        "Operating Revenue": 1053210000.0
    },
    "2024-03-31": {
        "Tax Effect Of Unusual Items": 2880800.0,
        "Tax Rate For Calcs": 0.2,
        "Normalized EBITDA": 325147000.0,
        "Total Unusual Items": 14404000.0,
        "Total Unusual Items Excluding Goodwill": 14404000.0,
        "Net Income From Continuing Operation Net Minority Interest": 234941000.0,
        "Reconciled Depreciation": 41504000.0,
        "Reconciled Cost Of Revenue": 1112420000.0,
        "EBITDA": 339551000.0,
        "EBIT": 298047000.0,
        "Net Interest Income": -7679000.0,
        "Interest Expense": 7679000.0,
        "Normalized Income": 223417800.0,
        "Net Income From Continuing And Discontinued Operation": 234941000.0,
        "Total Expenses": 1466528000.0,
        "Total Operating Income As Reported": 263079000.0,
        "Diluted Average Shares": 136921000.0,
        "Basic Average Shares": 136109000.0,
        "Diluted EPS": 1.72,
        "Basic EPS": 1.73,
        "Diluted NI Availto Com Stockholders": 234941000.0,
        "Net Income Common Stockholders": 234941000.0,
        "Net Income": 234941000.0,
        "Minority Interests": 2708000.0,
        "Net Income Including Noncontrolling Interests": 232233000.0,
        "Net Income Continuous Operations": 232233000.0,
        "Tax Provision": 58135000.0,
        "Pretax Income": 290368000.0,
        "Other Income Expense": 34968000.0,
        "Other Non Operating Income Expenses": 20564000.0,
        "Special Income Charges": NaN,
        "Restructuring And Mergern Acquisition": NaN,
        "Gain On Sale Of Security": 14404000.0,
        "Net Non Operating Interest Income Expense": -7679000.0,
        "Interest Expense Non Operating": 7679000.0,
        "Operating Income": 263079000.0,
        "Operating Expense": 354108000.0,
        "Other Operating Expenses": 61010000.0,
        "Provision For Doubtful Accounts": NaN,
        "Selling General And Administration": 293098000.0,
        "Gross Profit": 617187000.0,
        "Cost Of Revenue": 1112420000.0,
        "Total Revenue": 1729607000.0,
        "Operating Revenue": 1729607000.0
    },
    "2024-06-30": {
        "Tax Effect Of Unusual Items": 2725224.0,
        "Tax Rate For Calcs": 0.184,
        "Normalized EBITDA": 295853000.0,
        "Total Unusual Items": 14811000.0,
        "Total Unusual Items Excluding Goodwill": 14811000.0,
        "Net Income From Continuing Operation Net Minority Interest": 218269000.0,
        "Reconciled Depreciation": 38872000.0,
        "Reconciled Cost Of Revenue": 1017753000.0,
        "EBITDA": 310664000.0,
        "EBIT": 271792000.0,
        "Net Interest Income": -7680000.0,
        "Interest Expense": 7680000.0,
        "Normalized Income": 206183224.0,
        "Net Income From Continuing And Discontinued Operation": 218269000.0,
        "Total Expenses": 1377791000.0,
        "Total Operating Income As Reported": 241102000.0,
        "Diluted Average Shares": 134109000.0,
        "Basic Average Shares": 133412000.0,
        "Diluted EPS": 1.63,
        "Basic EPS": 1.64,
        "Diluted NI Availto Com Stockholders": 218269000.0,
        "Net Income Common Stockholders": 218269000.0,
        "Net Income": 218269000.0,
        "Minority Interests": 2863000.0,
        "Net Income Including Noncontrolling Interests": 215406000.0,
        "Net Income Continuous Operations": 215406000.0,
        "Tax Provision": 48706000.0,
        "Pretax Income": 264112000.0,
        "Other Income Expense": 30690000.0,
        "Other Non Operating Income Expenses": 15879000.0,
        "Special Income Charges": NaN,
        "Restructuring And Mergern Acquisition": NaN,
        "Gain On Sale Of Security": 14811000.0,
        "Net Non Operating Interest Income Expense": -7680000.0,
        "Interest Expense Non Operating": 7680000.0,
        "Operating Income": 241102000.0,
        "Operating Expense": 360038000.0,
        "Other Operating Expenses": NaN,
        "Provision For Doubtful Accounts": 56030000.0,
        "Selling General And Administration": 304008000.0,
        "Gross Profit": 601140000.0,
        "Cost Of Revenue": 1017753000.0,
        "Total Revenue": 1618893000.0,
        "Operating Revenue": 1618893000.0
    }
}