{
    "2023-06-30": {
        "Tax Effect Of Unusual Items": NaN,
        "Tax Rate For Calcs": NaN,
        "Normalized EBITDA": NaN,
        "Total Unusual Items": NaN,
        "Total Unusual Items Excluding Goodwill": NaN,
        "Net Income From Continuing Operation Net Minority Interest": NaN,
        "Reconciled Depreciation": NaN,
        "Reconciled Cost Of Revenue": NaN,
        "EBITDA": NaN,
        "EBIT": NaN,
        "Net Interest Income": NaN,
        "Interest Expense": NaN,
        "Interest Income": NaN,
        "Normalized Income": NaN,
        "Net Income From Continuing And Discontinued Operation": NaN,
        "Total Expenses": NaN,
        "Diluted Average Shares": NaN,
        "Basic Average Shares": NaN,
        "Diluted EPS": NaN,
        "Basic EPS": NaN,
        "Diluted NI Availto Com Stockholders": NaN,
        "Net Income Common Stockholders": NaN,
        "Net Income": NaN,
        "Minority Interests": NaN,
        "Net Income Including Noncontrolling Interests": NaN,
        "Net Income Continuous Operations": NaN,
        "Tax Provision": NaN,
        "Pretax Income": NaN,
        "Other Income Expense": NaN,
        "Other Non Operating Income Expenses": NaN,
        "Special Income Charges": NaN,
        "Gain On Sale Of Business": NaN,
        "Other Special Charges": 2000000.0,
        "Write Off": NaN,
        "Restructuring And Mergern Acquisition": 12000000.0,
        "Earnings From Equity Interest": NaN,
        "Gain On Sale Of Security": -18000000.0,
        "Net Non Operating Interest Income Expense": NaN,
        "Interest Expense Non Operating": NaN,
        "Interest Income Non Operating": NaN,
        "Operating Income": NaN,
        "Operating Expense": NaN,
        "Research And Development": NaN,
        "Selling General And Administration": NaN,
        "General And Administrative Expense": NaN,
        "Other Gand A": NaN,
        "Salaries And Wages": NaN,
        "Gross Profit": NaN,
        "Cost Of Revenue": NaN,
        "Total Revenue": NaN,
        "Operating Revenue": NaN
    },
    "2023-03-31": {
        "Tax Effect Of Unusual Items": NaN,
        "Tax Rate For Calcs": NaN,
        "Normalized EBITDA": NaN,
        "Total Unusual Items": NaN,
        "Total Unusual Items Excluding Goodwill": NaN,
        "Net Income From Continuing Operation Net Minority Interest": NaN,
        "Reconciled Depreciation": NaN,
        "Reconciled Cost Of Revenue": NaN,
        "EBITDA": NaN,
        "EBIT": NaN,
        "Net Interest Income": NaN,
        "Interest Expense": NaN,
        "Interest Income": NaN,
        "Normalized Income": NaN,
        "Net Income From Continuing And Discontinued Operation": NaN,
        "Total Expenses": NaN,
        "Diluted Average Shares": NaN,
        "Basic Average Shares": NaN,
        "Diluted EPS": NaN,
        "Basic EPS": NaN,
        "Diluted NI Availto Com Stockholders": NaN,
        "Net Income Common Stockholders": NaN,
        "Net Income": NaN,
        "Minority Interests": NaN,
        "Net Income Including Noncontrolling Interests": NaN,
        "Net Income Continuous Operations": NaN,
        "Tax Provision": NaN,
        "Pretax Income": NaN,
        "Other Income Expense": NaN,
        "Other Non Operating Income Expenses": NaN,
        "Special Income Charges": NaN,
        "Gain On Sale Of Business": NaN,
        "Other Special Charges": -4000000.0,
        "Write Off": NaN,
        "Restructuring And Mergern Acquisition": NaN,
        "Earnings From Equity Interest": NaN,
        "Gain On Sale Of Security": NaN,
        "Net Non Operating Interest Income Expense": NaN,
        "Interest Expense Non Operating": NaN,
        "Interest Income Non Operating": NaN,
        "Operating Income": NaN,
        "Operating Expense": NaN,
        "Research And Development": NaN,
        "Selling General And Administration": NaN,
        "General And Administrative Expense": NaN,
        "Other Gand A": NaN,
        "Salaries And Wages": NaN,
        "Gross Profit": NaN,
        "Cost Of Revenue": NaN,
        "Total Revenue": NaN,
        "Operating Revenue": NaN
    },
    "2022-12-31": {
        "Tax Effect Of Unusual Items": NaN,
        "Tax Rate For Calcs": NaN,
        "Normalized EBITDA": NaN,
        "Total Unusual Items": NaN,
        "Total Unusual Items Excluding Goodwill": NaN,
        "Net Income From Continuing Operation Net Minority Interest": NaN,
        "Reconciled Depreciation": NaN,
        "Reconciled Cost Of Revenue": NaN,
        "EBITDA": NaN,
        "EBIT": NaN,
        "Net Interest Income": NaN,
        "Interest Expense": NaN,
        "Interest Income": NaN,
        "Normalized Income": NaN,
        "Net Income From Continuing And Discontinued Operation": NaN,
        "Total Expenses": NaN,
        "Diluted Average Shares": NaN,
        "Basic Average Shares": NaN,
        "Diluted EPS": NaN,
        "Basic EPS": NaN,
        "Diluted NI Availto Com Stockholders": NaN,
        "Net Income Common Stockholders": NaN,
        "Net Income": NaN,
        "Minority Interests": NaN,
        "Net Income Including Noncontrolling Interests": NaN,
        "Net Income Continuous Operations": NaN,
        "Tax Provision": NaN,
        "Pretax Income": NaN,
        "Other Income Expense": NaN,
        "Other Non Operating Income Expenses": NaN,
        "Special Income Charges": NaN,
        "Gain On Sale Of Business": 12000000.0,
        "Other Special Charges": -8000000.0,
        "Restructuring And Mergern Acquisition": NaN,
        "Earnings From Equity Interest": NaN,
        "Gain On Sale Of Security": NaN,
        "Net Non Operating Interest Income Expense": NaN,
        "Interest Expense Non Operating": NaN,
        "Interest Income Non Operating": NaN,
        "Operating Income": NaN,
        "Operating Expense": NaN,
        "Research And Development": NaN,
        "Selling General And Administration": NaN,
        "General And Administrative Expense": NaN,
        "Other Gand A": NaN,
        "Salaries And Wages": NaN,
        "Gross Profit": NaN,
        "Cost Of Revenue": NaN,
        "Total Revenue": NaN,
        "Operating Revenue": NaN
    },
    "2022-09-30": {
        "Tax Effect Of Unusual Items": NaN,
        "Tax Rate For Calcs": NaN,
        "Normalized EBITDA": NaN,
        "Total Unusual Items": NaN,
        "Total Unusual Items Excluding Goodwill": NaN,
        "Net Income From Continuing Operation Net Minority Interest": NaN,
        "Reconciled Depreciation": NaN,
        "Reconciled Cost Of Revenue": NaN,
        "EBITDA": NaN,
        "EBIT": NaN,
        "Net Interest Income": NaN,
        "Interest Expense": NaN,
        "Interest Income": NaN,
        "Normalized Income": NaN,
        "Net Income From Continuing And Discontinued Operation": NaN,
        "Total Expenses": NaN,
        "Diluted Average Shares": NaN,
        "Basic Average Shares": NaN,
        "Diluted EPS": NaN,
        "Basic EPS": NaN,
        "Diluted NI Availto Com Stockholders": NaN,
        "Net Income Common Stockholders": NaN,
        "Net Income": NaN,
        "Minority Interests": NaN,
        "Net Income Including Noncontrolling Interests": NaN,
        "Net Income Continuous Operations": NaN,
        "Tax Provision": NaN,
        "Pretax Income": NaN,
        "Other Income Expense": NaN,
        "Other Non Operating Income Expenses": NaN,
        "Special Income Charges": NaN,
        "Gain On Sale Of Business": 10000000.0,
        "Other Special Charges": NaN,
        "Restructuring And Mergern Acquisition": 0.0,
        "Earnings From Equity Interest": NaN,
        "Gain On Sale Of Security": NaN,
        "Net Non Operating Interest Income Expense": NaN,
        "Interest Expense Non Operating": NaN,
        "Interest Income Non Operating": NaN,
        "Operating Income": NaN,
        "Operating Expense": NaN,
        "Research And Development": NaN,
        "Selling General And Administration": NaN,
        "Gross Profit": NaN,
        "Cost Of Revenue": NaN,
        "Total Revenue": NaN,
        "Operating Revenue": NaN
    },
    "2022-06-30": {
        "Tax Effect Of Unusual Items": -33411000.0,
        "Tax Rate For Calcs": 0.259,
        "Normalized EBITDA": 2195000000.0,
        "Total Unusual Items": -129000000.0,
        "Total Unusual Items Excluding Goodwill": -129000000.0,
        "Net Income From Continuing Operation Net Minority Interest": 1261000000.0,
        "Reconciled Depreciation": 275000000.0,
        "Reconciled Cost Of Revenue": 6046000000.0,
        "EBITDA": 2066000000.0,
        "EBIT": 1791000000.0,
        "Net Interest Income": -67000000.0,
        "Interest Expense": 87000000.0,
        "Interest Income": 20000000.0,
        "Normalized Income": 1356589000.0,
        "Net Income From Continuing And Discontinued Operation": 1261000000.0,
        "Total Expenses": 7352000000.0,
        "Diluted Average Shares": 685000000.0,
        "Basic Average Shares": 679000000.0,
        "Diluted EPS": 1.84,
        "Basic EPS": 1.86,
        "Diluted NI Availto Com Stockholders": 1261000000.0,
        "Net Income Common Stockholders": 1261000000.0,
        "Net Income": 1261000000.0,
        "Minority Interests": -2000000.0,
        "Net Income Including Noncontrolling Interests": 1263000000.0,
        "Net Income Continuous Operations": 1263000000.0,
        "Tax Provision": 441000000.0,
        "Pretax Income": 1704000000.0,
        "Other Income Expense": 170000000.0,
        "Other Non Operating Income Expenses": 289000000.0,
        "Special Income Charges": -107000000.0,
        "Gain On Sale Of Business": 0.0,
        "Other Special Charges": 107000000.0,
        "Restructuring And Mergern Acquisition": NaN,
        "Earnings From Equity Interest": 10000000.0,
        "Gain On Sale Of Security": -22000000.0,
        "Net Non Operating Interest Income Expense": -67000000.0,
        "Interest Expense Non Operating": 87000000.0,
        "Interest Income Non Operating": 20000000.0,
        "Operating Income": 1601000000.0,
        "Operating Expense": 1306000000.0,
        "Research And Development": NaN,
        "Selling General And Administration": 1306000000.0,
        "Gross Profit": 2907000000.0,
        "Cost Of Revenue": 6046000000.0,
        "Total Revenue": 8953000000.0,
        "Operating Revenue": 8953000000.0
    },
    "2022-03-31": {
        "Diluted EPS": 1.64,
        "Total Revenue": NaN,
        "Gross Profit": NaN,
        "Operating Income": NaN,
        "EBIT": NaN,
        "Net Income": NaN
    },
    "2021-12-31": {
        "Diluted EPS": 2.04,
        "Total Revenue": NaN,
        "Gross Profit": NaN,
        "Operating Income": NaN,
        "EBIT": NaN,
        "Net Income": NaN
    },
    "2021-09-30": {
        "Diluted EPS": 1.8,
        "Total Revenue": NaN,
        "Gross Profit": NaN,
        "Operating Income": NaN,
        "EBIT": NaN,
        "Net Income": NaN
    },
    "2021-06-30": {
        "Diluted EPS": 2.04,
        "Total Revenue": NaN,
        "Gross Profit": NaN,
        "Operating Income": NaN,
        "EBIT": NaN,
        "Net Income": NaN
    },
    "2021-03-31": {
        "Diluted EPS": 2.03,
        "Total Revenue": NaN,
        "Gross Profit": NaN,
        "Operating Income": NaN,
        "EBIT": NaN,
        "Net Income": NaN
    },
    "2020-12-31": {
        "Diluted EPS": 1.91,
        "Total Revenue": NaN,
        "Gross Profit": NaN,
        "Operating Income": NaN,
        "EBIT": NaN,
        "Net Income": NaN
    },
    "2020-09-30": {
        "Diluted EPS": 1.07,
        "Total Revenue": NaN,
        "Gross Profit": NaN,
        "Operating Income": NaN,
        "EBIT": NaN,
        "Net Income": 758
    },
    "2020-06-30": {
        "Diluted EPS": 1.53,
        "Total Revenue": NaN,
        "Gross Profit": NaN,
        "Operating Income": NaN,
        "EBIT": NaN,
        "Net Income": NaN
    },
    "2020-03-31": {
        "Diluted EPS": 2.21,
        "Total Revenue": NaN,
        "Gross Profit": NaN,
        "Operating Income": NaN,
        "EBIT": NaN,
        "Net Income": NaN
    },
    "2019-12-31": {
        "Diluted EPS": 2.16,
        "Total Revenue": NaN,
        "Gross Profit": NaN,
        "Operating Income": NaN,
        "EBIT": NaN,
        "Net Income": NaN
    },
    "2019-09-30": {
        "Diluted EPS": 2.23,
        "Total Revenue": NaN,
        "Gross Profit": NaN,
        "Operating Income": NaN,
        "EBIT": NaN,
        "Net Income": NaN
    },
    "2019-06-30": {
        "Diluted EPS": 2.1,
        "Total Revenue": NaN,
        "Gross Profit": NaN,
        "Operating Income": NaN,
        "EBIT": NaN,
        "Net Income": NaN
    },
    "2019-03-31": {
        "Diluted EPS": 1.92,
        "Total Revenue": NaN,
        "Gross Profit": NaN,
        "Operating Income": NaN,
        "EBIT": NaN,
        "Net Income": NaN
    },
    "2018-12-31": {
        "Diluted EPS": 2.3,
        "Total Revenue": NaN,
        "Gross Profit": NaN,
        "Operating Income": NaN,
        "EBIT": NaN,
        "Net Income": NaN
    },
    "2018-09-30": {
        "Diluted EPS": 3.11,
        "Total Revenue": NaN,
        "Gross Profit": NaN,
        "Operating Income": NaN,
        "EBIT": NaN,
        "Net Income": NaN
    },
    "2018-06-30": {
        "Diluted EPS": 1.68,
        "Total Revenue": NaN,
        "Gross Profit": NaN,
        "Operating Income": NaN,
        "EBIT": NaN,
        "Net Income": NaN
    },
    "2018-03-31": {
        "Diluted EPS": 1.89,
        "Total Revenue": NaN,
        "Gross Profit": NaN,
        "Operating Income": NaN,
        "EBIT": NaN,
        "Net Income": NaN
    },
    "2017-12-31": {
        "Diluted EPS": -3.25,
        "Total Revenue": NaN,
        "Gross Profit": NaN,
        "Operating Income": NaN,
        "EBIT": NaN,
        "Net Income": NaN
    },
    "2017-09-30": {
        "Diluted EPS": 1.74,
        "Total Revenue": NaN,
        "Gross Profit": NaN,
        "Operating Income": NaN,
        "EBIT": NaN,
        "Net Income": NaN
    },
    "2017-06-30": {
        "Diluted EPS": 1.8,
        "Total Revenue": NaN,
        "Gross Profit": NaN,
        "Operating Income": NaN,
        "EBIT": NaN,
        "Net Income": NaN
    },
    "2017-03-31": {
        "Diluted EPS": 1.71,
        "Total Revenue": NaN,
        "Gross Profit": NaN,
        "Operating Income": NaN,
        "EBIT": NaN,
        "Net Income": NaN
    },
    "2016-12-31": {
        "Diluted EPS": 1.35,
        "Total Revenue": NaN,
        "Gross Profit": NaN,
        "Operating Income": 981,
        "EBIT": NaN,
        "Net Income": NaN
    },
    "2016-09-30": {
        "Diluted EPS": 1.6,
        "Total Revenue": NaN,
        "Gross Profit": NaN,
        "Operating Income": NaN,
        "EBIT": NaN,
        "Net Income": NaN
    },
    "2016-06-30": {
        "Diluted EPS": 1.7,
        "Total Revenue": NaN,
        "Gross Profit": NaN,
        "Operating Income": NaN,
        "EBIT": NaN,
        "Net Income": NaN
    },
    "2016-03-31": {
        "Diluted EPS": 1.56,
        "Total Revenue": NaN,
        "Gross Profit": NaN,
        "Operating Income": NaN,
        "EBIT": NaN,
        "Net Income": NaN
    },
    "2015-12-31": {
        "Diluted EPS": 1.52,
        "Total Revenue": NaN,
        "Gross Profit": NaN,
        "Operating Income": NaN,
        "EBIT": NaN,
        "Net Income": NaN
    },
    "2015-09-30": {
        "Diluted EPS": 1.6,
        "Total Revenue": NaN,
        "Gross Profit": NaN,
        "Operating Income": NaN,
        "EBIT": NaN,
        "Net Income": NaN
    },
    "2015-06-30": {
        "Diluted EPS": 1.51,
        "Total Revenue": NaN,
        "Gross Profit": NaN,
        "Operating Income": NaN,
        "EBIT": NaN,
        "Net Income": NaN
    },
    "2015-03-31": {
        "Diluted EPS": 1.41,
        "Total Revenue": NaN,
        "Gross Profit": NaN,
        "Operating Income": NaN,
        "EBIT": NaN,
        "Net Income": NaN
    },
    "2014-12-31": {
        "Diluted EPS": 1.2,
        "Total Revenue": NaN,
        "Gross Profit": NaN,
        "Operating Income": NaN,
        "EBIT": NaN,
        "Net Income": 956
    },
    "2014-09-30": {
        "Diluted EPS": 1.47,
        "Total Revenue": NaN,
        "Gross Profit": NaN,
        "Operating Income": NaN,
        "EBIT": NaN,
        "Net Income": NaN
    },
    "2014-06-30": {
        "Diluted EPS": 1.38,
        "Total Revenue": NaN,
        "Gross Profit": NaN,
        "Operating Income": NaN,
        "EBIT": NaN,
        "Net Income": NaN
    },
    "2014-03-31": {
        "Diluted EPS": 1.28,
        "Total Revenue": NaN,
        "Gross Profit": NaN,
        "Operating Income": NaN,
        "EBIT": NaN,
        "Net Income": NaN
    },
    "2013-12-31": {
        "Diluted EPS": 1.19,
        "Total Revenue": NaN,
        "Gross Profit": NaN,
        "Operating Income": NaN,
        "EBIT": NaN,
        "Net Income": 947
    },
    "2013-09-30": {
        "Diluted EPS": 1.24,
        "Total Revenue": NaN,
        "Gross Profit": NaN,
        "Operating Income": NaN,
        "EBIT": NaN,
        "Net Income": 990
    },
    "2013-06-30": {
        "Diluted EPS": 1.28,
        "Total Revenue": NaN,
        "Gross Profit": NaN,
        "Operating Income": NaN,
        "EBIT": NaN,
        "Net Income": NaN
    },
    "2013-03-31": {
        "Diluted EPS": 1.21,
        "Total Revenue": NaN,
        "Gross Profit": NaN,
        "Operating Income": NaN,
        "EBIT": NaN,
        "Net Income": 966
    },
    "2012-12-31": {
        "Diluted EPS": 0.31,
        "Total Revenue": NaN,
        "Gross Profit": NaN,
        "Operating Income": 377,
        "EBIT": 622,
        "Net Income": 251
    },
    "2012-09-30": {
        "Diluted EPS": 1.2,
        "Total Revenue": NaN,
        "Gross Profit": NaN,
        "Operating Income": NaN,
        "EBIT": NaN,
        "Net Income": 950
    },
    "2012-06-30": {
        "Diluted EPS": 1.14,
        "Total Revenue": NaN,
        "Gross Profit": NaN,
        "Operating Income": NaN,
        "EBIT": NaN,
        "Net Income": 902
    },
    "2012-03-31": {
        "Diluted EPS": 1.04,
        "Total Revenue": NaN,
        "Gross Profit": NaN,
        "Operating Income": NaN,
        "EBIT": NaN,
        "Net Income": 823
    },
    "2011-12-31": {
        "Diluted EPS": -0.39,
        "Total Revenue": NaN,
        "Gross Profit": NaN,
        "Operating Income": -578,
        "EBIT": -325,
        "Net Income": -310
    },
    "2011-09-30": {
        "Diluted EPS": 1.1,
        "Total Revenue": NaN,
        "Gross Profit": NaN,
        "Operating Income": 962,
        "EBIT": NaN,
        "Net Income": 862
    },
    "2011-06-30": {
        "Diluted EPS": 1.02,
        "Total Revenue": NaN,
        "Gross Profit": NaN,
        "Operating Income": NaN,
        "EBIT": NaN,
        "Net Income": 810
    },
    "2011-03-31": {
        "Diluted EPS": 0.88,
        "Total Revenue": NaN,
        "Gross Profit": NaN,
        "Operating Income": NaN,
        "EBIT": NaN,
        "Net Income": 705
    },
    "2010-12-31": {
        "Diluted EPS": 0.47,
        "Total Revenue": NaN,
        "Gross Profit": NaN,
        "Operating Income": 515,
        "EBIT": 786,
        "Net Income": 369
    },
    "2010-09-30": {
        "Diluted EPS": 0.76,
        "Total Revenue": NaN,
        "Gross Profit": NaN,
        "Operating Income": 840,
        "EBIT": NaN,
        "Net Income": 598
    },
    "2010-06-30": {
        "Diluted EPS": 0.73,
        "Total Revenue": NaN,
        "Gross Profit": NaN,
        "Operating Income": 849,
        "EBIT": NaN,
        "Net Income": 566
    },
    "2010-03-31": {
        "Diluted EPS": 0.63,
        "Total Revenue": NaN,
        "Gross Profit": NaN,
        "Operating Income": 807,
        "EBIT": NaN,
        "Net Income": 489
    },
    "2009-12-31": {
        "Diluted EPS": 0.11,
        "Total Revenue": NaN,
        "Gross Profit": NaN,
        "Operating Income": 37,
        "EBIT": 283,
        "Net Income": 93
    },
    "2009-09-30": {
        "Diluted EPS": 0.8,
        "Total Revenue": NaN,
        "Gross Profit": NaN,
        "Operating Income": 869,
        "EBIT": NaN,
        "Net Income": 608
    },
    "2009-06-30": {
        "Diluted EPS": 0.6,
        "Total Revenue": NaN,
        "Gross Profit": NaN,
        "Operating Income": 800,
        "EBIT": NaN,
        "Net Income": 450
    },
    "2009-03-31": {
        "Diluted EPS": 0.54,
        "Total Revenue": NaN,
        "Gross Profit": NaN,
        "Operating Income": 662,
        "EBIT": 896,
        "Net Income": 397
    },
    "2023-09-30": {
        "Tax Effect Of Unusual Items": -1380000.0,
        "Tax Rate For Calcs": 0.23,
        "Normalized EBITDA": 2487000000.0,
        "Total Unusual Items": -6000000.0,
        "Total Unusual Items Excluding Goodwill": -6000000.0,
        "Net Income From Continuing Operation Net Minority Interest": 1514000000.0,
        "Reconciled Depreciation": 308000000.0,
        "Reconciled Cost Of Revenue": 5670000000.0,
        "EBITDA": 2481000000.0,
        "EBIT": 2173000000.0,
        "Net Interest Income": -117000000.0,
        "Interest Expense": 206000000.0,
        "Interest Income": 89000000.0,
        "Normalized Income": 1518620000.0,
        "Net Income From Continuing And Discontinued Operation": 1514000000.0,
        "Total Expenses": 7132000000.0,
        "Diluted Average Shares": 667000000.0,
        "Basic Average Shares": 662400000.0,
        "Diluted EPS": 2.27,
        "Basic EPS": 2.29,
        "Diluted NI Availto Com Stockholders": 1514000000.0,
        "Net Income Common Stockholders": 1514000000.0,
        "Net Income": 1514000000.0,
        "Minority Interests": -1000000.0,
        "Net Income Including Noncontrolling Interests": 1515000000.0,
        "Net Income Continuous Operations": 1515000000.0,
        "Tax Provision": 452000000.0,
        "Pretax Income": 1967000000.0,
        "Other Income Expense": 4000000.0,
        "Other Non Operating Income Expenses": -2000000.0,
        "Special Income Charges": -6000000.0,
        "Gain On Sale Of Business": 0.0,
        "Other Special Charges": NaN,
        "Write Off": 0.0,
        "Restructuring And Mergern Acquisition": 6000000.0,
        "Earnings From Equity Interest": 12000000.0,
        "Gain On Sale Of Security": NaN,
        "Net Non Operating Interest Income Expense": -117000000.0,
        "Interest Expense Non Operating": 206000000.0,
        "Interest Income Non Operating": 89000000.0,
        "Operating Income": 2080000000.0,
        "Operating Expense": 1462000000.0,
        "Research And Development": 364000000.0,
        "Selling General And Administration": 1098000000.0,
        "General And Administrative Expense": 1098000000.0,
        "Other Gand A": 1252000000.0,
        "Salaries And Wages": -154000000.0,
        "Gross Profit": 3542000000.0,
        "Cost Of Revenue": 5670000000.0,
        "Total Revenue": 9212000000.0,
        "Operating Revenue": 9212000000.0
    },
    "2023-12-31": {
        "Tax Effect Of Unusual Items": 2912350.59761,
        "Tax Rate For Calcs": 0.171315,
        "Normalized EBITDA": 1992000000.0,
        "Total Unusual Items": 17000000.0,
        "Total Unusual Items Excluding Goodwill": 17000000.0,
        "Net Income From Continuing Operation Net Minority Interest": 1263000000.0,
        "Reconciled Depreciation": 301000000.0,
        "Reconciled Cost Of Revenue": 6201000000.0,
        "EBITDA": 2009000000.0,
        "EBIT": 1708000000.0,
        "Net Interest Income": -122000000.0,
        "Interest Expense": 202000000.0,
        "Interest Income": 80000000.0,
        "Normalized Income": 1248912350.59761,
        "Net Income From Continuing And Discontinued Operation": 1263000000.0,
        "Total Expenses": 7846000000.0,
        "Diluted Average Shares": 660900000.0,
        "Basic Average Shares": 656500000.0,
        "Diluted EPS": 1.91,
        "Basic EPS": 1.92,
        "Diluted NI Availto Com Stockholders": 1263000000.0,
        "Net Income Common Stockholders": 1263000000.0,
        "Net Income": 1263000000.0,
        "Minority Interests": 15000000.0,
        "Net Income Including Noncontrolling Interests": 1248000000.0,
        "Net Income Continuous Operations": 1248000000.0,
        "Tax Provision": 258000000.0,
        "Pretax Income": 1506000000.0,
        "Other Income Expense": 34000000.0,
        "Other Non Operating Income Expenses": -22000000.0,
        "Special Income Charges": 6000000.0,
        "Gain On Sale Of Business": 5000000.0,
        "Other Special Charges": -1000000.0,
        "Write Off": NaN,
        "Restructuring And Mergern Acquisition": 0.0,
        "Earnings From Equity Interest": 39000000.0,
        "Gain On Sale Of Security": 11000000.0,
        "Net Non Operating Interest Income Expense": -122000000.0,
        "Interest Expense Non Operating": 202000000.0,
        "Interest Income Non Operating": 80000000.0,
        "Operating Income": 1594000000.0,
        "Operating Expense": 1645000000.0,
        "Research And Development": 360000000.0,
        "Selling General And Administration": 1285000000.0,
        "General And Administrative Expense": 1285000000.0,
        "Other Gand A": 1296000000.0,
        "Salaries And Wages": -11000000.0,
        "Gross Profit": 3239000000.0,
        "Cost Of Revenue": 6201000000.0,
        "Total Revenue": 9440000000.0,
        "Operating Revenue": 9440000000.0
    },
    "2024-03-31": {
        "Tax Effect Of Unusual Items": -9116000.0,
        "Tax Rate For Calcs": 0.212,
        "Normalized EBITDA": 2425000000.0,
        "Total Unusual Items": -43000000.0,
        "Total Unusual Items Excluding Goodwill": -43000000.0,
        "Net Income From Continuing Operation Net Minority Interest": 1463000000.0,
        "Reconciled Depreciation": 291000000.0,
        "Reconciled Cost Of Revenue": 5583000000.0,
        "EBITDA": 2382000000.0,
        "EBIT": 2091000000.0,
        "Net Interest Income": -115000000.0,
        "Interest Expense": 220000000.0,
        "Interest Income": 105000000.0,
        "Normalized Income": 1496884000.0,
        "Net Income From Continuing And Discontinued Operation": 1463000000.0,
        "Total Expenses": 7078000000.0,
        "Diluted Average Shares": 656600000.0,
        "Basic Average Shares": 652300000.0,
        "Diluted EPS": 2.23,
        "Basic EPS": 2.24,
        "Diluted NI Availto Com Stockholders": 1463000000.0,
        "Net Income Common Stockholders": 1463000000.0,
        "Net Income": 1463000000.0,
        "Minority Interests": -12000000.0,
        "Net Income Including Noncontrolling Interests": 1475000000.0,
        "Net Income Continuous Operations": 1475000000.0,
        "Tax Provision": 396000000.0,
        "Pretax Income": 1871000000.0,
        "Other Income Expense": -41000000.0,
        "Other Non Operating Income Expenses": -14000000.0,
        "Special Income Charges": -17000000.0,
        "Gain On Sale Of Business": NaN,
        "Other Special Charges": 17000000.0,
        "Write Off": NaN,
        "Restructuring And Mergern Acquisition": NaN,
        "Earnings From Equity Interest": 16000000.0,
        "Gain On Sale Of Security": -26000000.0,
        "Net Non Operating Interest Income Expense": -115000000.0,
        "Interest Expense Non Operating": 220000000.0,
        "Interest Income Non Operating": 105000000.0,
        "Operating Income": 2027000000.0,
        "Operating Expense": 1495000000.0,
        "Research And Development": 360000000.0,
        "Selling General And Administration": 1135000000.0,
        "General And Administrative Expense": 1135000000.0,
        "Other Gand A": 1302000000.0,
        "Salaries And Wages": -167000000.0,
        "Gross Profit": 3522000000.0,
        "Cost Of Revenue": 5583000000.0,
        "Total Revenue": 9105000000.0,
        "Operating Revenue": 9105000000.0
    },
    "2024-06-30": {
        "Tax Effect Of Unusual Items": -5670000.0,
        "Tax Rate For Calcs": 0.21,
        "Normalized EBITDA": 2560000000.0,
        "Total Unusual Items": -27000000.0,
        "Total Unusual Items Excluding Goodwill": -27000000.0,
        "Net Income From Continuing Operation Net Minority Interest": 1544000000.0,
        "Reconciled Depreciation": 309000000.0,
        "Reconciled Cost Of Revenue": 5856000000.0,
        "EBITDA": 2533000000.0,
        "EBIT": 2224000000.0,
        "Net Interest Income": -140000000.0,
        "Interest Expense": 250000000.0,
        "Interest Income": 110000000.0,
        "Normalized Income": 1565330000.0,
        "Net Income From Continuing And Discontinued Operation": 1544000000.0,
        "Total Expenses": 7439000000.0,
        "Diluted Average Shares": 654200000.0,
        "Basic Average Shares": 650200000.0,
        "Diluted EPS": 2.36,
        "Basic EPS": 2.37,
        "Diluted NI Availto Com Stockholders": 1544000000.0,
        "Net Income Common Stockholders": 1544000000.0,
        "Net Income": 1544000000.0,
        "Minority Interests": -16000000.0,
        "Net Income Including Noncontrolling Interests": 1560000000.0,
        "Net Income Continuous Operations": 1560000000.0,
        "Tax Provision": 414000000.0,
        "Pretax Income": 1974000000.0,
        "Other Income Expense": -24000000.0,
        "Other Non Operating Income Expenses": -11000000.0,
        "Special Income Charges": -22000000.0,
        "Gain On Sale Of Business": NaN,
        "Other Special Charges": NaN,
        "Write Off": NaN,
        "Restructuring And Mergern Acquisition": 22000000.0,
        "Earnings From Equity Interest": 14000000.0,
        "Gain On Sale Of Security": -5000000.0,
        "Net Non Operating Interest Income Expense": -140000000.0,
        "Interest Expense Non Operating": 250000000.0,
        "Interest Income Non Operating": 110000000.0,
        "Operating Income": 2138000000.0,
        "Operating Expense": 1583000000.0,
        "Research And Development": 382000000.0,
        "Selling General And Administration": 1201000000.0,
        "General And Administrative Expense": 1201000000.0,
        "Other Gand A": 1361000000.0,
        "Salaries And Wages": -160000000.0,
        "Gross Profit": 3721000000.0,
        "Cost Of Revenue": 5856000000.0,
        "Total Revenue": 9577000000.0,
        "Operating Revenue": 9577000000.0
    },
    "2024-09-30": {
        "Tax Effect Of Unusual Items": -29344000.0,
        "Tax Rate For Calcs": 0.224,
        "Normalized EBITDA": 2609000000.0,
        "Total Unusual Items": -131000000.0,
        "Total Unusual Items Excluding Goodwill": -131000000.0,
        "Net Income From Continuing Operation Net Minority Interest": 1413000000.0,
        "Reconciled Depreciation": 357000000.0,
        "Reconciled Cost Of Revenue": 5979000000.0,
        "EBITDA": 2478000000.0,
        "EBIT": 2121000000.0,
        "Net Interest Income": -187000000.0,
        "Interest Expense": 297000000.0,
        "Interest Income": 110000000.0,
        "Normalized Income": 1514656000.0,
        "Net Income From Continuing And Discontinued Operation": 1413000000.0,
        "Total Expenses": 7581000000.0,
        "Diluted Average Shares": 654100000.0,
        "Basic Average Shares": 650400000.0,
        "Diluted EPS": 2.16,
        "Basic EPS": 2.17,
        "Diluted NI Availto Com Stockholders": 1413000000.0,
        "Net Income Common Stockholders": 1413000000.0,
        "Net Income": 1413000000.0,
        "Minority Interests": -2000000.0,
        "Net Income Including Noncontrolling Interests": 1415000000.0,
        "Net Income Continuous Operations": 1415000000.0,
        "Tax Provision": 409000000.0,
        "Pretax Income": 1824000000.0,
        "Other Income Expense": -136000000.0,
        "Other Non Operating Income Expenses": -22000000.0,
        "Special Income Charges": -135000000.0,
        "Gain On Sale Of Business": NaN,
        "Other Special Charges": NaN,
        "Write Off": 125000000.0,
        "Restructuring And Mergern Acquisition": 10000000.0,
        "Earnings From Equity Interest": 17000000.0,
        "Gain On Sale Of Security": 4000000.0,
        "Net Non Operating Interest Income Expense": -187000000.0,
        "Interest Expense Non Operating": 297000000.0,
        "Interest Income Non Operating": 110000000.0,
        "Operating Income": 2147000000.0,
        "Operating Expense": 1602000000.0,
        "Research And Development": 368000000.0,
        "Selling General And Administration": 1234000000.0,
        "General And Administrative Expense": 1234000000.0,
        "Other Gand A": 1398000000.0,
        "Salaries And Wages": -164000000.0,
        "Gross Profit": 3749000000.0,
        "Cost Of Revenue": 5979000000.0,
        "Total Revenue": 9728000000.0,
        "Operating Revenue": 9728000000.0
    }
}