{
    "2023-03-31": {
        "Tax Effect Of Unusual Items": NaN,
        "Tax Rate For Calcs": NaN,
        "Normalized EBITDA": NaN,
        "Total Unusual Items": NaN,
        "Total Unusual Items Excluding Goodwill": NaN,
        "Net Income From Continuing Operation Net Minority Interest": NaN,
        "EBITDA": NaN,
        "EBIT": NaN,
        "Normalized Income": NaN,
        "Net Income From Continuing And Discontinued Operation": NaN,
        "Total Expenses": NaN,
        "Rent Expense Supplemental": 15120.0,
        "Total Operating Income As Reported": NaN,
        "Diluted Average Shares": 2482824.0,
        "Basic Average Shares": 2482824.0,
        "Diluted EPS": -0.88,
        "Basic EPS": -0.88,
        "Diluted NI Availto Com Stockholders": NaN,
        "Net Income Common Stockholders": NaN,
        "Net Income": NaN,
        "Net Income Including Noncontrolling Interests": NaN,
        "Net Income Continuous Operations": NaN,
        "Pretax Income": NaN,
        "Other Income Expense": NaN,
        "Other Non Operating Income Expenses": NaN,
        "Earnings From Equity Interest": NaN,
        "Gain On Sale Of Security": NaN,
        "Operating Income": NaN,
        "Operating Expense": NaN,
        "Research And Development": NaN,
        "Selling General And Administration": NaN,
        "General And Administrative Expense": NaN,
        "Other Gand A": NaN,
        "Rent And Landing Fees": 15120.0,
        "Salaries And Wages": 295564.0,
        "Total Revenue": NaN,
        "Operating Revenue": NaN
    },
    "2022-12-31": {
        "Tax Effect Of Unusual Items": NaN,
        "Tax Rate For Calcs": NaN,
        "Normalized EBITDA": NaN,
        "Total Unusual Items": NaN,
        "Total Unusual Items Excluding Goodwill": NaN,
        "Net Income From Continuing Operation Net Minority Interest": NaN,
        "EBITDA": NaN,
        "EBIT": NaN,
        "Normalized Income": NaN,
        "Net Income From Continuing And Discontinued Operation": NaN,
        "Total Expenses": NaN,
        "Rent Expense Supplemental": 19722.0,
        "Total Operating Income As Reported": NaN,
        "Diluted Average Shares": NaN,
        "Basic Average Shares": NaN,
        "Diluted EPS": NaN,
        "Basic EPS": NaN,
        "Diluted NI Availto Com Stockholders": NaN,
        "Net Income Common Stockholders": NaN,
        "Net Income": NaN,
        "Net Income Including Noncontrolling Interests": NaN,
        "Net Income Continuous Operations": NaN,
        "Pretax Income": NaN,
        "Other Income Expense": NaN,
        "Other Non Operating Income Expenses": 410309.0,
        "Earnings From Equity Interest": NaN,
        "Gain On Sale Of Security": NaN,
        "Operating Income": NaN,
        "Operating Expense": NaN,
        "Research And Development": NaN,
        "Selling General And Administration": NaN,
        "General And Administrative Expense": NaN,
        "Other Gand A": NaN,
        "Rent And Landing Fees": 19722.0,
        "Salaries And Wages": 766982.0,
        "Total Revenue": NaN,
        "Operating Revenue": NaN
    },
    "2022-09-30": {
        "Tax Effect Of Unusual Items": NaN,
        "Tax Rate For Calcs": NaN,
        "Normalized EBITDA": NaN,
        "Total Unusual Items": NaN,
        "Total Unusual Items Excluding Goodwill": NaN,
        "Net Income From Continuing Operation Net Minority Interest": NaN,
        "EBITDA": NaN,
        "EBIT": NaN,
        "Normalized Income": NaN,
        "Net Income From Continuing And Discontinued Operation": NaN,
        "Total Expenses": NaN,
        "Rent Expense Supplemental": 17625.0,
        "Total Operating Income As Reported": NaN,
        "Diluted Average Shares": 1288481.0,
        "Basic Average Shares": 1288481.0,
        "Diluted EPS": -2.05,
        "Basic EPS": -2.05,
        "Diluted NI Availto Com Stockholders": NaN,
        "Net Income Common Stockholders": NaN,
        "Net Income": NaN,
        "Net Income Including Noncontrolling Interests": NaN,
        "Net Income Continuous Operations": NaN,
        "Pretax Income": NaN,
        "Other Income Expense": NaN,
        "Other Non Operating Income Expenses": -592.0,
        "Earnings From Equity Interest": NaN,
        "Gain On Sale Of Security": NaN,
        "Operating Income": NaN,
        "Operating Expense": NaN,
        "Research And Development": NaN,
        "Selling General And Administration": NaN,
        "General And Administrative Expense": NaN,
        "Other Gand A": NaN,
        "Rent And Landing Fees": 17625.0,
        "Salaries And Wages": 348754.0,
        "Total Revenue": NaN,
        "Operating Revenue": NaN
    },
    "2022-06-30": {
        "Tax Effect Of Unusual Items": 0.0,
        "Tax Rate For Calcs": 0.0,
        "Normalized EBITDA": -1944363.0,
        "Total Unusual Items": -355184.0,
        "Total Unusual Items Excluding Goodwill": -355184.0,
        "Net Income From Continuing Operation Net Minority Interest": -2677593.0,
        "EBITDA": -2299547.0,
        "EBIT": -2299547.0,
        "Normalized Income": -2322409.0,
        "Net Income From Continuing And Discontinued Operation": -2677593.0,
        "Total Expenses": 2299547.0,
        "Rent Expense Supplemental": 15591.0,
        "Total Operating Income As Reported": -2299547.0,
        "Diluted Average Shares": 1241398.0,
        "Basic Average Shares": 1241398.0,
        "Diluted EPS": -2.16,
        "Basic EPS": -2.16,
        "Diluted NI Availto Com Stockholders": -2677593.0,
        "Net Income Common Stockholders": -2677593.0,
        "Net Income": -2677593.0,
        "Net Income Including Noncontrolling Interests": -2677593.0,
        "Net Income Continuous Operations": -2677593.0,
        "Pretax Income": -2677593.0,
        "Other Income Expense": -378046.0,
        "Other Non Operating Income Expenses": -262.0,
        "Earnings From Equity Interest": -22600.0,
        "Gain On Sale Of Security": -355184.0,
        "Operating Income": -2299547.0,
        "Operating Expense": 2299547.0,
        "Research And Development": 1007635.0,
        "Selling General And Administration": 1291912.0,
        "General And Administrative Expense": 1291912.0,
        "Other Gand A": 761231.0,
        "Rent And Landing Fees": 15591.0,
        "Salaries And Wages": 515090.0,
        "Total Revenue": 0.0,
        "Operating Revenue": 0.0
    },
    "2022-03-31": {
        "Diluted EPS": -2.68,
        "Total Revenue": NaN,
        "Gross Profit": NaN,
        "Operating Income": -3,
        "EBIT": -3,
        "Net Income": -3
    },
    "2021-12-31": {
        "Diluted EPS": -3.07,
        "Total Revenue": NaN,
        "Gross Profit": NaN,
        "Operating Income": -3,
        "EBIT": -3,
        "Net Income": -3
    },
    "2021-09-30": {
        "Diluted EPS": -3.45,
        "Total Revenue": NaN,
        "Gross Profit": NaN,
        "Operating Income": -3,
        "EBIT": -3,
        "Net Income": -3
    },
    "2021-06-30": {
        "Diluted EPS": -3.5,
        "Total Revenue": NaN,
        "Gross Profit": NaN,
        "Operating Income": -3,
        "EBIT": -3,
        "Net Income": -3
    },
    "2021-03-31": {
        "Diluted EPS": -6.0,
        "Total Revenue": NaN,
        "Gross Profit": NaN,
        "Operating Income": -4,
        "EBIT": -4,
        "Net Income": -4
    },
    "2020-12-31": {
        "Diluted EPS": -1.0,
        "Total Revenue": NaN,
        "Gross Profit": NaN,
        "Operating Income": -1,
        "EBIT": -1,
        "Net Income": -1
    },
    "2020-09-30": {
        "Diluted EPS": -4.0,
        "Total Revenue": NaN,
        "Gross Profit": NaN,
        "Operating Income": -2,
        "EBIT": -2,
        "Net Income": -2
    },
    "2020-06-30": {
        "Diluted EPS": -5.0,
        "Total Revenue": NaN,
        "Gross Profit": NaN,
        "Operating Income": -3,
        "EBIT": -3,
        "Net Income": -2
    },
    "2020-03-31": {
        "Diluted EPS": -4.5,
        "Total Revenue": NaN,
        "Gross Profit": NaN,
        "Operating Income": -2,
        "EBIT": -2,
        "Net Income": -2
    },
    "2019-12-31": {
        "Diluted EPS": -10.5,
        "Total Revenue": NaN,
        "Gross Profit": NaN,
        "Operating Income": -4,
        "EBIT": -4,
        "Net Income": -4
    },
    "2019-09-30": {
        "Diluted EPS": -4.25,
        "Total Revenue": NaN,
        "Gross Profit": NaN,
        "Operating Income": -2,
        "EBIT": -2,
        "Net Income": -2
    },
    "2019-06-30": {
        "Diluted EPS": -3.25,
        "Total Revenue": NaN,
        "Gross Profit": NaN,
        "Operating Income": -1,
        "EBIT": -1,
        "Net Income": -1
    },
    "2019-03-31": {
        "Diluted EPS": -3.0,
        "Total Revenue": NaN,
        "Gross Profit": NaN,
        "Operating Income": -1,
        "EBIT": -1,
        "Net Income": -1
    },
    "2018-12-31": {
        "Diluted EPS": -3.0,
        "Total Revenue": NaN,
        "Gross Profit": NaN,
        "Operating Income": -1,
        "EBIT": -1,
        "Net Income": -1
    },
    "2018-09-30": {
        "Diluted EPS": -3.0,
        "Total Revenue": NaN,
        "Gross Profit": NaN,
        "Operating Income": -1,
        "EBIT": -1,
        "Net Income": -1
    },
    "2018-06-30": {
        "Diluted EPS": -3.75,
        "Total Revenue": NaN,
        "Gross Profit": NaN,
        "Operating Income": -1,
        "EBIT": -1,
        "Net Income": -1
    },
    "2018-03-31": {
        "Diluted EPS": -2.75,
        "Total Revenue": NaN,
        "Gross Profit": NaN,
        "Operating Income": -1,
        "EBIT": -1,
        "Net Income": -1
    },
    "2017-12-31": {
        "Diluted EPS": 0.0,
        "Total Revenue": NaN,
        "Gross Profit": NaN,
        "Operating Income": NaN,
        "EBIT": NaN,
        "Net Income": NaN
    },
    "2023-06-30": {
        "Tax Effect Of Unusual Items": 0.0,
        "Tax Rate For Calcs": 0.0,
        "Normalized EBITDA": -1544227.0,
        "Total Unusual Items": -164402.0,
        "Total Unusual Items Excluding Goodwill": -164402.0,
        "Net Income From Continuing Operation Net Minority Interest": -1873031.0,
        "EBITDA": -1708629.0,
        "EBIT": -1708629.0,
        "Normalized Income": -1708629.0,
        "Net Income From Continuing And Discontinued Operation": -1873031.0,
        "Total Expenses": 1708629.0,
        "Rent Expense Supplemental": 7897.0,
        "Total Operating Income As Reported": -1708629.0,
        "Diluted Average Shares": 3302113.0,
        "Basic Average Shares": 3302113.0,
        "Diluted EPS": -0.57,
        "Basic EPS": -0.57,
        "Diluted NI Availto Com Stockholders": -1873031.0,
        "Net Income Common Stockholders": -1873031.0,
        "Net Income": -1873031.0,
        "Net Income Including Noncontrolling Interests": -1873031.0,
        "Net Income Continuous Operations": -1873031.0,
        "Pretax Income": -1873031.0,
        "Other Income Expense": -164402.0,
        "Other Non Operating Income Expenses": NaN,
        "Earnings From Equity Interest": 0.0,
        "Gain On Sale Of Security": -164402.0,
        "Operating Income": -1708629.0,
        "Operating Expense": 1708629.0,
        "Research And Development": 652202.0,
        "Selling General And Administration": 1056427.0,
        "General And Administrative Expense": 1056427.0,
        "Other Gand A": 1056427.0,
        "Rent And Landing Fees": 7897.0,
        "Salaries And Wages": 518476.0,
        "Total Revenue": 0.0,
        "Operating Revenue": 0.0
    },
    "2023-09-30": {
        "Tax Effect Of Unusual Items": 0.0,
        "Tax Rate For Calcs": 0.0,
        "Normalized EBITDA": -2098591.0,
        "Total Unusual Items": 5611.0,
        "Total Unusual Items Excluding Goodwill": 5611.0,
        "Net Income From Continuing Operation Net Minority Interest": -2086583.0,
        "EBITDA": -2092980.0,
        "EBIT": -2092980.0,
        "Normalized Income": -2092194.0,
        "Net Income From Continuing And Discontinued Operation": -2086583.0,
        "Total Expenses": 2092980.0,
        "Rent Expense Supplemental": 6752.0,
        "Total Operating Income As Reported": -2092980.0,
        "Diluted Average Shares": 3483735.0,
        "Basic Average Shares": 3483735.0,
        "Diluted EPS": -0.6,
        "Basic EPS": -0.6,
        "Diluted NI Availto Com Stockholders": -2086583.0,
        "Net Income Common Stockholders": -2086583.0,
        "Net Income": -2086583.0,
        "Net Income Including Noncontrolling Interests": -2086583.0,
        "Net Income Continuous Operations": -2086583.0,
        "Pretax Income": -2086583.0,
        "Other Income Expense": 6397.0,
        "Other Non Operating Income Expenses": 786.0,
        "Earnings From Equity Interest": 0.0,
        "Gain On Sale Of Security": 5611.0,
        "Operating Income": -2092980.0,
        "Operating Expense": 2092980.0,
        "Research And Development": 974374.0,
        "Selling General And Administration": 1118606.0,
        "General And Administrative Expense": 1118606.0,
        "Other Gand A": 545715.0,
        "Rent And Landing Fees": 6752.0,
        "Salaries And Wages": 566139.0,
        "Total Revenue": 0.0,
        "Operating Revenue": 0.0
    },
    "2023-12-31": {
        "Tax Effect Of Unusual Items": 0.0,
        "Tax Rate For Calcs": 0.0,
        "Normalized EBITDA": -1688968.0,
        "Total Unusual Items": -8848.0,
        "Total Unusual Items Excluding Goodwill": -8848.0,
        "Net Income From Continuing Operation Net Minority Interest": -1702269.0,
        "EBITDA": -1697816.0,
        "EBIT": -1697816.0,
        "Normalized Income": -1693421.0,
        "Net Income From Continuing And Discontinued Operation": -1702269.0,
        "Total Expenses": 1697816.0,
        "Rent Expense Supplemental": NaN,
        "Total Operating Income As Reported": -1697816.0,
        "Diluted Average Shares": NaN,
        "Basic Average Shares": NaN,
        "Diluted EPS": NaN,
        "Basic EPS": NaN,
        "Diluted NI Availto Com Stockholders": -1702269.0,
        "Net Income Common Stockholders": -1702269.0,
        "Net Income": -1702269.0,
        "Net Income Including Noncontrolling Interests": -1702269.0,
        "Net Income Continuous Operations": -1702269.0,
        "Pretax Income": -1702269.0,
        "Other Income Expense": -5234.0,
        "Other Non Operating Income Expenses": NaN,
        "Earnings From Equity Interest": 4400.0,
        "Gain On Sale Of Security": -8848.0,
        "Operating Income": -1697816.0,
        "Operating Expense": 1697816.0,
        "Research And Development": 914599.0,
        "Selling General And Administration": 783217.0,
        "General And Administrative Expense": 783217.0,
        "Other Gand A": 2193165.0,
        "Rent And Landing Fees": NaN,
        "Salaries And Wages": NaN,
        "Total Revenue": 0.0,
        "Operating Revenue": 0.0
    },
    "2024-03-31": {
        "Tax Effect Of Unusual Items": 0.0,
        "Tax Rate For Calcs": 0.0,
        "Normalized EBITDA": -2068114.0,
        "Total Unusual Items": 13956.0,
        "Total Unusual Items Excluding Goodwill": 13956.0,
        "Net Income From Continuing Operation Net Minority Interest": -2040783.0,
        "EBITDA": -2054158.0,
        "EBIT": -2054158.0,
        "Normalized Income": -2054739.0,
        "Net Income From Continuing And Discontinued Operation": -2040783.0,
        "Total Expenses": 2054158.0,
        "Rent Expense Supplemental": NaN,
        "Total Operating Income As Reported": -2054158.0,
        "Diluted Average Shares": 4398909.0,
        "Basic Average Shares": 4398909.0,
        "Diluted EPS": -0.46,
        "Basic EPS": -0.46,
        "Diluted NI Availto Com Stockholders": -2040783.0,
        "Net Income Common Stockholders": -2040783.0,
        "Net Income": -2040783.0,
        "Net Income Including Noncontrolling Interests": -2040783.0,
        "Net Income Continuous Operations": -2040783.0,
        "Pretax Income": -2040783.0,
        "Other Income Expense": 13375.0,
        "Other Non Operating Income Expenses": NaN,
        "Earnings From Equity Interest": -581.0,
        "Gain On Sale Of Security": 13956.0,
        "Operating Income": -2054158.0,
        "Operating Expense": 2054158.0,
        "Research And Development": 465896.0,
        "Selling General And Administration": 1588262.0,
        "General And Administrative Expense": 1588262.0,
        "Other Gand A": 1588262.0,
        "Rent And Landing Fees": NaN,
        "Salaries And Wages": NaN,
        "Total Revenue": 0.0,
        "Operating Revenue": 0.0
    },
    "2024-06-30": {
        "Tax Effect Of Unusual Items": 0.0,
        "Tax Rate For Calcs": 0.0,
        "Normalized EBITDA": -1659204.0,
        "Total Unusual Items": 13365.0,
        "Total Unusual Items Excluding Goodwill": 13365.0,
        "Net Income From Continuing Operation Net Minority Interest": -1632474.0,
        "EBITDA": -1645839.0,
        "EBIT": -1645839.0,
        "Normalized Income": -1645839.0,
        "Net Income From Continuing And Discontinued Operation": -1632474.0,
        "Total Expenses": 1645839.0,
        "Rent Expense Supplemental": NaN,
        "Total Operating Income As Reported": -1645839.0,
        "Diluted Average Shares": 6876331.0,
        "Basic Average Shares": 6876331.0,
        "Diluted EPS": -0.24,
        "Basic EPS": -0.24,
        "Diluted NI Availto Com Stockholders": -1632474.0,
        "Net Income Common Stockholders": -1632474.0,
        "Net Income": -1632474.0,
        "Net Income Including Noncontrolling Interests": -1632474.0,
        "Net Income Continuous Operations": -1632474.0,
        "Pretax Income": -1632474.0,
        "Other Income Expense": 13365.0,
        "Other Non Operating Income Expenses": NaN,
        "Earnings From Equity Interest": 0.0,
        "Gain On Sale Of Security": 13365.0,
        "Operating Income": -1645839.0,
        "Operating Expense": 1645839.0,
        "Research And Development": 566335.0,
        "Selling General And Administration": 1079504.0,
        "General And Administrative Expense": 1079504.0,
        "Other Gand A": 1079504.0,
        "Rent And Landing Fees": NaN,
        "Salaries And Wages": NaN,
        "Total Revenue": 0.0,
        "Operating Revenue": 0.0
    }
}