{
    "2023-06-30": {
        "Tax Effect Of Unusual Items": -3636363.636364,
        "Tax Rate For Calcs": 0.363636,
        "Normalized EBITDA": 120000000.0,
        "Total Unusual Items": -10000000.0,
        "Total Unusual Items Excluding Goodwill": -10000000.0,
        "Net Income From Continuing Operation Net Minority Interest": 19000000.0,
        "Reconciled Depreciation": 49000000.0,
        "Reconciled Cost Of Revenue": 1092000000.0,
        "EBITDA": 110000000.0,
        "EBIT": 61000000.0,
        "Net Interest Income": -39000000.0,
        "Interest Expense": 39000000.0,
        "Normalized Income": 25363636.363636,
        "Net Income From Continuing And Discontinued Operation": 19000000.0,
        "Total Expenses": 1600000000.0,
        "Diluted Average Shares": 111300000.0,
        "Basic Average Shares": 110400000.0,
        "Diluted EPS": 0.17,
        "Basic EPS": 0.17,
        "Diluted NI Availto Com Stockholders": 19000000.0,
        "Net Income Common Stockholders": 19000000.0,
        "Net Income": 19000000.0,
        "Minority Interests": 0.0,
        "Net Income Including Noncontrolling Interests": 19000000.0,
        "Net Income Continuous Operations": 19000000.0,
        "Earnings From Equity Interest Net Of Tax": 5000000.0,
        "Tax Provision": 8000000.0,
        "Pretax Income": 22000000.0,
        "Other Income Expense": -10000000.0,
        "Other Non Operating Income Expenses": NaN,
        "Special Income Charges": -10000000.0,
        "Other Special Charges": NaN,
        "Impairment Of Capital Assets": 4000000.0,
        "Restructuring And Mergern Acquisition": 6000000.0,
        "Net Non Operating Interest Income Expense": -39000000.0,
        "Interest Expense Non Operating": 39000000.0,
        "Operating Income": 71000000.0,
        "Operating Expense": 508000000.0,
        "Other Operating Expenses": 299000000.0,
        "Depreciation Amortization Depletion Income Statement": 49000000.0,
        "Depreciation And Amortization In Income Statement": 49000000.0,
        "Selling General And Administration": 160000000.0,
        "Selling And Marketing Expense": 56000000.0,
        "General And Administrative Expense": 104000000.0,
        "Other Gand A": 104000000.0,
        "Gross Profit": 579000000.0,
        "Cost Of Revenue": 1092000000.0,
        "Total Revenue": 1671000000.0,
        "Operating Revenue": 1628000000.0
    },
    "2023-03-31": {
        "Tax Effect Of Unusual Items": -7329670.32967,
        "Tax Rate For Calcs": 0.252747,
        "Normalized EBITDA": -65000000.0,
        "Total Unusual Items": -29000000.0,
        "Total Unusual Items Excluding Goodwill": -29000000.0,
        "Net Income From Continuing Operation Net Minority Interest": -138000000.0,
        "Reconciled Depreciation": 50000000.0,
        "Reconciled Cost Of Revenue": 723000000.0,
        "EBITDA": -94000000.0,
        "EBIT": -144000000.0,
        "Net Interest Income": -38000000.0,
        "Interest Expense": 38000000.0,
        "Normalized Income": -116329670.32967,
        "Net Income From Continuing And Discontinued Operation": -138000000.0,
        "Total Expenses": 1231000000.0,
        "Diluted Average Shares": 109800000.0,
        "Basic Average Shares": 109800000.0,
        "Diluted EPS": -1.26,
        "Basic EPS": -1.26,
        "Diluted NI Availto Com Stockholders": -138000000.0,
        "Net Income Common Stockholders": -138000000.0,
        "Net Income": -138000000.0,
        "Minority Interests": 0.0,
        "Net Income Including Noncontrolling Interests": -138000000.0,
        "Net Income Continuous Operations": -138000000.0,
        "Earnings From Equity Interest Net Of Tax": -2000000.0,
        "Tax Provision": -46000000.0,
        "Pretax Income": -182000000.0,
        "Other Income Expense": -44000000.0,
        "Other Non Operating Income Expenses": -15000000.0,
        "Special Income Charges": -29000000.0,
        "Other Special Charges": NaN,
        "Impairment Of Capital Assets": 4000000.0,
        "Restructuring And Mergern Acquisition": 25000000.0,
        "Net Non Operating Interest Income Expense": -38000000.0,
        "Interest Expense Non Operating": 38000000.0,
        "Operating Income": -100000000.0,
        "Operating Expense": 508000000.0,
        "Other Operating Expenses": 286000000.0,
        "Depreciation Amortization Depletion Income Statement": 50000000.0,
        "Depreciation And Amortization In Income Statement": 50000000.0,
        "Selling General And Administration": 172000000.0,
        "Selling And Marketing Expense": 49000000.0,
        "General And Administrative Expense": 123000000.0,
        "Other Gand A": 123000000.0,
        "Gross Profit": 408000000.0,
        "Cost Of Revenue": 723000000.0,
        "Total Revenue": 1131000000.0,
        "Operating Revenue": 1099000000.0
    },
    "2022-12-31": {
        "Tax Effect Of Unusual Items": -105642857.142857,
        "Tax Rate For Calcs": 0.214286,
        "Normalized EBITDA": 25000000.0,
        "Total Unusual Items": -493000000.0,
        "Total Unusual Items Excluding Goodwill": -493000000.0,
        "Net Income From Continuing Operation Net Minority Interest": -453000000.0,
        "Reconciled Depreciation": 55000000.0,
        "Reconciled Cost Of Revenue": 855000000.0,
        "EBITDA": -468000000.0,
        "EBIT": -523000000.0,
        "Net Interest Income": -37000000.0,
        "Interest Expense": 37000000.0,
        "Normalized Income": -65642857.142857,
        "Net Income From Continuing And Discontinued Operation": -453000000.0,
        "Total Expenses": 1353000000.0,
        "Diluted Average Shares": 109300000.0,
        "Basic Average Shares": 109300000.0,
        "Diluted EPS": -4.14,
        "Basic EPS": -4.14,
        "Diluted NI Availto Com Stockholders": -453000000.0,
        "Net Income Common Stockholders": -453000000.0,
        "Net Income": -453000000.0,
        "Minority Interests": -1000000.0,
        "Net Income Including Noncontrolling Interests": -452000000.0,
        "Net Income Continuous Operations": -452000000.0,
        "Earnings From Equity Interest Net Of Tax": -12000000.0,
        "Tax Provision": -120000000.0,
        "Pretax Income": -560000000.0,
        "Other Income Expense": -493000000.0,
        "Other Non Operating Income Expenses": 0.0,
        "Special Income Charges": -493000000.0,
        "Other Special Charges": 4000000.0,
        "Impairment Of Capital Assets": 480000000.0,
        "Restructuring And Mergern Acquisition": 9000000.0,
        "Net Non Operating Interest Income Expense": -37000000.0,
        "Interest Expense Non Operating": 37000000.0,
        "Operating Income": -30000000.0,
        "Operating Expense": 498000000.0,
        "Other Operating Expenses": 295000000.0,
        "Depreciation Amortization Depletion Income Statement": 55000000.0,
        "Depreciation And Amortization In Income Statement": 55000000.0,
        "Selling General And Administration": 148000000.0,
        "Selling And Marketing Expense": 57000000.0,
        "General And Administrative Expense": 91000000.0,
        "Other Gand A": 91000000.0,
        "Gross Profit": 468000000.0,
        "Cost Of Revenue": 855000000.0,
        "Total Revenue": 1323000000.0,
        "Operating Revenue": 1285000000.0
    },
    "2022-09-30": {
        "Tax Effect Of Unusual Items": -2303030.30303,
        "Tax Rate For Calcs": 0.121212,
        "Normalized EBITDA": 168000000.0,
        "Total Unusual Items": -19000000.0,
        "Total Unusual Items Excluding Goodwill": -19000000.0,
        "Net Income From Continuing Operation Net Minority Interest": 55000000.0,
        "Reconciled Depreciation": 53000000.0,
        "Reconciled Cost Of Revenue": 1170000000.0,
        "EBITDA": 149000000.0,
        "EBIT": 96000000.0,
        "Net Interest Income": -30000000.0,
        "Interest Expense": 30000000.0,
        "Normalized Income": 71696969.69697,
        "Net Income From Continuing And Discontinued Operation": 55000000.0,
        "Total Expenses": 1694000000.0,
        "Diluted Average Shares": 113500000.0,
        "Basic Average Shares": 112200000.0,
        "Diluted EPS": 0.48,
        "Basic EPS": 0.49,
        "Diluted NI Availto Com Stockholders": 55000000.0,
        "Net Income Common Stockholders": 55000000.0,
        "Net Income": 55000000.0,
        "Minority Interests": -1000000.0,
        "Net Income Including Noncontrolling Interests": 56000000.0,
        "Net Income Continuous Operations": 56000000.0,
        "Earnings From Equity Interest Net Of Tax": -2000000.0,
        "Tax Provision": 8000000.0,
        "Pretax Income": 66000000.0,
        "Other Income Expense": -18000000.0,
        "Other Non Operating Income Expenses": 1000000.0,
        "Special Income Charges": -19000000.0,
        "Other Special Charges": NaN,
        "Impairment Of Capital Assets": 3000000.0,
        "Restructuring And Mergern Acquisition": 16000000.0,
        "Net Non Operating Interest Income Expense": -30000000.0,
        "Interest Expense Non Operating": 30000000.0,
        "Operating Income": 114000000.0,
        "Operating Expense": 524000000.0,
        "Other Operating Expenses": 320000000.0,
        "Depreciation Amortization Depletion Income Statement": 53000000.0,
        "Depreciation And Amortization In Income Statement": 53000000.0,
        "Selling General And Administration": 151000000.0,
        "Selling And Marketing Expense": 59000000.0,
        "General And Administrative Expense": 92000000.0,
        "Other Gand A": 92000000.0,
        "Gross Profit": 638000000.0,
        "Cost Of Revenue": 1170000000.0,
        "Total Revenue": 1808000000.0,
        "Operating Revenue": 1772000000.0
    },
    "2022-06-30": {
        "Tax Effect Of Unusual Items": -761904.761905,
        "Tax Rate For Calcs": 0.253968,
        "Normalized EBITDA": 212000000.0,
        "Total Unusual Items": -3000000.0,
        "Total Unusual Items Excluding Goodwill": -3000000.0,
        "Net Income From Continuing Operation Net Minority Interest": 88000000.0,
        "Reconciled Depreciation": 55000000.0,
        "Reconciled Cost Of Revenue": 1402000000.0,
        "EBITDA": 209000000.0,
        "EBIT": 154000000.0,
        "Net Interest Income": -28000000.0,
        "Interest Expense": 28000000.0,
        "Normalized Income": 90238095.238095,
        "Net Income From Continuing And Discontinued Operation": 88000000.0,
        "Total Expenses": 1992000000.0,
        "Diluted Average Shares": 117800000.0,
        "Basic Average Shares": 116500000.0,
        "Diluted EPS": 0.75,
        "Basic EPS": 0.76,
        "Diluted NI Availto Com Stockholders": 88000000.0,
        "Net Income Common Stockholders": 88000000.0,
        "Net Income": 88000000.0,
        "Minority Interests": -2000000.0,
        "Net Income Including Noncontrolling Interests": 90000000.0,
        "Net Income Continuous Operations": 90000000.0,
        "Earnings From Equity Interest Net Of Tax": -4000000.0,
        "Tax Provision": 32000000.0,
        "Pretax Income": 126000000.0,
        "Other Income Expense": 4000000.0,
        "Other Non Operating Income Expenses": 7000000.0,
        "Special Income Charges": -3000000.0,
        "Other Special Charges": NaN,
        "Impairment Of Capital Assets": 0.0,
        "Restructuring And Mergern Acquisition": 3000000.0,
        "Net Non Operating Interest Income Expense": -28000000.0,
        "Interest Expense Non Operating": 28000000.0,
        "Operating Income": 150000000.0,
        "Operating Expense": 590000000.0,
        "Other Operating Expenses": 356000000.0,
        "Depreciation Amortization Depletion Income Statement": 55000000.0,
        "Depreciation And Amortization In Income Statement": 55000000.0,
        "Selling General And Administration": 179000000.0,
        "Selling And Marketing Expense": 72000000.0,
        "General And Administrative Expense": 107000000.0,
        "Other Gand A": 107000000.0,
        "Gross Profit": 740000000.0,
        "Cost Of Revenue": 1402000000.0,
        "Total Revenue": 2142000000.0,
        "Operating Revenue": 2099000000.0
    },
    "2022-03-31": {
        "Diluted EPS": 0.19,
        "Total Revenue": NaN,
        "Gross Profit": 647,
        "Operating Income": 24,
        "EBIT": 78,
        "Net Income": 23
    },
    "2021-12-31": {
        "Diluted EPS": 0.37,
        "Total Revenue": NaN,
        "Gross Profit": 788,
        "Operating Income": 106,
        "EBIT": 164,
        "Net Income": 47
    },
    "2021-09-30": {
        "Diluted EPS": 0.95,
        "Total Revenue": NaN,
        "Gross Profit": 877,
        "Operating Income": 209,
        "EBIT": 265,
        "Net Income": 114
    },
    "2021-06-30": {
        "Diluted EPS": 1.25,
        "Total Revenue": NaN,
        "Gross Profit": 903,
        "Operating Income": 243,
        "EBIT": 297,
        "Net Income": 149
    },
    "2021-03-31": {
        "Diluted EPS": 0.28,
        "Total Revenue": NaN,
        "Gross Profit": 662,
        "Operating Income": 73,
        "EBIT": 127,
        "Net Income": 33
    },
    "2020-12-31": {
        "Diluted EPS": 0.18,
        "Total Revenue": NaN,
        "Gross Profit": 782,
        "Operating Income": 26,
        "EBIT": 81,
        "Net Income": 18
    },
    "2020-09-30": {
        "Diluted EPS": 0.84,
        "Total Revenue": NaN,
        "Gross Profit": 804,
        "Operating Income": 130,
        "EBIT": 176,
        "Net Income": 98
    },
    "2020-06-30": {
        "Diluted EPS": -0.12,
        "Total Revenue": NaN,
        "Gross Profit": 570,
        "Operating Income": 13,
        "EBIT": 62,
        "Net Income": -14
    },
    "2020-03-31": {
        "Diluted EPS": -4.03,
        "Total Revenue": NaN,
        "Gross Profit": 538,
        "Operating Income": -511,
        "EBIT": -464,
        "Net Income": -462
    },
    "2019-12-31": {
        "Diluted EPS": -0.39,
        "Total Revenue": NaN,
        "Gross Profit": 851,
        "Operating Income": 25,
        "EBIT": 97,
        "Net Income": -45
    },
    "2019-09-30": {
        "Diluted EPS": -0.99,
        "Total Revenue": NaN,
        "Gross Profit": 675,
        "Operating Income": -94,
        "EBIT": -50,
        "Net Income": -113
    },
    "2019-06-30": {
        "Diluted EPS": 0.6,
        "Total Revenue": NaN,
        "Gross Profit": 709,
        "Operating Income": 175,
        "EBIT": 220,
        "Net Income": 69
    },
    "2019-03-31": {
        "Diluted EPS": -0.87,
        "Total Revenue": NaN,
        "Gross Profit": 479,
        "Operating Income": -50,
        "EBIT": -6,
        "Net Income": -99
    },
    "2018-12-31": {
        "Diluted EPS": -0.19,
        "Total Revenue": NaN,
        "Gross Profit": 628,
        "Operating Income": 42,
        "EBIT": 95,
        "Net Income": -22
    },
    "2018-09-30": {
        "Diluted EPS": 0.83,
        "Total Revenue": NaN,
        "Gross Profit": 774,
        "Operating Income": 186,
        "EBIT": 239,
        "Net Income": 103
    },
    "2018-06-30": {
        "Diluted EPS": 0.96,
        "Total Revenue": NaN,
        "Gross Profit": 811,
        "Operating Income": 220,
        "EBIT": 272,
        "Net Income": 123
    },
    "2018-03-31": {
        "Diluted EPS": -0.51,
        "Total Revenue": NaN,
        "Gross Profit": 584,
        "Operating Income": -42,
        "EBIT": 10,
        "Net Income": -67
    },
    "2017-12-31": {
        "Diluted EPS": 1.84,
        "Total Revenue": NaN,
        "Gross Profit": 372,
        "Operating Income": 73,
        "EBIT": 94,
        "Net Income": 255
    },
    "2017-09-30": {
        "Diluted EPS": 0.69,
        "Total Revenue": NaN,
        "Gross Profit": 787,
        "Operating Income": 195,
        "EBIT": 249,
        "Net Income": 95
    },
    "2017-06-30": {
        "Diluted EPS": 0.78,
        "Total Revenue": NaN,
        "Gross Profit": 823,
        "Operating Income": 230,
        "EBIT": 283,
        "Net Income": 109
    },
    "2017-03-31": {
        "Diluted EPS": -0.2,
        "Total Revenue": NaN,
        "Gross Profit": 598,
        "Operating Income": 9,
        "EBIT": 63,
        "Net Income": -28
    },
    "2016-12-31": {
        "Diluted EPS": 0.39,
        "Total Revenue": NaN,
        "Gross Profit": 681,
        "Operating Income": 91,
        "EBIT": 148,
        "Net Income": 57
    },
    "2016-09-30": {
        "Diluted EPS": 0.73,
        "Total Revenue": NaN,
        "Gross Profit": 810,
        "Operating Income": 212,
        "EBIT": 269,
        "Net Income": 106
    },
    "2016-06-30": {
        "Diluted EPS": 0.63,
        "Total Revenue": NaN,
        "Gross Profit": 798,
        "Operating Income": 212,
        "EBIT": 264,
        "Net Income": 92
    },
    "2016-03-31": {
        "Diluted EPS": -0.29,
        "Total Revenue": NaN,
        "Gross Profit": 576,
        "Operating Income": 7,
        "EBIT": 59,
        "Net Income": -42
    },
    "2015-12-31": {
        "Diluted EPS": 0.06,
        "Total Revenue": NaN,
        "Gross Profit": 656,
        "Operating Income": 92,
        "EBIT": 145,
        "Net Income": 9
    },
    "2015-09-30": {
        "Diluted EPS": 0.74,
        "Total Revenue": NaN,
        "Gross Profit": 813,
        "Operating Income": 250,
        "EBIT": 309,
        "Net Income": 110
    },
    "2015-06-30": {
        "Diluted EPS": 0.66,
        "Total Revenue": NaN,
        "Gross Profit": 774,
        "Operating Income": 206,
        "EBIT": 263,
        "Net Income": 97
    },
    "2015-03-31": {
        "Diluted EPS": -0.22,
        "Total Revenue": NaN,
        "Gross Profit": 532,
        "Operating Income": 10,
        "EBIT": 60,
        "Net Income": -32
    },
    "2014-12-31": {
        "Diluted EPS": 0.15,
        "Total Revenue": NaN,
        "Gross Profit": 622,
        "Operating Income": 109,
        "EBIT": 163,
        "Net Income": 21
    },
    "2014-09-30": {
        "Diluted EPS": 0.68,
        "Total Revenue": NaN,
        "Gross Profit": 736,
        "Operating Income": 220,
        "EBIT": 273,
        "Net Income": 100
    },
    "2014-06-30": {
        "Diluted EPS": 0.46,
        "Total Revenue": NaN,
        "Gross Profit": 708,
        "Operating Income": 205,
        "EBIT": 255,
        "Net Income": 68
    },
    "2014-03-31": {
        "Diluted EPS": -0.32,
        "Total Revenue": NaN,
        "Gross Profit": 507,
        "Operating Income": 3,
        "EBIT": 53,
        "Net Income": -46
    },
    "2013-12-31": {
        "Diluted EPS": 2.2,
        "Total Revenue": NaN,
        "Gross Profit": 605,
        "Operating Income": 106,
        "EBIT": 153,
        "Net Income": 320
    },
    "2013-09-30": {
        "Diluted EPS": 0.74,
        "Total Revenue": NaN,
        "Gross Profit": 757,
        "Operating Income": 211,
        "EBIT": 259,
        "Net Income": 109
    },
    "2013-06-30": {
        "Diluted EPS": 0.57,
        "Total Revenue": NaN,
        "Gross Profit": 733,
        "Operating Income": 192,
        "EBIT": 240,
        "Net Income": 84
    },
    "2013-03-31": {
        "Diluted EPS": -0.52,
        "Total Revenue": 957,
        "Gross Profit": 503,
        "Operating Income": 16,
        "EBIT": 61,
        "Net Income": -75
    },
    "2012-12-31": {
        "Diluted EPS": 16.9,
        "Total Revenue": NaN,
        "Gross Profit": 585,
        "Operating Income": 68,
        "EBIT": 113,
        "Net Income": -292
    },
    "2012-09-30": {
        "Diluted EPS": -4.24,
        "Total Revenue": NaN,
        "Gross Profit": 648,
        "Operating Income": 151,
        "EBIT": 197,
        "Net Income": -34
    },
    "2012-06-30": {
        "Diluted EPS": -3.12,
        "Total Revenue": NaN,
        "Gross Profit": 647,
        "Operating Income": 145,
        "EBIT": 193,
        "Net Income": -25
    },
    "2012-03-31": {
        "Diluted EPS": -23.95,
        "Total Revenue": 875,
        "Gross Profit": 473,
        "Operating Income": -18,
        "EBIT": 31,
        "Net Income": -192
    },
    "2011-12-31": {
        "Diluted EPS": -0.77,
        "Total Revenue": 928,
        "Gross Profit": 60,
        "Operating Income": 23,
        "EBIT": 75,
        "Net Income": -154
    },
    "2011-09-30": {
        "Diluted EPS": -3.49,
        "Total Revenue": NaN,
        "Gross Profit": 608,
        "Operating Income": 131,
        "EBIT": 181,
        "Net Income": -28
    },
    "2011-06-30": {
        "Diluted EPS": -0.11,
        "Total Revenue": NaN,
        "Gross Profit": 602,
        "Operating Income": 137,
        "EBIT": 188,
        "Net Income": -22
    },
    "2011-03-31": {
        "Diluted EPS": -1.18,
        "Total Revenue": 831,
        "Gross Profit": 457,
        "Operating Income": -21,
        "EBIT": 30,
        "Net Income": -237
    },
    "2010-12-31": {
        "Diluted EPS": -0.45,
        "Total Revenue": 966,
        "Gross Profit": 966,
        "Operating Income": 966,
        "EBIT": 966,
        "Net Income": -91
    },
    "2010-09-30": {
        "Diluted EPS": -0.16,
        "Total Revenue": NaN,
        "Gross Profit": NaN,
        "Operating Income": NaN,
        "EBIT": NaN,
        "Net Income": -33
    },
    "2010-06-30": {
        "Diluted EPS": 1.11,
        "Total Revenue": NaN,
        "Gross Profit": NaN,
        "Operating Income": NaN,
        "EBIT": NaN,
        "Net Income": 222
    },
    "2010-03-31": {
        "Diluted EPS": -0.98,
        "Total Revenue": 819,
        "Gross Profit": 819,
        "Operating Income": 819,
        "EBIT": 819,
        "Net Income": -197
    },
    "2023-09-30": {
        "Tax Effect Of Unusual Items": 41558823.529412,
        "Tax Rate For Calcs": 0.264706,
        "Normalized EBITDA": 100000000.0,
        "Total Unusual Items": 157000000.0,
        "Total Unusual Items Excluding Goodwill": 157000000.0,
        "Net Income From Continuing Operation Net Minority Interest": 129000000.0,
        "Reconciled Depreciation": 50000000.0,
        "Reconciled Cost Of Revenue": 1037000000.0,
        "EBITDA": 257000000.0,
        "EBIT": 207000000.0,
        "Net Interest Income": -37000000.0,
        "Interest Expense": 37000000.0,
        "Normalized Income": 13558823.529412,
        "Net Income From Continuing And Discontinued Operation": 129000000.0,
        "Total Expenses": 1531000000.0,
        "Diluted Average Shares": 112100000.0,
        "Basic Average Shares": 110500000.0,
        "Diluted EPS": 1.15,
        "Basic EPS": 1.17,
        "Diluted NI Availto Com Stockholders": 129000000.0,
        "Net Income Common Stockholders": 129000000.0,
        "Net Income": 129000000.0,
        "Minority Interests": 0.0,
        "Net Income Including Noncontrolling Interests": 129000000.0,
        "Net Income Continuous Operations": 129000000.0,
        "Earnings From Equity Interest Net Of Tax": 4000000.0,
        "Tax Provision": 45000000.0,
        "Pretax Income": 170000000.0,
        "Other Income Expense": 154000000.0,
        "Other Non Operating Income Expenses": -3000000.0,
        "Special Income Charges": 157000000.0,
        "Other Special Charges": -169000000.0,
        "Impairment Of Capital Assets": 3000000.0,
        "Restructuring And Mergern Acquisition": 9000000.0,
        "Net Non Operating Interest Income Expense": -37000000.0,
        "Interest Expense Non Operating": 37000000.0,
        "Operating Income": 53000000.0,
        "Operating Expense": 494000000.0,
        "Other Operating Expenses": 284000000.0,
        "Depreciation Amortization Depletion Income Statement": 50000000.0,
        "Depreciation And Amortization In Income Statement": 50000000.0,
        "Selling General And Administration": 160000000.0,
        "Selling And Marketing Expense": 56000000.0,
        "General And Administrative Expense": 104000000.0,
        "Other Gand A": 104000000.0,
        "Gross Profit": 547000000.0,
        "Cost Of Revenue": 1037000000.0,
        "Total Revenue": 1584000000.0,
        "Operating Revenue": 1547000000.0
    }
}