{
    "2023-03-31": {
        "Tax Effect Of Unusual Items": 0.0,
        "Tax Rate For Calcs": 0.0,
        "Normalized EBITDA": -11385000.0,
        "Net Income From Continuing Operation Net Minority Interest": -11982000.0,
        "Reconciled Depreciation": 425000.0,
        "EBITDA": -11385000.0,
        "EBIT": -11810000.0,
        "Net Interest Income": 1347000.0,
        "Interest Expense": 172000.0,
        "Interest Income": 1519000.0,
        "Normalized Income": -11982000.0,
        "Net Income From Continuing And Discontinued Operation": -11982000.0,
        "Total Expenses": 16687000.0,
        "Total Operating Income As Reported": -12223000.0,
        "Diluted Average Shares": 34784682.0,
        "Basic Average Shares": 34784682.0,
        "Diluted EPS": -0.34,
        "Basic EPS": -0.34,
        "Diluted NI Availto Com Stockholders": -11982000.0,
        "Net Income Common Stockholders": -11982000.0,
        "Otherunder Preferred Stock Dividend": NaN,
        "Net Income": -11982000.0,
        "Net Income Including Noncontrolling Interests": -11982000.0,
        "Net Income Continuous Operations": -11982000.0,
        "Pretax Income": -11982000.0,
        "Other Income Expense": -1106000.0,
        "Other Non Operating Income Expenses": -1106000.0,
        "Net Non Operating Interest Income Expense": 1347000.0,
        "Interest Expense Non Operating": 172000.0,
        "Interest Income Non Operating": 1519000.0,
        "Operating Income": -12223000.0,
        "Operating Expense": 16687000.0,
        "Research And Development": 11706000.0,
        "Selling General And Administration": 4981000.0,
        "General And Administrative Expense": 4981000.0,
        "Other Gand A": 1757000.0,
        "Insurance And Claims": 684000.0,
        "Salaries And Wages": 2540000.0,
        "Total Revenue": 4464000.0,
        "Operating Revenue": 4464000.0
    },
    "2022-12-31": {
        "Tax Effect Of Unusual Items": NaN,
        "Tax Rate For Calcs": NaN,
        "Normalized EBITDA": NaN,
        "Net Income From Continuing Operation Net Minority Interest": NaN,
        "Reconciled Depreciation": NaN,
        "EBITDA": NaN,
        "EBIT": NaN,
        "Net Interest Income": NaN,
        "Interest Expense": NaN,
        "Interest Income": NaN,
        "Normalized Income": NaN,
        "Net Income From Continuing And Discontinued Operation": NaN,
        "Total Expenses": NaN,
        "Total Operating Income As Reported": NaN,
        "Diluted Average Shares": 30735000.0,
        "Basic Average Shares": 30735000.0,
        "Diluted EPS": -0.39,
        "Basic EPS": -0.39,
        "Diluted NI Availto Com Stockholders": NaN,
        "Net Income Common Stockholders": NaN,
        "Otherunder Preferred Stock Dividend": 0.0,
        "Net Income": NaN,
        "Net Income Including Noncontrolling Interests": NaN,
        "Net Income Continuous Operations": NaN,
        "Pretax Income": NaN,
        "Other Income Expense": NaN,
        "Other Non Operating Income Expenses": NaN,
        "Net Non Operating Interest Income Expense": NaN,
        "Interest Expense Non Operating": NaN,
        "Interest Income Non Operating": NaN,
        "Operating Income": NaN,
        "Operating Expense": NaN,
        "Research And Development": NaN,
        "Selling General And Administration": NaN,
        "General And Administrative Expense": NaN,
        "Other Gand A": NaN,
        "Insurance And Claims": NaN,
        "Salaries And Wages": NaN,
        "Total Revenue": NaN,
        "Operating Revenue": NaN
    },
    "2022-09-30": {
        "Tax Effect Of Unusual Items": NaN,
        "Tax Rate For Calcs": NaN,
        "Normalized EBITDA": NaN,
        "Net Income From Continuing Operation Net Minority Interest": NaN,
        "Reconciled Depreciation": NaN,
        "EBITDA": NaN,
        "EBIT": NaN,
        "Net Interest Income": NaN,
        "Interest Expense": NaN,
        "Interest Income": NaN,
        "Normalized Income": NaN,
        "Net Income From Continuing And Discontinued Operation": NaN,
        "Total Expenses": NaN,
        "Total Operating Income As Reported": NaN,
        "Diluted Average Shares": NaN,
        "Basic Average Shares": NaN,
        "Diluted EPS": NaN,
        "Basic EPS": NaN,
        "Diluted NI Availto Com Stockholders": NaN,
        "Net Income Common Stockholders": NaN,
        "Otherunder Preferred Stock Dividend": 0.0,
        "Net Income": NaN,
        "Net Income Including Noncontrolling Interests": NaN,
        "Net Income Continuous Operations": NaN,
        "Pretax Income": NaN,
        "Other Income Expense": NaN,
        "Other Non Operating Income Expenses": NaN,
        "Net Non Operating Interest Income Expense": NaN,
        "Interest Expense Non Operating": NaN,
        "Interest Income Non Operating": NaN,
        "Operating Income": NaN,
        "Operating Expense": NaN,
        "Research And Development": NaN,
        "Selling General And Administration": NaN,
        "General And Administrative Expense": NaN,
        "Other Gand A": NaN,
        "Insurance And Claims": NaN,
        "Salaries And Wages": NaN,
        "Total Revenue": NaN,
        "Operating Revenue": NaN
    },
    "2022-06-30": {
        "Tax Effect Of Unusual Items": 0.0,
        "Tax Rate For Calcs": 0.0,
        "Normalized EBITDA": -14787000.0,
        "Net Income From Continuing Operation Net Minority Interest": -14594000.0,
        "Reconciled Depreciation": 185000.0,
        "EBITDA": -14787000.0,
        "EBIT": -14972000.0,
        "Net Interest Income": 97000.0,
        "Interest Income": 97000.0,
        "Normalized Income": -14594000.0,
        "Net Income From Continuing And Discontinued Operation": -14594000.0,
        "Total Expenses": 19120000.0,
        "Total Operating Income As Reported": -14972000.0,
        "Diluted Average Shares": 27517000.0,
        "Basic Average Shares": 27517000.0,
        "Diluted EPS": -0.53,
        "Basic EPS": -0.53,
        "Diluted NI Availto Com Stockholders": -14594000.0,
        "Net Income Common Stockholders": -14594000.0,
        "Otherunder Preferred Stock Dividend": 0.0,
        "Net Income": -14594000.0,
        "Net Income Including Noncontrolling Interests": -14594000.0,
        "Net Income Continuous Operations": -14594000.0,
        "Pretax Income": -14594000.0,
        "Other Income Expense": 281000.0,
        "Other Non Operating Income Expenses": 281000.0,
        "Net Non Operating Interest Income Expense": 97000.0,
        "Interest Income Non Operating": 97000.0,
        "Operating Income": -14972000.0,
        "Operating Expense": 19120000.0,
        "Research And Development": 13887000.0,
        "Selling General And Administration": 5233000.0,
        "General And Administrative Expense": 5233000.0,
        "Other Gand A": 2976000.0,
        "Insurance And Claims": NaN,
        "Salaries And Wages": 2257000.0,
        "Total Revenue": 4148000.0,
        "Operating Revenue": 4148000.0
    },
    "2022-03-31": {
        "Diluted EPS": -0.56,
        "Total Revenue": NaN,
        "Gross Profit": NaN,
        "Operating Income": -15,
        "EBIT": -15,
        "Net Income": -15
    },
    "2021-12-31": {
        "Diluted EPS": 76.75,
        "Total Revenue": NaN,
        "Gross Profit": NaN,
        "Operating Income": -18,
        "EBIT": -18,
        "Net Income": -18
    },
    "2021-09-30": {
        "Diluted EPS": -0.51,
        "Total Revenue": NaN,
        "Gross Profit": NaN,
        "Operating Income": -14,
        "EBIT": -14,
        "Net Income": -14
    },
    "2021-06-30": {
        "Diluted EPS": -3.82,
        "Total Revenue": NaN,
        "Gross Profit": NaN,
        "Operating Income": -11,
        "EBIT": -11,
        "Net Income": -68
    },
    "2021-03-31": {
        "Diluted EPS": -83.36,
        "Total Revenue": NaN,
        "Gross Profit": NaN,
        "Operating Income": -7,
        "EBIT": -7,
        "Net Income": -102
    },
    "2020-12-31": {
        "Diluted EPS": -17.11,
        "Total Revenue": NaN,
        "Gross Profit": NaN,
        "Operating Income": -7,
        "EBIT": -7,
        "Net Income": -7
    },
    "2020-09-30": {
        "Diluted EPS": -6.61,
        "Total Revenue": NaN,
        "Gross Profit": NaN,
        "Operating Income": -6,
        "EBIT": -6,
        "Net Income": -6
    },
    "2020-06-30": {
        "Diluted EPS": 0.22,
        "Total Revenue": NaN,
        "Gross Profit": NaN,
        "Operating Income": -5,
        "EBIT": -5,
        "Net Income": 2
    },
    "2020-03-31": {
        "Diluted EPS": -4.58,
        "Total Revenue": NaN,
        "Gross Profit": NaN,
        "Operating Income": -4,
        "EBIT": -4,
        "Net Income": -4
    },
    "2019-12-31": {
        "Diluted EPS": 0.0,
        "Total Revenue": NaN,
        "Gross Profit": NaN,
        "Operating Income": NaN,
        "EBIT": NaN,
        "Net Income": NaN
    },
    "2023-06-30": {
        "Tax Effect Of Unusual Items": 0.0,
        "Tax Rate For Calcs": 0.0,
        "Normalized EBITDA": -5633000.0,
        "Net Income From Continuing Operation Net Minority Interest": -5098000.0,
        "Reconciled Depreciation": 434000.0,
        "EBITDA": -5633000.0,
        "EBIT": -6067000.0,
        "Net Interest Income": 994000.0,
        "Interest Expense": NaN,
        "Interest Income": 994000.0,
        "Normalized Income": -5098000.0,
        "Net Income From Continuing And Discontinued Operation": -5098000.0,
        "Total Expenses": 14148000.0,
        "Total Operating Income As Reported": -6067000.0,
        "Diluted Average Shares": 35558000.0,
        "Basic Average Shares": 35558000.0,
        "Diluted EPS": -0.14,
        "Basic EPS": -0.14,
        "Diluted NI Availto Com Stockholders": -5098000.0,
        "Net Income Common Stockholders": -5098000.0,
        "Otherunder Preferred Stock Dividend": NaN,
        "Net Income": -5098000.0,
        "Net Income Including Noncontrolling Interests": -5098000.0,
        "Net Income Continuous Operations": -5098000.0,
        "Pretax Income": -5098000.0,
        "Other Income Expense": -25000.0,
        "Other Non Operating Income Expenses": -25000.0,
        "Net Non Operating Interest Income Expense": 994000.0,
        "Interest Expense Non Operating": NaN,
        "Interest Income Non Operating": 994000.0,
        "Operating Income": -6067000.0,
        "Operating Expense": 14148000.0,
        "Research And Development": 9583000.0,
        "Selling General And Administration": 4565000.0,
        "General And Administrative Expense": 4565000.0,
        "Other Gand A": 1883000.0,
        "Insurance And Claims": 447000.0,
        "Salaries And Wages": 2235000.0,
        "Total Revenue": 8081000.0,
        "Operating Revenue": 8081000.0
    },
    "2023-09-30": {
        "Tax Effect Of Unusual Items": 0.0,
        "Tax Rate For Calcs": 0.0,
        "Normalized EBITDA": -8806000.0,
        "Net Income From Continuing Operation Net Minority Interest": -8285000.0,
        "Reconciled Depreciation": 445000.0,
        "EBITDA": -8806000.0,
        "EBIT": -9251000.0,
        "Net Interest Income": 971000.0,
        "Interest Expense": NaN,
        "Interest Income": 971000.0,
        "Normalized Income": -8285000.0,
        "Net Income From Continuing And Discontinued Operation": -8285000.0,
        "Total Expenses": 15148000.0,
        "Total Operating Income As Reported": -9251000.0,
        "Diluted Average Shares": 35654000.0,
        "Basic Average Shares": 35654000.0,
        "Diluted EPS": -0.23,
        "Basic EPS": -0.23,
        "Diluted NI Availto Com Stockholders": -8285000.0,
        "Net Income Common Stockholders": -8285000.0,
        "Otherunder Preferred Stock Dividend": NaN,
        "Net Income": -8285000.0,
        "Net Income Including Noncontrolling Interests": -8285000.0,
        "Net Income Continuous Operations": -8285000.0,
        "Pretax Income": -8285000.0,
        "Other Income Expense": -5000.0,
        "Other Non Operating Income Expenses": -5000.0,
        "Net Non Operating Interest Income Expense": 971000.0,
        "Interest Expense Non Operating": NaN,
        "Interest Income Non Operating": 971000.0,
        "Operating Income": -9251000.0,
        "Operating Expense": 15148000.0,
        "Research And Development": 10838000.0,
        "Selling General And Administration": 4310000.0,
        "General And Administrative Expense": 4310000.0,
        "Other Gand A": 1776000.0,
        "Insurance And Claims": 330000.0,
        "Salaries And Wages": 2204000.0,
        "Total Revenue": 5897000.0,
        "Operating Revenue": 5897000.0
    },
    "2023-12-31": {
        "Tax Effect Of Unusual Items": 0.0,
        "Tax Rate For Calcs": 0.0,
        "Normalized EBITDA": -6228000.0,
        "Net Income From Continuing Operation Net Minority Interest": -12003000.0,
        "Reconciled Depreciation": 460000.0,
        "EBITDA": -6228000.0,
        "EBIT": -6688000.0,
        "Net Interest Income": 965000.0,
        "Interest Expense": NaN,
        "Interest Income": 4104000.0,
        "Normalized Income": -12003000.0,
        "Net Income From Continuing And Discontinued Operation": -12003000.0,
        "Total Expenses": 14463000.0,
        "Total Operating Income As Reported": -12962000.0,
        "Diluted Average Shares": NaN,
        "Basic Average Shares": NaN,
        "Diluted EPS": NaN,
        "Basic EPS": NaN,
        "Diluted NI Availto Com Stockholders": -12003000.0,
        "Net Income Common Stockholders": -12003000.0,
        "Otherunder Preferred Stock Dividend": NaN,
        "Net Income": -12003000.0,
        "Net Income Including Noncontrolling Interests": -12003000.0,
        "Net Income Continuous Operations": -12003000.0,
        "Pretax Income": -12003000.0,
        "Other Income Expense": -6000.0,
        "Other Non Operating Income Expenses": -6000.0,
        "Net Non Operating Interest Income Expense": 965000.0,
        "Interest Expense Non Operating": NaN,
        "Interest Income Non Operating": 4104000.0,
        "Operating Income": -12962000.0,
        "Operating Expense": 14463000.0,
        "Research And Development": 9649000.0,
        "Selling General And Administration": 4814000.0,
        "General And Administrative Expense": 4814000.0,
        "Other Gand A": 2287000.0,
        "Insurance And Claims": 319000.0,
        "Salaries And Wages": 2208000.0,
        "Total Revenue": 1501000.0,
        "Operating Revenue": 1501000.0
    },
    "2024-03-31": {
        "Tax Effect Of Unusual Items": 0.0,
        "Tax Rate For Calcs": 0.0,
        "Normalized EBITDA": -14726000.0,
        "Net Income From Continuing Operation Net Minority Interest": -16193000.0,
        "Reconciled Depreciation": 464000.0,
        "EBITDA": -14726000.0,
        "EBIT": -15190000.0,
        "Net Interest Income": 970000.0,
        "Interest Expense": 1003000.0,
        "Interest Income": 1973000.0,
        "Normalized Income": -16193000.0,
        "Net Income From Continuing And Discontinued Operation": -16193000.0,
        "Total Expenses": 17904000.0,
        "Total Operating Income As Reported": -17162000.0,
        "Diluted Average Shares": 41607279.0,
        "Basic Average Shares": 41607279.0,
        "Diluted EPS": -0.39,
        "Basic EPS": -0.39,
        "Diluted NI Availto Com Stockholders": -16193000.0,
        "Net Income Common Stockholders": -16193000.0,
        "Otherunder Preferred Stock Dividend": NaN,
        "Net Income": -16193000.0,
        "Net Income Including Noncontrolling Interests": -16193000.0,
        "Net Income Continuous Operations": -16193000.0,
        "Pretax Income": -16193000.0,
        "Other Income Expense": -1000.0,
        "Other Non Operating Income Expenses": -1000.0,
        "Net Non Operating Interest Income Expense": 970000.0,
        "Interest Expense Non Operating": 1003000.0,
        "Interest Income Non Operating": 1973000.0,
        "Operating Income": -17162000.0,
        "Operating Expense": 17904000.0,
        "Research And Development": 12908000.0,
        "Selling General And Administration": 4996000.0,
        "General And Administrative Expense": 4996000.0,
        "Other Gand A": 2075000.0,
        "Insurance And Claims": 322000.0,
        "Salaries And Wages": 2599000.0,
        "Total Revenue": 742000.0,
        "Operating Revenue": 742000.0
    }
}