{
    "2023-06-30": {
        "Tax Effect Of Unusual Items": NaN,
        "Tax Rate For Calcs": NaN,
        "Normalized EBITDA": NaN,
        "Total Unusual Items": NaN,
        "Total Unusual Items Excluding Goodwill": NaN,
        "Net Income From Continuing Operation Net Minority Interest": NaN,
        "Reconciled Depreciation": NaN,
        "Reconciled Cost Of Revenue": NaN,
        "EBITDA": NaN,
        "EBIT": NaN,
        "Net Interest Income": NaN,
        "Interest Expense": NaN,
        "Interest Income": NaN,
        "Normalized Income": NaN,
        "Net Income From Continuing And Discontinued Operation": NaN,
        "Total Expenses": NaN,
        "Total Operating Income As Reported": NaN,
        "Diluted Average Shares": NaN,
        "Basic Average Shares": NaN,
        "Diluted EPS": NaN,
        "Basic EPS": NaN,
        "Diluted NI Availto Com Stockholders": NaN,
        "Average Dilution Earnings": NaN,
        "Net Income Common Stockholders": NaN,
        "Otherunder Preferred Stock Dividend": NaN,
        "Net Income": NaN,
        "Net Income Including Noncontrolling Interests": NaN,
        "Net Income Discontinuous Operations": 13000.0,
        "Net Income Continuous Operations": NaN,
        "Tax Provision": NaN,
        "Pretax Income": NaN,
        "Other Income Expense": NaN,
        "Other Non Operating Income Expenses": NaN,
        "Special Income Charges": NaN,
        "Gain On Sale Of Ppe": NaN,
        "Impairment Of Capital Assets": NaN,
        "Restructuring And Mergern Acquisition": 0.0,
        "Gain On Sale Of Security": NaN,
        "Net Non Operating Interest Income Expense": NaN,
        "Interest Expense Non Operating": NaN,
        "Interest Income Non Operating": NaN,
        "Operating Income": NaN,
        "Operating Expense": NaN,
        "Other Operating Expenses": NaN,
        "Research And Development": NaN,
        "Selling General And Administration": NaN,
        "Gross Profit": NaN,
        "Cost Of Revenue": NaN,
        "Total Revenue": NaN,
        "Operating Revenue": NaN
    },
    "2023-03-31": {
        "Tax Effect Of Unusual Items": NaN,
        "Tax Rate For Calcs": NaN,
        "Normalized EBITDA": NaN,
        "Total Unusual Items": NaN,
        "Total Unusual Items Excluding Goodwill": NaN,
        "Net Income From Continuing Operation Net Minority Interest": NaN,
        "Reconciled Depreciation": NaN,
        "Reconciled Cost Of Revenue": NaN,
        "EBITDA": NaN,
        "EBIT": NaN,
        "Net Interest Income": NaN,
        "Interest Expense": NaN,
        "Interest Income": NaN,
        "Normalized Income": NaN,
        "Net Income From Continuing And Discontinued Operation": NaN,
        "Total Expenses": NaN,
        "Total Operating Income As Reported": NaN,
        "Diluted Average Shares": NaN,
        "Basic Average Shares": NaN,
        "Diluted EPS": NaN,
        "Basic EPS": NaN,
        "Diluted NI Availto Com Stockholders": NaN,
        "Average Dilution Earnings": NaN,
        "Net Income Common Stockholders": NaN,
        "Otherunder Preferred Stock Dividend": NaN,
        "Net Income": NaN,
        "Net Income Including Noncontrolling Interests": NaN,
        "Net Income Discontinuous Operations": 139000.0,
        "Net Income Continuous Operations": NaN,
        "Tax Provision": NaN,
        "Pretax Income": NaN,
        "Other Income Expense": NaN,
        "Other Non Operating Income Expenses": NaN,
        "Special Income Charges": NaN,
        "Gain On Sale Of Ppe": NaN,
        "Impairment Of Capital Assets": NaN,
        "Restructuring And Mergern Acquisition": 0.0,
        "Gain On Sale Of Security": NaN,
        "Net Non Operating Interest Income Expense": NaN,
        "Interest Expense Non Operating": NaN,
        "Interest Income Non Operating": NaN,
        "Operating Income": NaN,
        "Operating Expense": NaN,
        "Other Operating Expenses": NaN,
        "Research And Development": NaN,
        "Selling General And Administration": NaN,
        "Gross Profit": NaN,
        "Cost Of Revenue": NaN,
        "Total Revenue": NaN,
        "Operating Revenue": NaN
    },
    "2022-12-31": {
        "Tax Effect Of Unusual Items": NaN,
        "Tax Rate For Calcs": NaN,
        "Normalized EBITDA": NaN,
        "Total Unusual Items": NaN,
        "Total Unusual Items Excluding Goodwill": NaN,
        "Net Income From Continuing Operation Net Minority Interest": NaN,
        "Reconciled Depreciation": NaN,
        "Reconciled Cost Of Revenue": NaN,
        "EBITDA": NaN,
        "EBIT": NaN,
        "Net Interest Income": NaN,
        "Interest Expense": NaN,
        "Interest Income": NaN,
        "Normalized Income": NaN,
        "Net Income From Continuing And Discontinued Operation": NaN,
        "Total Expenses": NaN,
        "Total Operating Income As Reported": NaN,
        "Diluted Average Shares": NaN,
        "Basic Average Shares": NaN,
        "Diluted EPS": NaN,
        "Basic EPS": NaN,
        "Diluted NI Availto Com Stockholders": NaN,
        "Average Dilution Earnings": NaN,
        "Net Income Common Stockholders": NaN,
        "Otherunder Preferred Stock Dividend": NaN,
        "Net Income": NaN,
        "Net Income Including Noncontrolling Interests": NaN,
        "Net Income Discontinuous Operations": 718000.0,
        "Net Income Continuous Operations": NaN,
        "Tax Provision": NaN,
        "Pretax Income": NaN,
        "Other Income Expense": NaN,
        "Other Non Operating Income Expenses": NaN,
        "Special Income Charges": NaN,
        "Gain On Sale Of Ppe": NaN,
        "Impairment Of Capital Assets": NaN,
        "Restructuring And Mergern Acquisition": 0.0,
        "Gain On Sale Of Security": NaN,
        "Net Non Operating Interest Income Expense": NaN,
        "Interest Expense Non Operating": NaN,
        "Interest Income Non Operating": NaN,
        "Operating Income": NaN,
        "Operating Expense": NaN,
        "Other Operating Expenses": NaN,
        "Research And Development": NaN,
        "Selling General And Administration": NaN,
        "Gross Profit": NaN,
        "Cost Of Revenue": NaN,
        "Total Revenue": NaN,
        "Operating Revenue": NaN
    },
    "2022-09-30": {
        "Tax Effect Of Unusual Items": NaN,
        "Tax Rate For Calcs": NaN,
        "Normalized EBITDA": NaN,
        "Total Unusual Items": NaN,
        "Total Unusual Items Excluding Goodwill": NaN,
        "Net Income From Continuing Operation Net Minority Interest": NaN,
        "Reconciled Depreciation": NaN,
        "Reconciled Cost Of Revenue": NaN,
        "EBITDA": NaN,
        "EBIT": NaN,
        "Net Interest Income": NaN,
        "Interest Expense": NaN,
        "Interest Income": NaN,
        "Normalized Income": NaN,
        "Net Income From Continuing And Discontinued Operation": NaN,
        "Total Expenses": NaN,
        "Total Operating Income As Reported": NaN,
        "Diluted Average Shares": NaN,
        "Basic Average Shares": NaN,
        "Diluted EPS": NaN,
        "Basic EPS": NaN,
        "Diluted NI Availto Com Stockholders": NaN,
        "Average Dilution Earnings": NaN,
        "Net Income Common Stockholders": NaN,
        "Otherunder Preferred Stock Dividend": 370000.0,
        "Net Income": NaN,
        "Net Income Including Noncontrolling Interests": NaN,
        "Net Income Discontinuous Operations": 507000.0,
        "Net Income Continuous Operations": NaN,
        "Tax Provision": NaN,
        "Pretax Income": NaN,
        "Other Income Expense": NaN,
        "Other Non Operating Income Expenses": NaN,
        "Special Income Charges": NaN,
        "Gain On Sale Of Ppe": NaN,
        "Other Special Charges": 0.0,
        "Impairment Of Capital Assets": NaN,
        "Restructuring And Mergern Acquisition": 0.0,
        "Gain On Sale Of Security": NaN,
        "Net Non Operating Interest Income Expense": NaN,
        "Interest Expense Non Operating": NaN,
        "Interest Income Non Operating": NaN,
        "Operating Income": NaN,
        "Operating Expense": NaN,
        "Other Operating Expenses": NaN,
        "Research And Development": NaN,
        "Selling General And Administration": NaN,
        "Gross Profit": NaN,
        "Cost Of Revenue": NaN,
        "Total Revenue": NaN,
        "Operating Revenue": NaN
    },
    "2022-06-30": {
        "Tax Effect Of Unusual Items": -123570.0,
        "Tax Rate For Calcs": 0.09,
        "Normalized EBITDA": 125691000.0,
        "Total Unusual Items": -1373000.0,
        "Total Unusual Items Excluding Goodwill": -1373000.0,
        "Net Income From Continuing Operation Net Minority Interest": 17475000.0,
        "Reconciled Depreciation": 100741000.0,
        "Reconciled Cost Of Revenue": 478004000.0,
        "EBITDA": 124318000.0,
        "EBIT": 23577000.0,
        "Net Interest Income": 941000.0,
        "Interest Expense": 4372000.0,
        "Interest Income": 5313000.0,
        "Normalized Income": 18724430.0,
        "Net Income From Continuing And Discontinued Operation": 17752000.0,
        "Total Expenses": 529448000.0,
        "Total Operating Income As Reported": 33722000.0,
        "Diluted Average Shares": 106021000.0,
        "Basic Average Shares": 105289000.0,
        "Diluted EPS": 0.16,
        "Basic EPS": 0.16,
        "Diluted NI Availto Com Stockholders": 17384000.0,
        "Net Income Common Stockholders": 17384000.0,
        "Otherunder Preferred Stock Dividend": 368000.0,
        "Net Income": 17752000.0,
        "Net Income Including Noncontrolling Interests": 17752000.0,
        "Net Income Discontinuous Operations": 277000.0,
        "Net Income Continuous Operations": 17475000.0,
        "Tax Provision": 1730000.0,
        "Pretax Income": 19205000.0,
        "Other Income Expense": -2521000.0,
        "Other Non Operating Income Expenses": -1148000.0,
        "Special Income Charges": 12937000.0,
        "Gain On Sale Of Ppe": 12970000.0,
        "Other Special Charges": NaN,
        "Write Off": NaN,
        "Impairment Of Capital Assets": 0.0,
        "Restructuring And Mergern Acquisition": 33000.0,
        "Gain On Sale Of Security": -14310000.0,
        "Net Non Operating Interest Income Expense": 941000.0,
        "Interest Expense Non Operating": 4372000.0,
        "Interest Income Non Operating": 5313000.0,
        "Operating Income": 20785000.0,
        "Operating Expense": 51444000.0,
        "Other Operating Expenses": NaN,
        "Research And Development": 6511000.0,
        "Selling General And Administration": 44933000.0,
        "Gross Profit": 72229000.0,
        "Cost Of Revenue": 478004000.0,
        "Total Revenue": 550233000.0,
        "Operating Revenue": 547906000.0
    },
    "2023-09-30": {
        "Tax Effect Of Unusual Items": NaN,
        "Tax Rate For Calcs": NaN,
        "Normalized EBITDA": NaN,
        "Total Unusual Items": NaN,
        "Total Unusual Items Excluding Goodwill": NaN,
        "Net Income From Continuing Operation Net Minority Interest": NaN,
        "Reconciled Depreciation": NaN,
        "Reconciled Cost Of Revenue": NaN,
        "EBITDA": NaN,
        "EBIT": NaN,
        "Net Interest Income": NaN,
        "Interest Expense": NaN,
        "Interest Income": NaN,
        "Normalized Income": NaN,
        "Net Income From Continuing And Discontinued Operation": NaN,
        "Total Expenses": NaN,
        "Total Operating Income As Reported": NaN,
        "Diluted Average Shares": NaN,
        "Basic Average Shares": NaN,
        "Diluted EPS": NaN,
        "Basic EPS": NaN,
        "Diluted NI Availto Com Stockholders": NaN,
        "Average Dilution Earnings": NaN,
        "Net Income Common Stockholders": NaN,
        "Otherunder Preferred Stock Dividend": NaN,
        "Net Income": NaN,
        "Net Income Including Noncontrolling Interests": NaN,
        "Net Income Discontinuous Operations": NaN,
        "Net Income Continuous Operations": NaN,
        "Tax Provision": NaN,
        "Pretax Income": NaN,
        "Other Income Expense": NaN,
        "Other Non Operating Income Expenses": NaN,
        "Special Income Charges": NaN,
        "Gain On Sale Of Ppe": NaN,
        "Impairment Of Capital Assets": -48173000.0,
        "Restructuring And Mergern Acquisition": 0.0,
        "Gain On Sale Of Security": NaN,
        "Net Non Operating Interest Income Expense": NaN,
        "Interest Expense Non Operating": NaN,
        "Interest Income Non Operating": NaN,
        "Operating Income": NaN,
        "Operating Expense": NaN,
        "Other Operating Expenses": NaN,
        "Research And Development": NaN,
        "Selling General And Administration": NaN,
        "Gross Profit": NaN,
        "Cost Of Revenue": NaN,
        "Total Revenue": NaN,
        "Operating Revenue": NaN
    },
    "2023-12-31": {
        "Tax Effect Of Unusual Items": 1417628.639633,
        "Tax Rate For Calcs": 0.240154,
        "Normalized EBITDA": 217713000.0,
        "Total Unusual Items": 5903000.0,
        "Total Unusual Items Excluding Goodwill": 5903000.0,
        "Net Income From Continuing Operation Net Minority Interest": 95173000.0,
        "Reconciled Depreciation": 93991000.0,
        "Reconciled Cost Of Revenue": 497294000.0,
        "EBITDA": 223616000.0,
        "EBIT": 129625000.0,
        "Net Interest Income": 6362000.0,
        "Interest Expense": 4372000.0,
        "Interest Income": 10734000.0,
        "Normalized Income": 90687628.639633,
        "Net Income From Continuing And Discontinued Operation": 95173000.0,
        "Total Expenses": 563616000.0,
        "Total Operating Income As Reported": 123468000.0,
        "Diluted Average Shares": 99628000.0,
        "Basic Average Shares": 99143000.0,
        "Diluted EPS": 0.94,
        "Basic EPS": 0.95,
        "Diluted NI Availto Com Stockholders": 93927000.0,
        "Average Dilution Earnings": 2000.0,
        "Net Income Common Stockholders": 93925000.0,
        "Otherunder Preferred Stock Dividend": 1248000.0,
        "Net Income": 95173000.0,
        "Net Income Including Noncontrolling Interests": 95173000.0,
        "Net Income Discontinuous Operations": NaN,
        "Net Income Continuous Operations": 95173000.0,
        "Tax Provision": 30080000.0,
        "Pretax Income": 125253000.0,
        "Other Income Expense": 5360000.0,
        "Other Non Operating Income Expenses": -543000.0,
        "Special Income Charges": 9937000.0,
        "Gain On Sale Of Ppe": 9937000.0,
        "Impairment Of Capital Assets": 0.0,
        "Restructuring And Mergern Acquisition": 0.0,
        "Gain On Sale Of Security": -4034000.0,
        "Net Non Operating Interest Income Expense": 6362000.0,
        "Interest Expense Non Operating": 4372000.0,
        "Interest Income Non Operating": 10734000.0,
        "Operating Income": 113531000.0,
        "Operating Expense": 66322000.0,
        "Other Operating Expenses": 1137000.0,
        "Research And Development": 8608000.0,
        "Selling General And Administration": 56577000.0,
        "Gross Profit": 179853000.0,
        "Cost Of Revenue": 497294000.0,
        "Total Revenue": 677147000.0,
        "Operating Revenue": 674565000.0
    },
    "2024-03-31": {
        "Tax Effect Of Unusual Items": 2413675.0,
        "Tax Rate For Calcs": 0.275,
        "Normalized EBITDA": 217018000.0,
        "Total Unusual Items": 8777000.0,
        "Total Unusual Items Excluding Goodwill": 8777000.0,
        "Net Income From Continuing Operation Net Minority Interest": 84831000.0,
        "Reconciled Depreciation": 104509000.0,
        "Reconciled Cost Of Revenue": 506396000.0,
        "EBITDA": 225795000.0,
        "EBIT": 121286000.0,
        "Net Interest Income": 2306000.0,
        "Interest Expense": 4261000.0,
        "Interest Income": 6567000.0,
        "Normalized Income": 78467675.0,
        "Net Income From Continuing And Discontinued Operation": 84831000.0,
        "Total Expenses": 582401000.0,
        "Total Operating Income As Reported": 110572000.0,
        "Diluted Average Shares": 99046000.0,
        "Basic Average Shares": 98774000.0,
        "Diluted EPS": 0.84,
        "Basic EPS": 0.85,
        "Diluted NI Availto Com Stockholders": 83591000.0,
        "Average Dilution Earnings": 2000.0,
        "Net Income Common Stockholders": 83589000.0,
        "Otherunder Preferred Stock Dividend": 1242000.0,
        "Net Income": 84831000.0,
        "Net Income Including Noncontrolling Interests": 84831000.0,
        "Net Income Discontinuous Operations": NaN,
        "Net Income Continuous Operations": 84831000.0,
        "Tax Provision": 32194000.0,
        "Pretax Income": 117025000.0,
        "Other Income Expense": 9177000.0,
        "Other Non Operating Income Expenses": 400000.0,
        "Special Income Charges": 5030000.0,
        "Gain On Sale Of Ppe": 5030000.0,
        "Impairment Of Capital Assets": 0.0,
        "Restructuring And Mergern Acquisition": NaN,
        "Gain On Sale Of Security": 3747000.0,
        "Net Non Operating Interest Income Expense": 2306000.0,
        "Interest Expense Non Operating": 4261000.0,
        "Interest Income Non Operating": 6567000.0,
        "Operating Income": 105542000.0,
        "Operating Expense": 76005000.0,
        "Other Operating Expenses": 1026000.0,
        "Research And Development": 12942000.0,
        "Selling General And Administration": 62037000.0,
        "Gross Profit": 181547000.0,
        "Cost Of Revenue": 506396000.0,
        "Total Revenue": 687943000.0,
        "Operating Revenue": 685131000.0
    },
    "2024-06-30": {
        "Tax Effect Of Unusual Items": 2032525.0,
        "Tax Rate For Calcs": 0.275,
        "Normalized EBITDA": 217185000.0,
        "Total Unusual Items": 7391000.0,
        "Total Unusual Items Excluding Goodwill": 7391000.0,
        "Net Income From Continuing Operation Net Minority Interest": 88685000.0,
        "Reconciled Depreciation": 97852000.0,
        "Reconciled Cost Of Revenue": 514844000.0,
        "EBITDA": 224576000.0,
        "EBIT": 126724000.0,
        "Net Interest Income": 7552000.0,
        "Interest Expense": 4336000.0,
        "Interest Income": 11888000.0,
        "Normalized Income": 83326525.0,
        "Net Income From Continuing And Discontinued Operation": 88685000.0,
        "Total Expenses": 593413000.0,
        "Total Operating Income As Reported": 111313000.0,
        "Diluted Average Shares": 99007000.0,
        "Basic Average Shares": 98752000.0,
        "Diluted EPS": 0.88,
        "Basic EPS": 0.89,
        "Diluted NI Availto Com Stockholders": 87475000.0,
        "Average Dilution Earnings": 1000.0,
        "Net Income Common Stockholders": 87474000.0,
        "Otherunder Preferred Stock Dividend": 1211000.0,
        "Net Income": 88685000.0,
        "Net Income Including Noncontrolling Interests": 88685000.0,
        "Net Income Discontinuous Operations": NaN,
        "Net Income Continuous Operations": 88685000.0,
        "Tax Provision": 33703000.0,
        "Pretax Income": 122388000.0,
        "Other Income Expense": 10525000.0,
        "Other Non Operating Income Expenses": 3134000.0,
        "Special Income Charges": 7002000.0,
        "Gain On Sale Of Ppe": 7002000.0,
        "Impairment Of Capital Assets": 0.0,
        "Restructuring And Mergern Acquisition": NaN,
        "Gain On Sale Of Security": 389000.0,
        "Net Non Operating Interest Income Expense": 7552000.0,
        "Interest Expense Non Operating": 4336000.0,
        "Interest Income Non Operating": 11888000.0,
        "Operating Income": 104311000.0,
        "Operating Expense": 78569000.0,
        "Other Operating Expenses": 1144000.0,
        "Research And Development": 10555000.0,
        "Selling General And Administration": 66870000.0,
        "Gross Profit": 182880000.0,
        "Cost Of Revenue": 514844000.0,
        "Total Revenue": 697724000.0,
        "Operating Revenue": 695139000.0
    },
    "2024-09-30": {
        "Tax Effect Of Unusual Items": 1781214.741221,
        "Tax Rate For Calcs": 0.351324,
        "Normalized EBITDA": 228400000.0,
        "Total Unusual Items": 5070000.0,
        "Total Unusual Items Excluding Goodwill": 5070000.0,
        "Net Income From Continuing Operation Net Minority Interest": 75476000.0,
        "Reconciled Depreciation": 100992000.0,
        "Reconciled Cost Of Revenue": 509035000.0,
        "EBITDA": 233470000.0,
        "EBIT": 132478000.0,
        "Net Interest Income": -4145000.0,
        "Interest Expense": 16124000.0,
        "Interest Income": 11979000.0,
        "Normalized Income": 72187214.741221,
        "Net Income From Continuing And Discontinued Operation": 75476000.0,
        "Total Expenses": 578466000.0,
        "Total Operating Income As Reported": 106546000.0,
        "Diluted Average Shares": 98995000.0,
        "Basic Average Shares": 98755000.0,
        "Diluted EPS": 0.75,
        "Basic EPS": 0.75,
        "Diluted NI Availto Com Stockholders": 74451000.0,
        "Average Dilution Earnings": 1000.0,
        "Net Income Common Stockholders": 74450000.0,
        "Otherunder Preferred Stock Dividend": 1026000.0,
        "Net Income": 75476000.0,
        "Net Income Including Noncontrolling Interests": 75476000.0,
        "Net Income Discontinuous Operations": NaN,
        "Net Income Continuous Operations": 75476000.0,
        "Tax Provision": 40878000.0,
        "Pretax Income": 116354000.0,
        "Other Income Expense": 5172000.0,
        "Other Non Operating Income Expenses": 102000.0,
        "Special Income Charges": -8781000.0,
        "Gain On Sale Of Ppe": -27108000.0,
        "Impairment Of Capital Assets": -33309000.0,
        "Restructuring And Mergern Acquisition": NaN,
        "Gain On Sale Of Security": 13851000.0,
        "Net Non Operating Interest Income Expense": -4145000.0,
        "Interest Expense Non Operating": 16124000.0,
        "Interest Income Non Operating": 11979000.0,
        "Operating Income": 115327000.0,
        "Operating Expense": 69431000.0,
        "Other Operating Expenses": 1176000.0,
        "Research And Development": 8862000.0,
        "Selling General And Administration": 59393000.0,
        "Gross Profit": 184758000.0,
        "Cost Of Revenue": 509035000.0,
        "Total Revenue": 693793000.0,
        "Operating Revenue": 691293000.0
    },
    "2024-12-31": {
        "Tax Effect Of Unusual Items": -4580997.971709,
        "Tax Rate For Calcs": 0.283267,
        "Normalized EBITDA": 213969000.0,
        "Total Unusual Items": -16172000.0,
        "Total Unusual Items Excluding Goodwill": -16172000.0,
        "Net Income From Continuing Operation Net Minority Interest": 54772000.0,
        "Reconciled Depreciation": 99080000.0,
        "Reconciled Cost Of Revenue": 510937000.0,
        "EBITDA": 197797000.0,
        "EBIT": 98717000.0,
        "Net Interest Income": -557000.0,
        "Interest Expense": 22298000.0,
        "Interest Income": 21741000.0,
        "Normalized Income": 66363002.028291,
        "Net Income From Continuing And Discontinued Operation": 54772000.0,
        "Total Expenses": 584514000.0,
        "Total Operating Income As Reported": 89983000.0,
        "Diluted Average Shares": 99159000.0,
        "Basic Average Shares": 98867000.0,
        "Diluted EPS": 0.54,
        "Basic EPS": 0.55,
        "Diluted NI Availto Com Stockholders": 54013000.0,
        "Average Dilution Earnings": 1000.0,
        "Net Income Common Stockholders": 54012000.0,
        "Otherunder Preferred Stock Dividend": 760000.0,
        "Net Income": 54772000.0,
        "Net Income Including Noncontrolling Interests": 54772000.0,
        "Net Income Discontinuous Operations": NaN,
        "Net Income Continuous Operations": 54772000.0,
        "Tax Provision": 21647000.0,
        "Pretax Income": 76419000.0,
        "Other Income Expense": -15812000.0,
        "Other Non Operating Income Expenses": 360000.0,
        "Special Income Charges": -2805000.0,
        "Gain On Sale Of Ppe": 7730000.0,
        "Impairment Of Capital Assets": NaN,
        "Restructuring And Mergern Acquisition": 10535000.0,
        "Gain On Sale Of Security": -13367000.0,
        "Net Non Operating Interest Income Expense": -557000.0,
        "Interest Expense Non Operating": 22298000.0,
        "Interest Income Non Operating": 21741000.0,
        "Operating Income": 92788000.0,
        "Operating Expense": 73577000.0,
        "Other Operating Expenses": 1156000.0,
        "Research And Development": 9359000.0,
        "Selling General And Administration": 63062000.0,
        "Gross Profit": 166365000.0,
        "Cost Of Revenue": 510937000.0,
        "Total Revenue": 677302000.0,
        "Operating Revenue": 674613000.0
    }
}