{
    "2023-03-31": {
        "Tax Effect Of Unusual Items": NaN,
        "Tax Rate For Calcs": NaN,
        "Normalized EBITDA": NaN,
        "Total Unusual Items": NaN,
        "Total Unusual Items Excluding Goodwill": NaN,
        "Net Income From Continuing Operation Net Minority Interest": NaN,
        "Reconciled Depreciation": NaN,
        "Reconciled Cost Of Revenue": NaN,
        "EBITDA": NaN,
        "EBIT": NaN,
        "Net Interest Income": NaN,
        "Interest Expense": NaN,
        "Interest Income": NaN,
        "Normalized Income": NaN,
        "Net Income From Continuing And Discontinued Operation": NaN,
        "Total Expenses": NaN,
        "Total Operating Income As Reported": NaN,
        "Diluted Average Shares": 117765000.0,
        "Basic Average Shares": 111055000.0,
        "Diluted EPS": 0.39,
        "Basic EPS": 0.41,
        "Diluted NI Availto Com Stockholders": NaN,
        "Average Dilution Earnings": NaN,
        "Net Income Common Stockholders": NaN,
        "Otherunder Preferred Stock Dividend": NaN,
        "Net Income": NaN,
        "Net Income Including Noncontrolling Interests": NaN,
        "Net Income Continuous Operations": NaN,
        "Tax Provision": NaN,
        "Pretax Income": NaN,
        "Other Income Expense": NaN,
        "Other Non Operating Income Expenses": NaN,
        "Special Income Charges": NaN,
        "Other Special Charges": NaN,
        "Gain On Sale Of Security": NaN,
        "Net Non Operating Interest Income Expense": NaN,
        "Total Other Finance Cost": NaN,
        "Interest Expense Non Operating": NaN,
        "Interest Income Non Operating": NaN,
        "Operating Income": NaN,
        "Operating Expense": NaN,
        "Other Operating Expenses": NaN,
        "Selling General And Administration": NaN,
        "General And Administrative Expense": NaN,
        "Other Gand A": NaN,
        "Salaries And Wages": NaN,
        "Gross Profit": NaN,
        "Cost Of Revenue": NaN,
        "Total Revenue": NaN,
        "Operating Revenue": NaN
    },
    "2022-12-31": {
        "Tax Effect Of Unusual Items": NaN,
        "Tax Rate For Calcs": NaN,
        "Normalized EBITDA": NaN,
        "Total Unusual Items": NaN,
        "Total Unusual Items Excluding Goodwill": NaN,
        "Net Income From Continuing Operation Net Minority Interest": NaN,
        "Reconciled Depreciation": NaN,
        "Reconciled Cost Of Revenue": NaN,
        "EBITDA": NaN,
        "EBIT": NaN,
        "Net Interest Income": NaN,
        "Interest Expense": NaN,
        "Interest Income": NaN,
        "Normalized Income": NaN,
        "Net Income From Continuing And Discontinued Operation": NaN,
        "Total Expenses": NaN,
        "Total Operating Income As Reported": NaN,
        "Diluted Average Shares": 117249000.0,
        "Basic Average Shares": 111042000.0,
        "Diluted EPS": 0.53,
        "Basic EPS": 0.56,
        "Diluted NI Availto Com Stockholders": NaN,
        "Average Dilution Earnings": NaN,
        "Net Income Common Stockholders": NaN,
        "Otherunder Preferred Stock Dividend": NaN,
        "Net Income": NaN,
        "Net Income Including Noncontrolling Interests": NaN,
        "Net Income Continuous Operations": NaN,
        "Tax Provision": NaN,
        "Pretax Income": NaN,
        "Other Income Expense": NaN,
        "Other Non Operating Income Expenses": NaN,
        "Special Income Charges": NaN,
        "Other Special Charges": NaN,
        "Gain On Sale Of Security": NaN,
        "Net Non Operating Interest Income Expense": NaN,
        "Total Other Finance Cost": NaN,
        "Interest Expense Non Operating": NaN,
        "Interest Income Non Operating": NaN,
        "Operating Income": NaN,
        "Operating Expense": NaN,
        "Other Operating Expenses": NaN,
        "Selling General And Administration": NaN,
        "General And Administrative Expense": NaN,
        "Other Gand A": NaN,
        "Salaries And Wages": NaN,
        "Gross Profit": NaN,
        "Cost Of Revenue": NaN,
        "Total Revenue": NaN,
        "Operating Revenue": NaN
    },
    "2022-09-30": {
        "Tax Effect Of Unusual Items": NaN,
        "Tax Rate For Calcs": NaN,
        "Normalized EBITDA": NaN,
        "Total Unusual Items": NaN,
        "Total Unusual Items Excluding Goodwill": NaN,
        "Net Income From Continuing Operation Net Minority Interest": NaN,
        "Reconciled Depreciation": NaN,
        "Reconciled Cost Of Revenue": NaN,
        "EBITDA": NaN,
        "EBIT": NaN,
        "Net Interest Income": NaN,
        "Interest Expense": NaN,
        "Interest Income": NaN,
        "Normalized Income": NaN,
        "Net Income From Continuing And Discontinued Operation": NaN,
        "Total Expenses": NaN,
        "Total Operating Income As Reported": NaN,
        "Diluted Average Shares": NaN,
        "Basic Average Shares": NaN,
        "Diluted EPS": NaN,
        "Basic EPS": NaN,
        "Diluted NI Availto Com Stockholders": NaN,
        "Average Dilution Earnings": NaN,
        "Net Income Common Stockholders": NaN,
        "Otherunder Preferred Stock Dividend": NaN,
        "Net Income": NaN,
        "Net Income Including Noncontrolling Interests": NaN,
        "Net Income Continuous Operations": NaN,
        "Tax Provision": NaN,
        "Pretax Income": NaN,
        "Other Income Expense": NaN,
        "Other Non Operating Income Expenses": NaN,
        "Special Income Charges": 0.0,
        "Other Special Charges": NaN,
        "Gain On Sale Of Security": NaN,
        "Net Non Operating Interest Income Expense": NaN,
        "Total Other Finance Cost": NaN,
        "Interest Expense Non Operating": NaN,
        "Interest Income Non Operating": NaN,
        "Operating Income": NaN,
        "Operating Expense": NaN,
        "Other Operating Expenses": NaN,
        "Selling General And Administration": NaN,
        "General And Administrative Expense": NaN,
        "Other Gand A": NaN,
        "Salaries And Wages": NaN,
        "Gross Profit": NaN,
        "Cost Of Revenue": NaN,
        "Total Revenue": NaN,
        "Operating Revenue": NaN
    },
    "2022-06-30": {
        "Tax Effect Of Unusual Items": -2818167.0,
        "Tax Rate For Calcs": 0.237,
        "Normalized EBITDA": 156552000.0,
        "Total Unusual Items": -11891000.0,
        "Total Unusual Items Excluding Goodwill": -11891000.0,
        "Net Income From Continuing Operation Net Minority Interest": 77561000.0,
        "Reconciled Depreciation": 34883000.0,
        "Reconciled Cost Of Revenue": 61779000.0,
        "EBITDA": 144661000.0,
        "EBIT": 109778000.0,
        "Net Interest Income": -9280000.0,
        "Interest Expense": 8145000.0,
        "Interest Income": 2000.0,
        "Normalized Income": 86633833.0,
        "Net Income From Continuing And Discontinued Operation": 77561000.0,
        "Total Expenses": 78624000.0,
        "Total Operating Income As Reported": 122804000.0,
        "Diluted Average Shares": 111228000.0,
        "Basic Average Shares": 103178000.0,
        "Diluted EPS": 0.64,
        "Basic EPS": 0.69,
        "Diluted NI Availto Com Stockholders": 71347000.0,
        "Average Dilution Earnings": 162000.0,
        "Net Income Common Stockholders": 71185000.0,
        "Otherunder Preferred Stock Dividend": 6376000.0,
        "Net Income": 77561000.0,
        "Net Income Including Noncontrolling Interests": 77561000.0,
        "Net Income Continuous Operations": 77561000.0,
        "Tax Provision": 24072000.0,
        "Pretax Income": 101633000.0,
        "Other Income Expense": -11891000.0,
        "Other Non Operating Income Expenses": NaN,
        "Gain On Sale Of Security": -11891000.0,
        "Net Non Operating Interest Income Expense": -9280000.0,
        "Total Other Finance Cost": 1137000.0,
        "Interest Expense Non Operating": 8145000.0,
        "Interest Income Non Operating": 2000.0,
        "Operating Income": 122804000.0,
        "Operating Expense": 16845000.0,
        "Other Operating Expenses": 250000.0,
        "Selling General And Administration": 16595000.0,
        "General And Administrative Expense": 16595000.0,
        "Other Gand A": 2016000.0,
        "Salaries And Wages": 14579000.0,
        "Gross Profit": 139649000.0,
        "Cost Of Revenue": 61779000.0,
        "Total Revenue": 201428000.0,
        "Operating Revenue": 201428000.0
    },
    "2022-03-31": {
        "Diluted EPS": -0.17,
        "Total Revenue": 92,
        "Gross Profit": 78,
        "Operating Income": 55,
        "EBIT": 73,
        "Net Income": -17
    },
    "2021-12-31": {
        "Diluted EPS": 0.35,
        "Total Revenue": 99,
        "Gross Profit": 82,
        "Operating Income": 53,
        "EBIT": 75,
        "Net Income": 34
    },
    "2021-09-30": {
        "Diluted EPS": 0.08,
        "Total Revenue": 47,
        "Gross Profit": 39,
        "Operating Income": 22,
        "EBIT": 36,
        "Net Income": 7
    },
    "2021-06-30": {
        "Diluted EPS": 0.06,
        "Total Revenue": 48,
        "Gross Profit": 41,
        "Operating Income": 21,
        "EBIT": 38,
        "Net Income": 5
    },
    "2021-03-31": {
        "Diluted EPS": 0.05,
        "Total Revenue": 26,
        "Gross Profit": 22,
        "Operating Income": 6,
        "EBIT": 19,
        "Net Income": 4
    },
    "2020-12-31": {
        "Diluted EPS": -0.98,
        "Total Revenue": 12,
        "Gross Profit": 9,
        "Operating Income": -7,
        "EBIT": 1,
        "Net Income": -47
    },
    "2020-09-30": {
        "Diluted EPS": -0.13,
        "Total Revenue": 7,
        "Gross Profit": 6,
        "Operating Income": -14,
        "EBIT": -10,
        "Net Income": 17
    },
    "2020-06-30": {
        "Diluted EPS": 0.0,
        "Total Revenue": 1,
        "Gross Profit": -1,
        "Operating Income": -4,
        "EBIT": -2,
        "Net Income": 10
    },
    "2020-03-31": {
        "Diluted EPS": 0.0,
        "Total Revenue": 5,
        "Gross Profit": 2,
        "Operating Income": -4,
        "EBIT": -1,
        "Net Income": -81
    },
    "2019-12-31": {
        "Diluted EPS": 0.0,
        "Total Revenue": 7,
        "Gross Profit": 3,
        "Operating Income": -10,
        "EBIT": -9,
        "Net Income": -14
    },
    "2019-09-30": {
        "Diluted EPS": 0.0,
        "Total Revenue": 1,
        "Gross Profit": 1,
        "Operating Income": -1,
        "EBIT": -1,
        "Net Income": -1
    },
    "2019-06-30": {
        "Diluted EPS": 0.04,
        "Total Revenue": NaN,
        "Gross Profit": NaN,
        "Operating Income": 0,
        "EBIT": 0,
        "Net Income": 2
    },
    "2019-03-31": {
        "Diluted EPS": 0.03,
        "Total Revenue": NaN,
        "Gross Profit": NaN,
        "Operating Income": 0,
        "EBIT": 0,
        "Net Income": 2
    },
    "2018-12-31": {
        "Diluted EPS": 0.03,
        "Total Revenue": NaN,
        "Gross Profit": NaN,
        "Operating Income": 0,
        "EBIT": 0,
        "Net Income": 2
    },
    "2018-09-30": {
        "Diluted EPS": 0.03,
        "Total Revenue": NaN,
        "Gross Profit": NaN,
        "Operating Income": 0,
        "EBIT": 0,
        "Net Income": 1
    },
    "2018-06-30": {
        "Diluted EPS": 0.02,
        "Total Revenue": NaN,
        "Gross Profit": NaN,
        "Operating Income": 0,
        "EBIT": 0,
        "Net Income": 1
    },
    "2018-03-31": {
        "Diluted EPS": 0.0,
        "Total Revenue": NaN,
        "Gross Profit": NaN,
        "Operating Income": 0,
        "EBIT": 0,
        "Net Income": 0
    },
    "2017-12-31": {
        "Diluted EPS": 0.0,
        "Total Revenue": NaN,
        "Gross Profit": NaN,
        "Operating Income": NaN,
        "EBIT": NaN,
        "Net Income": NaN
    },
    "2023-06-30": {
        "Tax Effect Of Unusual Items": -2534807.0,
        "Tax Rate For Calcs": 0.233,
        "Normalized EBITDA": 181608000.0,
        "Total Unusual Items": -10879000.0,
        "Total Unusual Items Excluding Goodwill": -10879000.0,
        "Net Income From Continuing Operation Net Minority Interest": 31826000.0,
        "Reconciled Depreciation": 93011000.0,
        "Reconciled Cost Of Revenue": 141204000.0,
        "EBITDA": 170729000.0,
        "EBIT": 77718000.0,
        "Net Interest Income": -39121000.0,
        "Interest Expense": 36248000.0,
        "Interest Income": 163000.0,
        "Normalized Income": 40170193.0,
        "Net Income From Continuing And Discontinued Operation": 31826000.0,
        "Total Expenses": 149290000.0,
        "Total Operating Income As Reported": 84954000.0,
        "Diluted Average Shares": 115978000.0,
        "Basic Average Shares": 111227000.0,
        "Diluted EPS": 0.25,
        "Basic EPS": 0.26,
        "Diluted NI Availto Com Stockholders": 28930000.0,
        "Average Dilution Earnings": 46000.0,
        "Net Income Common Stockholders": 28884000.0,
        "Otherunder Preferred Stock Dividend": 2942000.0,
        "Net Income": 31826000.0,
        "Net Income Including Noncontrolling Interests": 31826000.0,
        "Net Income Continuous Operations": 31826000.0,
        "Tax Provision": 9644000.0,
        "Pretax Income": 41470000.0,
        "Other Income Expense": -10879000.0,
        "Other Non Operating Income Expenses": -7502000.0,
        "Special Income Charges": -6516000.0,
        "Other Special Charges": 6516000.0,
        "Gain On Sale Of Security": -4363000.0,
        "Net Non Operating Interest Income Expense": -39121000.0,
        "Total Other Finance Cost": 3036000.0,
        "Interest Expense Non Operating": 36248000.0,
        "Interest Income Non Operating": 163000.0,
        "Operating Income": 91470000.0,
        "Operating Expense": 8086000.0,
        "Other Operating Expenses": 600000.0,
        "Selling General And Administration": 6500000.0,
        "General And Administrative Expense": 6500000.0,
        "Other Gand A": 2516000.0,
        "Salaries And Wages": 3984000.0,
        "Gross Profit": 99556000.0,
        "Cost Of Revenue": 141204000.0,
        "Total Revenue": 240760000.0,
        "Operating Revenue": 240760000.0
    },
    "2023-09-30": {
        "Tax Effect Of Unusual Items": -15206985.0,
        "Tax Rate For Calcs": 0.267,
        "Normalized EBITDA": 260628000.0,
        "Total Unusual Items": -56955000.0,
        "Total Unusual Items Excluding Goodwill": -56955000.0,
        "Net Income From Continuing Operation Net Minority Interest": 38779000.0,
        "Reconciled Depreciation": 117420000.0,
        "Reconciled Cost Of Revenue": 176079000.0,
        "EBITDA": 203673000.0,
        "EBIT": 86253000.0,
        "Net Interest Income": -36292000.0,
        "Interest Expense": 33374000.0,
        "Interest Income": 730000.0,
        "Normalized Income": 80527015.0,
        "Net Income From Continuing And Discontinued Operation": 38779000.0,
        "Total Expenses": 199460000.0,
        "Total Operating Income As Reported": 146126000.0,
        "Diluted Average Shares": 127006000.0,
        "Basic Average Shares": 123159000.0,
        "Diluted EPS": 0.28,
        "Basic EPS": 0.28,
        "Diluted NI Availto Com Stockholders": 35062000.0,
        "Average Dilution Earnings": 54000.0,
        "Net Income Common Stockholders": 35008000.0,
        "Otherunder Preferred Stock Dividend": 3771000.0,
        "Net Income": 38779000.0,
        "Net Income Including Noncontrolling Interests": 38779000.0,
        "Net Income Continuous Operations": 38779000.0,
        "Tax Provision": 14100000.0,
        "Pretax Income": 52879000.0,
        "Other Income Expense": -56955000.0,
        "Other Non Operating Income Expenses": NaN,
        "Special Income Charges": -27300000.0,
        "Other Special Charges": 27300000.0,
        "Gain On Sale Of Security": -29655000.0,
        "Net Non Operating Interest Income Expense": -36292000.0,
        "Total Other Finance Cost": 3648000.0,
        "Interest Expense Non Operating": 33374000.0,
        "Interest Income Non Operating": 730000.0,
        "Operating Income": 146126000.0,
        "Operating Expense": 23381000.0,
        "Other Operating Expenses": 2390000.0,
        "Selling General And Administration": 20991000.0,
        "General And Administrative Expense": 20991000.0,
        "Other Gand A": 6934000.0,
        "Salaries And Wages": 14057000.0,
        "Gross Profit": 169507000.0,
        "Cost Of Revenue": 176079000.0,
        "Total Revenue": 345586000.0,
        "Operating Revenue": 345586000.0
    },
    "2023-12-31": {
        "Tax Effect Of Unusual Items": 13189184.561953,
        "Tax Rate For Calcs": 0.225456,
        "Normalized EBITDA": 239584000.0,
        "Total Unusual Items": 58500000.0,
        "Total Unusual Items Excluding Goodwill": 58500000.0,
        "Net Income From Continuing Operation Net Minority Interest": 95004000.0,
        "Reconciled Depreciation": 132862000.0,
        "Reconciled Cost Of Revenue": 184605000.0,
        "EBITDA": 298084000.0,
        "EBIT": 165222000.0,
        "Net Interest Income": -42638000.0,
        "Interest Expense": 42564000.0,
        "Interest Income": 1985000.0,
        "Normalized Income": 49693184.561953,
        "Net Income From Continuing And Discontinued Operation": 95004000.0,
        "Total Expenses": 186095000.0,
        "Total Operating Income As Reported": 106796000.0,
        "Diluted Average Shares": NaN,
        "Basic Average Shares": NaN,
        "Diluted EPS": NaN,
        "Basic EPS": NaN,
        "Diluted NI Availto Com Stockholders": 85669000.0,
        "Average Dilution Earnings": 142000.0,
        "Net Income Common Stockholders": 85527000.0,
        "Otherunder Preferred Stock Dividend": 9477000.0,
        "Net Income": 95004000.0,
        "Net Income Including Noncontrolling Interests": 95004000.0,
        "Net Income Continuous Operations": 95004000.0,
        "Tax Provision": 27654000.0,
        "Pretax Income": 122658000.0,
        "Other Income Expense": 50238000.0,
        "Other Non Operating Income Expenses": NaN,
        "Special Income Charges": 0.0,
        "Other Special Charges": 0.0,
        "Gain On Sale Of Security": 58500000.0,
        "Net Non Operating Interest Income Expense": -42638000.0,
        "Total Other Finance Cost": 2059000.0,
        "Interest Expense Non Operating": 42564000.0,
        "Interest Income Non Operating": 1985000.0,
        "Operating Income": 115058000.0,
        "Operating Expense": 1490000.0,
        "Other Operating Expenses": -7018000.0,
        "Selling General And Administration": 8508000.0,
        "General And Administrative Expense": 8508000.0,
        "Other Gand A": 4646000.0,
        "Salaries And Wages": 3862000.0,
        "Gross Profit": 116548000.0,
        "Cost Of Revenue": 184605000.0,
        "Total Revenue": 301153000.0,
        "Operating Revenue": 301153000.0
    },
    "2024-03-31": {
        "Tax Effect Of Unusual Items": -13950309.0,
        "Tax Rate For Calcs": 0.263,
        "Normalized EBITDA": 234209000.0,
        "Total Unusual Items": -53043000.0,
        "Total Unusual Items Excluding Goodwill": -53043000.0,
        "Net Income From Continuing Operation Net Minority Interest": 6438000.0,
        "Reconciled Depreciation": 130850000.0,
        "Reconciled Cost Of Revenue": 175523000.0,
        "EBITDA": 181166000.0,
        "EBIT": 50316000.0,
        "Net Interest Income": -41242000.0,
        "Interest Expense": 41581000.0,
        "Interest Income": 2392000.0,
        "Normalized Income": 45530691.0,
        "Net Income From Continuing And Discontinued Operation": 6438000.0,
        "Total Expenses": 184744000.0,
        "Total Operating Income As Reported": 103020000.0,
        "Diluted Average Shares": 129641000.0,
        "Basic Average Shares": 125696000.0,
        "Diluted EPS": 0.05,
        "Basic EPS": 0.05,
        "Diluted NI Availto Com Stockholders": 5834000.0,
        "Average Dilution Earnings": 1000.0,
        "Net Income Common Stockholders": 5833000.0,
        "Otherunder Preferred Stock Dividend": 605000.0,
        "Net Income": 6438000.0,
        "Net Income Including Noncontrolling Interests": 6438000.0,
        "Net Income Continuous Operations": 6438000.0,
        "Tax Provision": 2297000.0,
        "Pretax Income": 8735000.0,
        "Other Income Expense": -53043000.0,
        "Other Non Operating Income Expenses": NaN,
        "Special Income Charges": NaN,
        "Other Special Charges": NaN,
        "Gain On Sale Of Security": -53043000.0,
        "Net Non Operating Interest Income Expense": -41242000.0,
        "Total Other Finance Cost": 2053000.0,
        "Interest Expense Non Operating": 41581000.0,
        "Interest Income Non Operating": 2392000.0,
        "Operating Income": 103020000.0,
        "Operating Expense": 9221000.0,
        "Other Operating Expenses": 738000.0,
        "Selling General And Administration": 8483000.0,
        "General And Administrative Expense": 8483000.0,
        "Other Gand A": 4685000.0,
        "Salaries And Wages": 3798000.0,
        "Gross Profit": 112241000.0,
        "Cost Of Revenue": 175523000.0,
        "Total Revenue": 287764000.0,
        "Operating Revenue": 287764000.0
    },
    "2024-06-30": {
        "Tax Effect Of Unusual Items": -875448.0,
        "Tax Rate For Calcs": 0.324,
        "Normalized EBITDA": 215287000.0,
        "Total Unusual Items": -2702000.0,
        "Total Unusual Items Excluding Goodwill": -2702000.0,
        "Net Income From Continuing Operation Net Minority Interest": 29717000.0,
        "Reconciled Depreciation": 127693000.0,
        "Reconciled Cost Of Revenue": 177087000.0,
        "EBITDA": 212585000.0,
        "EBIT": 84892000.0,
        "Net Interest Income": -40591000.0,
        "Interest Expense": 40925000.0,
        "Interest Income": 2400000.0,
        "Normalized Income": 31543552.0,
        "Net Income From Continuing And Discontinued Operation": 29717000.0,
        "Total Expenses": 188006000.0,
        "Total Operating Income As Reported": 87260000.0,
        "Diluted Average Shares": 129248000.0,
        "Basic Average Shares": 125341000.0,
        "Diluted EPS": 0.21,
        "Basic EPS": 0.21,
        "Diluted NI Availto Com Stockholders": 26893000.0,
        "Average Dilution Earnings": 36000.0,
        "Net Income Common Stockholders": 26857000.0,
        "Otherunder Preferred Stock Dividend": 2860000.0,
        "Net Income": 29717000.0,
        "Net Income Including Noncontrolling Interests": 29717000.0,
        "Net Income Continuous Operations": 29717000.0,
        "Tax Provision": 14250000.0,
        "Pretax Income": 43967000.0,
        "Other Income Expense": -2702000.0,
        "Other Non Operating Income Expenses": NaN,
        "Special Income Charges": 0.0,
        "Other Special Charges": NaN,
        "Gain On Sale Of Security": -2702000.0,
        "Net Non Operating Interest Income Expense": -40591000.0,
        "Total Other Finance Cost": 2066000.0,
        "Interest Expense Non Operating": 40925000.0,
        "Interest Income Non Operating": 2400000.0,
        "Operating Income": 87260000.0,
        "Operating Expense": 10919000.0,
        "Other Operating Expenses": 409000.0,
        "Selling General And Administration": 8510000.0,
        "General And Administrative Expense": 8510000.0,
        "Other Gand A": 4735000.0,
        "Salaries And Wages": 3775000.0,
        "Gross Profit": 98179000.0,
        "Cost Of Revenue": 177087000.0,
        "Total Revenue": 275266000.0,
        "Operating Revenue": 275266000.0
    }
}