{
    "2023-04-30": {
        "Tax Effect Of Unusual Items": -57540000.0,
        "Tax Rate For Calcs": 0.21,
        "Normalized EBITDA": 1256000000.0,
        "Total Unusual Items": -274000000.0,
        "Total Unusual Items Excluding Goodwill": -274000000.0,
        "Net Income From Continuing Operation Net Minority Interest": 1054000000.0,
        "Reconciled Depreciation": 212000000.0,
        "Reconciled Cost Of Revenue": 9867000000.0,
        "EBITDA": 982000000.0,
        "EBIT": 770000000.0,
        "Net Interest Income": -183000000.0,
        "Interest Expense": 183000000.0,
        "Normalized Income": 1270460000.0,
        "Net Income From Continuing And Discontinued Operation": 1054000000.0,
        "Total Expenses": 11886000000.0,
        "Total Operating Income As Reported": 747000000.0,
        "Diluted Average Shares": 998000000.0,
        "Basic Average Shares": 991000000.0,
        "Diluted EPS": 1.06,
        "Basic EPS": 1.06,
        "Diluted NI Availto Com Stockholders": 1054000000.0,
        "Net Income Common Stockholders": 1054000000.0,
        "Net Income": 1054000000.0,
        "Net Income Including Noncontrolling Interests": 1054000000.0,
        "Net Income Continuous Operations": 1054000000.0,
        "Tax Provision": -467000000.0,
        "Pretax Income": 587000000.0,
        "Other Income Expense": -251000000.0,
        "Other Non Operating Income Expenses": 23000000.0,
        "Special Income Charges": -274000000.0,
        "Other Special Charges": NaN,
        "Restructuring And Mergern Acquisition": 274000000.0,
        "Net Non Operating Interest Income Expense": -183000000.0,
        "Interest Expense Non Operating": 183000000.0,
        "Operating Income": 1021000000.0,
        "Operating Expense": 1893000000.0,
        "Depreciation Amortization Depletion Income Statement": 86000000.0,
        "Depreciation And Amortization In Income Statement": 86000000.0,
        "Amortization": 86000000.0,
        "Amortization Of Intangibles Income Statement": 86000000.0,
        "Research And Development": 410000000.0,
        "Selling General And Administration": 1397000000.0,
        "Gross Profit": 2914000000.0,
        "Cost Of Revenue": 9993000000.0,
        "Total Revenue": 12907000000.0,
        "Operating Revenue": 12907000000.0
    },
    "2023-01-31": {
        "Tax Effect Of Unusual Items": NaN,
        "Tax Rate For Calcs": NaN,
        "Normalized EBITDA": NaN,
        "Total Unusual Items": NaN,
        "Total Unusual Items Excluding Goodwill": NaN,
        "Net Income From Continuing Operation Net Minority Interest": NaN,
        "Reconciled Depreciation": NaN,
        "Reconciled Cost Of Revenue": NaN,
        "EBITDA": NaN,
        "EBIT": NaN,
        "Net Interest Income": NaN,
        "Interest Expense": NaN,
        "Normalized Income": NaN,
        "Net Income From Continuing And Discontinued Operation": NaN,
        "Total Expenses": NaN,
        "Total Operating Income As Reported": NaN,
        "Diluted Average Shares": NaN,
        "Basic Average Shares": NaN,
        "Diluted EPS": NaN,
        "Basic EPS": NaN,
        "Diluted NI Availto Com Stockholders": NaN,
        "Net Income Common Stockholders": NaN,
        "Net Income": NaN,
        "Net Income Including Noncontrolling Interests": NaN,
        "Net Income Continuous Operations": NaN,
        "Tax Provision": NaN,
        "Pretax Income": NaN,
        "Other Income Expense": NaN,
        "Other Non Operating Income Expenses": NaN,
        "Special Income Charges": NaN,
        "Other Special Charges": 8000000.0,
        "Restructuring And Mergern Acquisition": NaN,
        "Net Non Operating Interest Income Expense": NaN,
        "Interest Expense Non Operating": NaN,
        "Operating Income": NaN,
        "Operating Expense": NaN,
        "Depreciation Amortization Depletion Income Statement": NaN,
        "Depreciation And Amortization In Income Statement": NaN,
        "Amortization": NaN,
        "Amortization Of Intangibles Income Statement": NaN,
        "Research And Development": NaN,
        "Selling General And Administration": NaN,
        "Gross Profit": NaN,
        "Cost Of Revenue": NaN,
        "Total Revenue": NaN,
        "Operating Revenue": NaN
    },
    "2022-10-31": {
        "Tax Effect Of Unusual Items": -64050000.0,
        "Tax Rate For Calcs": 0.21,
        "Normalized EBITDA": 1317000000.0,
        "Total Unusual Items": -305000000.0,
        "Total Unusual Items Excluding Goodwill": -305000000.0,
        "Net Income From Continuing Operation Net Minority Interest": -2000000.0,
        "Reconciled Depreciation": 209000000.0,
        "Reconciled Cost Of Revenue": 11949000000.0,
        "EBITDA": 1012000000.0,
        "EBIT": 803000000.0,
        "Net Interest Income": -130000000.0,
        "Interest Expense": 130000000.0,
        "Normalized Income": 238950000.0,
        "Net Income From Continuing And Discontinued Operation": -2000000.0,
        "Total Expenses": 13730000000.0,
        "Total Operating Income As Reported": 767000000.0,
        "Diluted Average Shares": 1009000000.0,
        "Basic Average Shares": 998000000.0,
        "Diluted EPS": -0.002004,
        "Basic EPS": -0.002004,
        "Diluted NI Availto Com Stockholders": -2000000.0,
        "Net Income Common Stockholders": -2000000.0,
        "Net Income": -2000000.0,
        "Net Income Including Noncontrolling Interests": -2000000.0,
        "Net Income Continuous Operations": -2000000.0,
        "Tax Provision": 675000000.0,
        "Pretax Income": 673000000.0,
        "Other Income Expense": -268000000.0,
        "Other Non Operating Income Expenses": 37000000.0,
        "Special Income Charges": -305000000.0,
        "Other Special Charges": NaN,
        "Restructuring And Mergern Acquisition": 305000000.0,
        "Net Non Operating Interest Income Expense": -130000000.0,
        "Interest Expense Non Operating": 130000000.0,
        "Operating Income": 1071000000.0,
        "Operating Expense": 1646000000.0,
        "Depreciation Amortization Depletion Income Statement": 74000000.0,
        "Depreciation And Amortization In Income Statement": 74000000.0,
        "Amortization": 74000000.0,
        "Amortization Of Intangibles Income Statement": 74000000.0,
        "Research And Development": 382000000.0,
        "Selling General And Administration": 1189000000.0,
        "Gross Profit": 2717000000.0,
        "Cost Of Revenue": 12084000000.0,
        "Total Revenue": 14801000000.0,
        "Operating Revenue": 14801000000.0
    },
    "2022-07-31": {
        "Tax Effect Of Unusual Items": -4626455.906822,
        "Tax Rate For Calcs": 0.069052,
        "Normalized EBITDA": 1587000000.0,
        "Total Unusual Items": -67000000.0,
        "Total Unusual Items Excluding Goodwill": -67000000.0,
        "Net Income From Continuing Operation Net Minority Interest": 1119000000.0,
        "Reconciled Depreciation": 181000000.0,
        "Reconciled Cost Of Revenue": 11633000000.0,
        "EBITDA": 1520000000.0,
        "EBIT": 1339000000.0,
        "Net Interest Income": -70000000.0,
        "Interest Expense": 96000000.0,
        "Normalized Income": 1181373544.093178,
        "Net Income From Continuing And Discontinued Operation": 1119000000.0,
        "Total Expenses": 13325000000.0,
        "Total Operating Income As Reported": 1272000000.0,
        "Diluted Average Shares": 1035000000.0,
        "Basic Average Shares": 1024000000.0,
        "Diluted EPS": 1.08,
        "Basic EPS": 1.09,
        "Diluted NI Availto Com Stockholders": 1119000000.0,
        "Net Income Common Stockholders": 1119000000.0,
        "Net Income": 1119000000.0,
        "Net Income Including Noncontrolling Interests": 1119000000.0,
        "Net Income Continuous Operations": 1119000000.0,
        "Tax Provision": 83000000.0,
        "Pretax Income": 1202000000.0,
        "Other Income Expense": -67000000.0,
        "Other Non Operating Income Expenses": 26000000.0,
        "Special Income Charges": -67000000.0,
        "Other Special Charges": NaN,
        "Restructuring And Mergern Acquisition": 67000000.0,
        "Net Non Operating Interest Income Expense": -70000000.0,
        "Total Other Finance Cost": 70000000.0,
        "Interest Expense Non Operating": 96000000.0,
        "Operating Income": 1339000000.0,
        "Operating Expense": 1561000000.0,
        "Depreciation Amortization Depletion Income Statement": 50000000.0,
        "Depreciation And Amortization In Income Statement": 50000000.0,
        "Amortization": 50000000.0,
        "Amortization Of Intangibles Income Statement": 50000000.0,
        "Research And Development": 368000000.0,
        "Selling General And Administration": 1143000000.0,
        "Gross Profit": 2900000000.0,
        "Cost Of Revenue": 11764000000.0,
        "Total Revenue": 14664000000.0,
        "Operating Revenue": 14664000000.0
    },
    "2022-04-30": {
        "Diluted EPS": 0.94,
        "Total Revenue": NaN,
        "Gross Profit": NaN,
        "Operating Income": NaN,
        "EBIT": NaN,
        "Net Income": NaN
    },
    "2022-01-31": {
        "Diluted EPS": 0.99,
        "Total Revenue": NaN,
        "Gross Profit": NaN,
        "Operating Income": NaN,
        "EBIT": NaN,
        "Net Income": NaN
    },
    "2021-10-31": {
        "Diluted EPS": 2.6,
        "Total Revenue": NaN,
        "Gross Profit": NaN,
        "Operating Income": NaN,
        "EBIT": NaN,
        "Net Income": NaN
    },
    "2021-07-31": {
        "Diluted EPS": 0.92,
        "Total Revenue": NaN,
        "Gross Profit": NaN,
        "Operating Income": NaN,
        "EBIT": NaN,
        "Net Income": NaN
    },
    "2021-04-30": {
        "Diluted EPS": 0.98,
        "Total Revenue": NaN,
        "Gross Profit": NaN,
        "Operating Income": NaN,
        "EBIT": NaN,
        "Net Income": NaN
    },
    "2021-01-31": {
        "Diluted EPS": 0.83,
        "Total Revenue": NaN,
        "Gross Profit": NaN,
        "Operating Income": NaN,
        "EBIT": NaN,
        "Net Income": NaN
    },
    "2020-10-31": {
        "Diluted EPS": 0.49,
        "Total Revenue": NaN,
        "Gross Profit": NaN,
        "Operating Income": 992,
        "EBIT": NaN,
        "Net Income": 668
    },
    "2020-07-31": {
        "Diluted EPS": 0.52,
        "Total Revenue": NaN,
        "Gross Profit": NaN,
        "Operating Income": 779,
        "EBIT": 976,
        "Net Income": 734
    },
    "2020-04-30": {
        "Diluted EPS": 0.53,
        "Total Revenue": NaN,
        "Gross Profit": NaN,
        "Operating Income": 826,
        "EBIT": NaN,
        "Net Income": 764
    },
    "2020-01-31": {
        "Diluted EPS": 0.46,
        "Total Revenue": NaN,
        "Gross Profit": NaN,
        "Operating Income": 865,
        "EBIT": NaN,
        "Net Income": 678
    },
    "2019-10-31": {
        "Diluted EPS": 0.27,
        "Total Revenue": NaN,
        "Gross Profit": NaN,
        "Operating Income": 944,
        "EBIT": NaN,
        "Net Income": 388
    },
    "2019-07-31": {
        "Diluted EPS": 0.78,
        "Total Revenue": NaN,
        "Gross Profit": NaN,
        "Operating Income": NaN,
        "EBIT": NaN,
        "Net Income": NaN
    },
    "2019-04-30": {
        "Diluted EPS": 0.51,
        "Total Revenue": NaN,
        "Gross Profit": NaN,
        "Operating Income": 928,
        "EBIT": NaN,
        "Net Income": 782
    },
    "2019-01-31": {
        "Diluted EPS": 0.51,
        "Total Revenue": NaN,
        "Gross Profit": NaN,
        "Operating Income": 926,
        "EBIT": NaN,
        "Net Income": 803
    },
    "2018-10-31": {
        "Diluted EPS": 0.92,
        "Total Revenue": NaN,
        "Gross Profit": NaN,
        "Operating Income": 994,
        "EBIT": NaN,
        "Net Income": NaN
    },
    "2018-07-31": {
        "Diluted EPS": 0.54,
        "Total Revenue": NaN,
        "Gross Profit": NaN,
        "Operating Income": NaN,
        "EBIT": NaN,
        "Net Income": 880
    },
    "2018-04-30": {
        "Diluted EPS": 0.64,
        "Total Revenue": NaN,
        "Gross Profit": NaN,
        "Operating Income": 906,
        "EBIT": NaN,
        "Net Income": NaN
    },
    "2018-01-31": {
        "Diluted EPS": 1.16,
        "Total Revenue": NaN,
        "Gross Profit": NaN,
        "Operating Income": 913,
        "EBIT": NaN,
        "Net Income": NaN
    },
    "2017-10-31": {
        "Diluted EPS": 0.38,
        "Total Revenue": NaN,
        "Gross Profit": NaN,
        "Operating Income": 739,
        "EBIT": 830,
        "Net Income": 660
    },
    "2017-07-31": {
        "Diluted EPS": 0.41,
        "Total Revenue": NaN,
        "Gross Profit": NaN,
        "Operating Income": 955,
        "EBIT": NaN,
        "Net Income": 696
    },
    "2017-04-30": {
        "Diluted EPS": 0.33,
        "Total Revenue": NaN,
        "Gross Profit": NaN,
        "Operating Income": 818,
        "EBIT": 907,
        "Net Income": 559
    },
    "2017-01-31": {
        "Diluted EPS": 0.36,
        "Total Revenue": NaN,
        "Gross Profit": NaN,
        "Operating Income": 856,
        "EBIT": 940,
        "Net Income": 611
    },
    "2016-10-31": {
        "Diluted EPS": 0.29,
        "Total Revenue": NaN,
        "Gross Profit": NaN,
        "Operating Income": 663,
        "EBIT": 746,
        "Net Income": 492
    },
    "2016-07-31": {
        "Diluted EPS": 0.45,
        "Total Revenue": NaN,
        "Gross Profit": NaN,
        "Operating Income": NaN,
        "EBIT": NaN,
        "Net Income": 783
    },
    "2016-04-30": {
        "Diluted EPS": 0.36,
        "Total Revenue": NaN,
        "Gross Profit": NaN,
        "Operating Income": 841,
        "EBIT": 926,
        "Net Income": 629
    },
    "2016-01-31": {
        "Diluted EPS": 0.33,
        "Total Revenue": NaN,
        "Gross Profit": NaN,
        "Operating Income": 928,
        "EBIT": NaN,
        "Net Income": 592
    },
    "2015-10-31": {
        "Diluted EPS": 0.73,
        "Total Revenue": NaN,
        "Gross Profit": NaN,
        "Operating Income": 908,
        "EBIT": NaN,
        "Net Income": NaN
    },
    "2015-07-31": {
        "Diluted EPS": 0.47,
        "Total Revenue": NaN,
        "Gross Profit": NaN,
        "Operating Income": NaN,
        "EBIT": NaN,
        "Net Income": 854
    },
    "2015-04-30": {
        "Diluted EPS": 0.55,
        "Total Revenue": NaN,
        "Gross Profit": NaN,
        "Operating Income": 997,
        "EBIT": NaN,
        "Net Income": NaN
    },
    "2015-01-31": {
        "Diluted EPS": 0.73,
        "Total Revenue": NaN,
        "Gross Profit": NaN,
        "Operating Income": NaN,
        "EBIT": NaN,
        "Net Income": NaN
    },
    "2014-10-31": {
        "Diluted EPS": 0.7,
        "Total Revenue": NaN,
        "Gross Profit": NaN,
        "Operating Income": NaN,
        "EBIT": 54,
        "Net Income": NaN
    },
    "2014-07-31": {
        "Diluted EPS": 0.52,
        "Total Revenue": NaN,
        "Gross Profit": NaN,
        "Operating Income": NaN,
        "EBIT": NaN,
        "Net Income": 985
    },
    "2014-04-30": {
        "Diluted EPS": 0.66,
        "Total Revenue": NaN,
        "Gross Profit": NaN,
        "Operating Income": NaN,
        "EBIT": NaN,
        "Net Income": NaN
    },
    "2014-01-31": {
        "Diluted EPS": 0.74,
        "Total Revenue": NaN,
        "Gross Profit": NaN,
        "Operating Income": NaN,
        "EBIT": NaN,
        "Net Income": NaN
    },
    "2013-10-31": {
        "Diluted EPS": 0.73,
        "Total Revenue": NaN,
        "Gross Profit": NaN,
        "Operating Income": NaN,
        "EBIT": NaN,
        "Net Income": NaN
    },
    "2013-07-31": {
        "Diluted EPS": 0.71,
        "Total Revenue": NaN,
        "Gross Profit": NaN,
        "Operating Income": NaN,
        "EBIT": NaN,
        "Net Income": NaN
    },
    "2013-04-30": {
        "Diluted EPS": 0.55,
        "Total Revenue": NaN,
        "Gross Profit": NaN,
        "Operating Income": NaN,
        "EBIT": NaN,
        "Net Income": NaN
    },
    "2013-01-31": {
        "Diluted EPS": 0.63,
        "Total Revenue": NaN,
        "Gross Profit": NaN,
        "Operating Income": NaN,
        "EBIT": NaN,
        "Net Income": NaN
    },
    "2012-10-31": {
        "Diluted EPS": -3.45,
        "Total Revenue": NaN,
        "Gross Profit": NaN,
        "Operating Income": NaN,
        "EBIT": NaN,
        "Net Income": NaN
    },
    "2012-07-31": {
        "Diluted EPS": -4.49,
        "Total Revenue": NaN,
        "Gross Profit": NaN,
        "Operating Income": NaN,
        "EBIT": NaN,
        "Net Income": NaN
    },
    "2012-04-30": {
        "Diluted EPS": 0.8,
        "Total Revenue": NaN,
        "Gross Profit": NaN,
        "Operating Income": NaN,
        "EBIT": NaN,
        "Net Income": NaN
    },
    "2012-01-31": {
        "Diluted EPS": 0.73,
        "Total Revenue": NaN,
        "Gross Profit": NaN,
        "Operating Income": NaN,
        "EBIT": NaN,
        "Net Income": NaN
    },
    "2011-10-31": {
        "Diluted EPS": 0.17,
        "Total Revenue": NaN,
        "Gross Profit": NaN,
        "Operating Income": 795,
        "EBIT": NaN,
        "Net Income": 239
    },
    "2011-07-31": {
        "Diluted EPS": 0.93,
        "Total Revenue": NaN,
        "Gross Profit": NaN,
        "Operating Income": NaN,
        "EBIT": NaN,
        "Net Income": NaN
    },
    "2011-04-30": {
        "Diluted EPS": 1.05,
        "Total Revenue": NaN,
        "Gross Profit": NaN,
        "Operating Income": NaN,
        "EBIT": NaN,
        "Net Income": NaN
    },
    "2011-01-31": {
        "Diluted EPS": 1.17,
        "Total Revenue": NaN,
        "Gross Profit": NaN,
        "Operating Income": NaN,
        "EBIT": NaN,
        "Net Income": NaN
    },
    "2010-10-31": {
        "Diluted EPS": 1.1,
        "Total Revenue": NaN,
        "Gross Profit": NaN,
        "Operating Income": NaN,
        "EBIT": NaN,
        "Net Income": NaN
    },
    "2010-07-31": {
        "Diluted EPS": 0.75,
        "Total Revenue": NaN,
        "Gross Profit": NaN,
        "Operating Income": NaN,
        "EBIT": NaN,
        "Net Income": NaN
    },
    "2010-04-30": {
        "Diluted EPS": 0.91,
        "Total Revenue": NaN,
        "Gross Profit": NaN,
        "Operating Income": NaN,
        "EBIT": NaN,
        "Net Income": NaN
    },
    "2010-01-31": {
        "Diluted EPS": 0.93,
        "Total Revenue": NaN,
        "Gross Profit": NaN,
        "Operating Income": NaN,
        "EBIT": NaN,
        "Net Income": NaN
    },
    "2009-10-31": {
        "Diluted EPS": 0.99,
        "Total Revenue": NaN,
        "Gross Profit": NaN,
        "Operating Income": NaN,
        "EBIT": NaN,
        "Net Income": NaN
    },
    "2009-07-31": {
        "Diluted EPS": 0.69,
        "Total Revenue": NaN,
        "Gross Profit": NaN,
        "Operating Income": NaN,
        "EBIT": NaN,
        "Net Income": NaN
    },
    "2009-04-30": {
        "Diluted EPS": 0.71,
        "Total Revenue": NaN,
        "Gross Profit": NaN,
        "Operating Income": NaN,
        "EBIT": NaN,
        "Net Income": NaN
    },
    "2009-01-31": {
        "Diluted EPS": 0.75,
        "Total Revenue": NaN,
        "Gross Profit": NaN,
        "Operating Income": NaN,
        "EBIT": NaN,
        "Net Income": NaN
    },
    "2023-07-31": {
        "Tax Effect Of Unusual Items": NaN,
        "Tax Rate For Calcs": NaN,
        "Normalized EBITDA": NaN,
        "Total Unusual Items": NaN,
        "Total Unusual Items Excluding Goodwill": NaN,
        "Net Income From Continuing Operation Net Minority Interest": NaN,
        "Reconciled Depreciation": NaN,
        "Reconciled Cost Of Revenue": NaN,
        "EBITDA": NaN,
        "EBIT": NaN,
        "Net Interest Income": NaN,
        "Interest Expense": NaN,
        "Normalized Income": NaN,
        "Net Income From Continuing And Discontinued Operation": NaN,
        "Total Expenses": NaN,
        "Total Operating Income As Reported": NaN,
        "Diluted Average Shares": 1002000000.0,
        "Basic Average Shares": 993000000.0,
        "Diluted EPS": 0.76,
        "Basic EPS": 0.77,
        "Diluted NI Availto Com Stockholders": NaN,
        "Net Income Common Stockholders": NaN,
        "Net Income": NaN,
        "Net Income Including Noncontrolling Interests": NaN,
        "Net Income Continuous Operations": NaN,
        "Tax Provision": NaN,
        "Pretax Income": NaN,
        "Other Income Expense": NaN,
        "Other Non Operating Income Expenses": NaN,
        "Special Income Charges": NaN,
        "Other Special Charges": -115000000.0,
        "Restructuring And Mergern Acquisition": NaN,
        "Net Non Operating Interest Income Expense": NaN,
        "Interest Expense Non Operating": NaN,
        "Operating Income": NaN,
        "Operating Expense": NaN,
        "Depreciation Amortization Depletion Income Statement": NaN,
        "Depreciation And Amortization In Income Statement": NaN,
        "Amortization": NaN,
        "Amortization Of Intangibles Income Statement": NaN,
        "Research And Development": NaN,
        "Selling General And Administration": NaN,
        "Gross Profit": NaN,
        "Cost Of Revenue": NaN,
        "Total Revenue": NaN,
        "Operating Revenue": NaN
    },
    "2023-10-31": {
        "Tax Effect Of Unusual Items": -30660000.0,
        "Tax Rate For Calcs": 0.21,
        "Normalized EBITDA": 1366000000.0,
        "Total Unusual Items": -146000000.0,
        "Total Unusual Items Excluding Goodwill": -146000000.0,
        "Net Income From Continuing Operation Net Minority Interest": 974000000.0,
        "Reconciled Depreciation": 212000000.0,
        "Reconciled Cost Of Revenue": 10708000000.0,
        "EBITDA": 1220000000.0,
        "EBIT": 1008000000.0,
        "Net Interest Income": -156000000.0,
        "Interest Expense": 156000000.0,
        "Normalized Income": 1089340000.0,
        "Net Income From Continuing And Discontinued Operation": 974000000.0,
        "Total Expenses": 12657000000.0,
        "Total Operating Income As Reported": 1014000000.0,
        "Diluted Average Shares": 1004000000.0,
        "Basic Average Shares": 994000000.0,
        "Diluted EPS": 0.97,
        "Basic EPS": 0.98,
        "Diluted NI Availto Com Stockholders": 974000000.0,
        "Net Income Common Stockholders": 974000000.0,
        "Net Income": 974000000.0,
        "Net Income Including Noncontrolling Interests": 974000000.0,
        "Net Income Continuous Operations": 974000000.0,
        "Tax Provision": -122000000.0,
        "Pretax Income": 852000000.0,
        "Other Income Expense": -152000000.0,
        "Other Non Operating Income Expenses": -6000000.0,
        "Special Income Charges": -146000000.0,
        "Other Special Charges": 0.0,
        "Restructuring And Mergern Acquisition": 146000000.0,
        "Net Non Operating Interest Income Expense": -156000000.0,
        "Interest Expense Non Operating": 156000000.0,
        "Operating Income": 1160000000.0,
        "Operating Expense": 1825000000.0,
        "Depreciation Amortization Depletion Income Statement": 88000000.0,
        "Depreciation And Amortization In Income Statement": 88000000.0,
        "Amortization": 88000000.0,
        "Amortization Of Intangibles Income Statement": 88000000.0,
        "Research And Development": 411000000.0,
        "Selling General And Administration": 1326000000.0,
        "Gross Profit": 2985000000.0,
        "Cost Of Revenue": 10832000000.0,
        "Total Revenue": 13817000000.0,
        "Operating Revenue": 13817000000.0
    },
    "2024-01-31": {
        "Tax Effect Of Unusual Items": -19440000.0,
        "Tax Rate For Calcs": 0.216,
        "Normalized EBITDA": 1244000000.0,
        "Total Unusual Items": -90000000.0,
        "Total Unusual Items Excluding Goodwill": -90000000.0,
        "Net Income From Continuing Operation Net Minority Interest": 622000000.0,
        "Reconciled Depreciation": 205000000.0,
        "Reconciled Cost Of Revenue": 10173000000.0,
        "EBITDA": 1154000000.0,
        "EBIT": 949000000.0,
        "Net Interest Income": -156000000.0,
        "Interest Expense": 156000000.0,
        "Normalized Income": 692560000.0,
        "Net Income From Continuing And Discontinued Operation": 622000000.0,
        "Total Expenses": 12160000000.0,
        "Total Operating Income As Reported": 935000000.0,
        "Diluted Average Shares": 1002000000.0,
        "Basic Average Shares": 995000000.0,
        "Diluted EPS": 0.62,
        "Basic EPS": 0.63,
        "Diluted NI Availto Com Stockholders": 622000000.0,
        "Net Income Common Stockholders": 622000000.0,
        "Net Income": 622000000.0,
        "Net Income Including Noncontrolling Interests": 622000000.0,
        "Net Income Continuous Operations": 622000000.0,
        "Tax Provision": 171000000.0,
        "Pretax Income": 793000000.0,
        "Other Income Expense": -76000000.0,
        "Other Non Operating Income Expenses": 14000000.0,
        "Special Income Charges": -90000000.0,
        "Other Special Charges": NaN,
        "Restructuring And Mergern Acquisition": 90000000.0,
        "Net Non Operating Interest Income Expense": -156000000.0,
        "Interest Expense Non Operating": 156000000.0,
        "Operating Income": 1025000000.0,
        "Operating Expense": 1863000000.0,
        "Depreciation Amortization Depletion Income Statement": 81000000.0,
        "Depreciation And Amortization In Income Statement": 81000000.0,
        "Amortization": 81000000.0,
        "Amortization Of Intangibles Income Statement": 81000000.0,
        "Research And Development": 399000000.0,
        "Selling General And Administration": 1383000000.0,
        "Gross Profit": 2888000000.0,
        "Cost Of Revenue": 10297000000.0,
        "Total Revenue": 13185000000.0,
        "Operating Revenue": 13185000000.0
    },
    "2024-04-30": {
        "Tax Effect Of Unusual Items": -22134000.0,
        "Tax Rate For Calcs": 0.238,
        "Normalized EBITDA": 1261000000.0,
        "Total Unusual Items": -93000000.0,
        "Total Unusual Items Excluding Goodwill": -93000000.0,
        "Net Income From Continuing Operation Net Minority Interest": 607000000.0,
        "Reconciled Depreciation": 209000000.0,
        "Reconciled Cost Of Revenue": 9648000000.0,
        "EBITDA": 1168000000.0,
        "EBIT": 959000000.0,
        "Net Interest Income": -162000000.0,
        "Interest Expense": 162000000.0,
        "Normalized Income": 677866000.0,
        "Net Income From Continuing And Discontinued Operation": 607000000.0,
        "Total Expenses": 11755000000.0,
        "Total Operating Income As Reported": 952000000.0,
        "Diluted Average Shares": 990000000.0,
        "Basic Average Shares": 984000000.0,
        "Diluted EPS": 0.61,
        "Basic EPS": 0.62,
        "Diluted NI Availto Com Stockholders": 607000000.0,
        "Net Income Common Stockholders": 607000000.0,
        "Net Income": 607000000.0,
        "Net Income Including Noncontrolling Interests": 607000000.0,
        "Net Income Continuous Operations": 607000000.0,
        "Tax Provision": 190000000.0,
        "Pretax Income": 797000000.0,
        "Other Income Expense": -86000000.0,
        "Other Non Operating Income Expenses": 7000000.0,
        "Special Income Charges": -93000000.0,
        "Other Special Charges": NaN,
        "Restructuring And Mergern Acquisition": 93000000.0,
        "Net Non Operating Interest Income Expense": -162000000.0,
        "Interest Expense Non Operating": 162000000.0,
        "Operating Income": 1045000000.0,
        "Operating Expense": 1978000000.0,
        "Depreciation Amortization Depletion Income Statement": 80000000.0,
        "Depreciation And Amortization In Income Statement": 80000000.0,
        "Amortization": 80000000.0,
        "Amortization Of Intangibles Income Statement": 80000000.0,
        "Research And Development": 436000000.0,
        "Selling General And Administration": 1462000000.0,
        "Gross Profit": 3023000000.0,
        "Cost Of Revenue": 9777000000.0,
        "Total Revenue": 12800000000.0,
        "Operating Revenue": 12800000000.0
    },
    "2024-07-31": {
        "Tax Effect Of Unusual Items": -15368000.0,
        "Tax Rate For Calcs": 0.226,
        "Normalized EBITDA": 1252000000.0,
        "Total Unusual Items": -68000000.0,
        "Total Unusual Items Excluding Goodwill": -68000000.0,
        "Net Income From Continuing Operation Net Minority Interest": 640000000.0,
        "Reconciled Depreciation": 208000000.0,
        "Reconciled Cost Of Revenue": 10486000000.0,
        "EBITDA": 1184000000.0,
        "EBIT": 976000000.0,
        "Net Interest Income": -149000000.0,
        "Interest Expense": 149000000.0,
        "Normalized Income": 692632000.0,
        "Net Income From Continuing And Discontinued Operation": 640000000.0,
        "Total Expenses": 12511000000.0,
        "Total Operating Income As Reported": 940000000.0,
        "Diluted Average Shares": 990000000.0,
        "Basic Average Shares": 979000000.0,
        "Diluted EPS": 0.65,
        "Basic EPS": 0.65,
        "Diluted NI Availto Com Stockholders": 640000000.0,
        "Net Income Common Stockholders": 640000000.0,
        "Net Income": 640000000.0,
        "Net Income Including Noncontrolling Interests": 640000000.0,
        "Net Income Continuous Operations": 640000000.0,
        "Tax Provision": 187000000.0,
        "Pretax Income": 827000000.0,
        "Other Income Expense": -32000000.0,
        "Other Non Operating Income Expenses": 36000000.0,
        "Special Income Charges": -68000000.0,
        "Other Special Charges": NaN,
        "Restructuring And Mergern Acquisition": 68000000.0,
        "Net Non Operating Interest Income Expense": -149000000.0,
        "Interest Expense Non Operating": 149000000.0,
        "Operating Income": 1008000000.0,
        "Operating Expense": 1898000000.0,
        "Depreciation Amortization Depletion Income Statement": 81000000.0,
        "Depreciation And Amortization In Income Statement": 81000000.0,
        "Amortization": 81000000.0,
        "Amortization Of Intangibles Income Statement": 81000000.0,
        "Research And Development": 413000000.0,
        "Selling General And Administration": 1404000000.0,
        "Gross Profit": 2906000000.0,
        "Cost Of Revenue": 10613000000.0,
        "Total Revenue": 13519000000.0,
        "Operating Revenue": 13519000000.0
    },
    "2024-10-31": {
        "Tax Effect Of Unusual Items": -28560000.0,
        "Tax Rate For Calcs": 0.21,
        "Normalized EBITDA": 1353000000.0,
        "Total Unusual Items": -136000000.0,
        "Total Unusual Items Excluding Goodwill": -136000000.0,
        "Net Income From Continuing Operation Net Minority Interest": 906000000.0,
        "Reconciled Depreciation": 208000000.0,
        "Reconciled Cost Of Revenue": 10922000000.0,
        "EBITDA": 1217000000.0,
        "EBIT": 1009000000.0,
        "Net Interest Income": -147000000.0,
        "Interest Expense": 147000000.0,
        "Normalized Income": 1013440000.0,
        "Net Income From Continuing And Discontinued Operation": 906000000.0,
        "Total Expenses": 12931000000.0,
        "Total Operating Income As Reported": 991000000.0,
        "Diluted Average Shares": NaN,
        "Basic Average Shares": NaN,
        "Diluted EPS": NaN,
        "Basic EPS": NaN,
        "Diluted NI Availto Com Stockholders": 906000000.0,
        "Net Income Common Stockholders": 906000000.0,
        "Net Income": 906000000.0,
        "Net Income Including Noncontrolling Interests": 906000000.0,
        "Net Income Continuous Operations": 906000000.0,
        "Tax Provision": -44000000.0,
        "Pretax Income": 862000000.0,
        "Other Income Expense": -115000000.0,
        "Other Non Operating Income Expenses": 21000000.0,
        "Special Income Charges": -136000000.0,
        "Other Special Charges": NaN,
        "Restructuring And Mergern Acquisition": 133000000.0,
        "Net Non Operating Interest Income Expense": -147000000.0,
        "Interest Expense Non Operating": 147000000.0,
        "Operating Income": 1124000000.0,
        "Operating Expense": 1877000000.0,
        "Depreciation Amortization Depletion Income Statement": 76000000.0,
        "Depreciation And Amortization In Income Statement": 76000000.0,
        "Amortization": 76000000.0,
        "Amortization Of Intangibles Income Statement": 76000000.0,
        "Research And Development": 392000000.0,
        "Selling General And Administration": 1409000000.0,
        "Gross Profit": 3001000000.0,
        "Cost Of Revenue": 11054000000.0,
        "Total Revenue": 14055000000.0,
        "Operating Revenue": 14055000000.0
    }
}