{
    "2023-04-30": {
        "Tax Effect Of Unusual Items": 0.0,
        "Tax Rate For Calcs": 0.221,
        "Normalized EBITDA": 358902000.0,
        "Net Income From Continuing Operation Net Minority Interest": 217239000.0,
        "Reconciled Depreciation": 61740000.0,
        "Reconciled Cost Of Revenue": 2486220000.0,
        "EBITDA": 358902000.0,
        "EBIT": 297162000.0,
        "Net Interest Income": -16958000.0,
        "Interest Expense": 18323000.0,
        "Interest Income": 1365000.0,
        "Normalized Income": 217239000.0,
        "Net Income From Continuing And Discontinued Operation": 217239000.0,
        "Total Expenses": 2698712000.0,
        "Total Operating Income As Reported": 295798000.0,
        "Diluted Average Shares": 549013000.0,
        "Basic Average Shares": 546424000.0,
        "Diluted EPS": 0.4,
        "Basic EPS": 0.4,
        "Diluted NI Availto Com Stockholders": 217239000.0,
        "Net Income Common Stockholders": 217239000.0,
        "Net Income": 217239000.0,
        "Minority Interests": 24000.0,
        "Net Income Including Noncontrolling Interests": 217215000.0,
        "Net Income Continuous Operations": 217215000.0,
        "Tax Provision": 61624000.0,
        "Pretax Income": 278839000.0,
        "Other Income Expense": 16870000.0,
        "Earnings From Equity Interest": 16870000.0,
        "Net Non Operating Interest Income Expense": -16958000.0,
        "Interest Expense Non Operating": 18323000.0,
        "Interest Income Non Operating": 1365000.0,
        "Operating Income": 278927000.0,
        "Operating Expense": 212492000.0,
        "Selling General And Administration": 212492000.0,
        "Gross Profit": 491419000.0,
        "Cost Of Revenue": 2486220000.0,
        "Total Revenue": 2977639000.0,
        "Operating Revenue": 2977639000.0
    },
    "2023-01-31": {
        "Tax Effect Of Unusual Items": 0.0,
        "Tax Rate For Calcs": 0.226,
        "Normalized EBITDA": 361051000.0,
        "Net Income From Continuing Operation Net Minority Interest": 217719000.0,
        "Reconciled Depreciation": 61503000.0,
        "Reconciled Cost Of Revenue": 2475043000.0,
        "EBITDA": 361051000.0,
        "EBIT": 299548000.0,
        "Net Interest Income": -8251000.0,
        "Interest Expense": 18347000.0,
        "Interest Income": 10096000.0,
        "Normalized Income": 217719000.0,
        "Net Income From Continuing And Discontinued Operation": 217719000.0,
        "Total Expenses": 2697099000.0,
        "Total Operating Income As Reported": 289452000.0,
        "Diluted Average Shares": 547920000.0,
        "Basic Average Shares": 547020000.0,
        "Diluted EPS": 0.4,
        "Basic EPS": 0.4,
        "Diluted NI Availto Com Stockholders": 217719000.0,
        "Net Income Common Stockholders": 217719000.0,
        "Net Income": 217719000.0,
        "Minority Interests": 69000.0,
        "Net Income Including Noncontrolling Interests": 217651000.0,
        "Net Income Continuous Operations": 217651000.0,
        "Tax Provision": 63551000.0,
        "Pretax Income": 281201000.0,
        "Other Income Expense": 15559000.0,
        "Earnings From Equity Interest": 15559000.0,
        "Net Non Operating Interest Income Expense": -8251000.0,
        "Interest Expense Non Operating": 18347000.0,
        "Interest Income Non Operating": 10096000.0,
        "Operating Income": 273893000.0,
        "Operating Expense": 222056000.0,
        "Selling General And Administration": 222056000.0,
        "Gross Profit": 495949000.0,
        "Cost Of Revenue": 2475043000.0,
        "Total Revenue": 2970992000.0,
        "Operating Revenue": 2970992000.0
    },
    "2022-10-31": {
        "Tax Effect Of Unusual Items": 0.0,
        "Tax Rate For Calcs": 0.216741,
        "Normalized EBITDA": 446282000.0,
        "Net Income From Continuing Operation Net Minority Interest": 279884000.0,
        "Reconciled Depreciation": 71185000.0,
        "Reconciled Cost Of Revenue": 2717058000.0,
        "EBITDA": 446282000.0,
        "EBIT": 375097000.0,
        "Net Interest Income": -9668000.0,
        "Interest Expense": 17602000.0,
        "Interest Income": 7934000.0,
        "Normalized Income": 279884000.0,
        "Net Income From Continuing And Discontinued Operation": 279884000.0,
        "Total Expenses": 2923546000.0,
        "Total Operating Income As Reported": 367164000.0,
        "Diluted Average Shares": 550135000.0,
        "Basic Average Shares": 546213000.0,
        "Diluted EPS": 0.51,
        "Basic EPS": 0.51,
        "Diluted NI Availto Com Stockholders": 279884000.0,
        "Net Income Common Stockholders": 279884000.0,
        "Net Income": 279884000.0,
        "Minority Interests": -127000.0,
        "Net Income Including Noncontrolling Interests": 280011000.0,
        "Net Income Continuous Operations": 280011000.0,
        "Tax Provision": 77484000.0,
        "Pretax Income": 357495000.0,
        "Other Income Expense": 7234000.0,
        "Earnings From Equity Interest": 7234000.0,
        "Net Non Operating Interest Income Expense": -9668000.0,
        "Interest Expense Non Operating": 17602000.0,
        "Interest Income Non Operating": 7934000.0,
        "Operating Income": 359929000.0,
        "Operating Expense": 206488000.0,
        "Selling General And Administration": 206488000.0,
        "Gross Profit": 566417000.0,
        "Cost Of Revenue": 2717058000.0,
        "Total Revenue": 3283475000.0,
        "Operating Revenue": 3283475000.0
    },
    "2022-07-31": {
        "Tax Effect Of Unusual Items": 0.0,
        "Tax Rate For Calcs": 0.245,
        "Normalized EBITDA": 370583000.0,
        "Net Income From Continuing Operation Net Minority Interest": 218915000.0,
        "Reconciled Depreciation": 65132000.0,
        "Reconciled Cost Of Revenue": 2528364000.0,
        "EBITDA": 370583000.0,
        "EBIT": 305451000.0,
        "Net Interest Income": -1204000.0,
        "Interest Expense": 15615000.0,
        "Interest Income": 14411000.0,
        "Normalized Income": 218915000.0,
        "Net Income From Continuing And Discontinued Operation": 218915000.0,
        "Total Expenses": 2750511000.0,
        "Total Operating Income As Reported": 291040000.0,
        "Diluted Average Shares": 550167000.0,
        "Basic Average Shares": 546077000.0,
        "Diluted EPS": 0.4,
        "Basic EPS": 0.4,
        "Diluted NI Availto Com Stockholders": 218915000.0,
        "Net Income Common Stockholders": 218915000.0,
        "Net Income": 218915000.0,
        "Minority Interests": 89000.0,
        "Net Income Including Noncontrolling Interests": 218826000.0,
        "Net Income Continuous Operations": 218826000.0,
        "Tax Provision": 71010000.0,
        "Pretax Income": 289836000.0,
        "Other Income Expense": 7138000.0,
        "Earnings From Equity Interest": 7138000.0,
        "Net Non Operating Interest Income Expense": -1204000.0,
        "Interest Expense Non Operating": 15615000.0,
        "Interest Income Non Operating": 14411000.0,
        "Operating Income": 283902000.0,
        "Operating Expense": 222147000.0,
        "Selling General And Administration": 222147000.0,
        "Gross Profit": 506049000.0,
        "Cost Of Revenue": 2528364000.0,
        "Total Revenue": 3034414000.0,
        "Operating Revenue": 3034414000.0
    },
    "2022-04-30": {
        "Diluted EPS": 0.48,
        "Total Revenue": NaN,
        "Gross Profit": 553,
        "Operating Income": 335,
        "EBIT": 403,
        "Net Income": 262
    },
    "2022-01-31": {
        "Diluted EPS": 0.44,
        "Total Revenue": NaN,
        "Gross Profit": 539,
        "Operating Income": 320,
        "EBIT": 391,
        "Net Income": 240
    },
    "2021-10-31": {
        "Diluted EPS": 0.51,
        "Total Revenue": NaN,
        "Gross Profit": 578,
        "Operating Income": 358,
        "EBIT": 434,
        "Net Income": 282
    },
    "2021-07-31": {
        "Diluted EPS": 0.32,
        "Total Revenue": NaN,
        "Gross Profit": 423,
        "Operating Income": 207,
        "EBIT": 277,
        "Net Income": 177
    },
    "2021-04-30": {
        "Diluted EPS": 0.42,
        "Total Revenue": NaN,
        "Gross Profit": 476,
        "Operating Income": 289,
        "EBIT": 355,
        "Net Income": 228
    },
    "2021-01-31": {
        "Diluted EPS": 0.41,
        "Total Revenue": NaN,
        "Gross Profit": 450,
        "Operating Income": 268,
        "EBIT": 333,
        "Net Income": 222
    },
    "2020-10-31": {
        "Diluted EPS": 0.42,
        "Total Revenue": NaN,
        "Gross Profit": 458,
        "Operating Income": 277,
        "EBIT": 342,
        "Net Income": 234
    },
    "2020-07-31": {
        "Diluted EPS": 0.37,
        "Total Revenue": NaN,
        "Gross Profit": 422,
        "Operating Income": 250,
        "EBIT": 308,
        "Net Income": 203
    },
    "2020-04-30": {
        "Diluted EPS": 0.42,
        "Total Revenue": NaN,
        "Gross Profit": 477,
        "Operating Income": 293,
        "EBIT": 354,
        "Net Income": 228
    },
    "2020-01-31": {
        "Diluted EPS": 0.45,
        "Total Revenue": NaN,
        "Gross Profit": 468,
        "Operating Income": 280,
        "EBIT": 337,
        "Net Income": 243
    },
    "2019-10-31": {
        "Diluted EPS": 0.47,
        "Total Revenue": NaN,
        "Gross Profit": 494,
        "Operating Income": 321,
        "EBIT": 375,
        "Net Income": 256
    },
    "2019-07-31": {
        "Diluted EPS": 0.37,
        "Total Revenue": NaN,
        "Gross Profit": 433,
        "Operating Income": 257,
        "EBIT": 302,
        "Net Income": 199
    },
    "2019-04-30": {
        "Diluted EPS": 0.52,
        "Total Revenue": NaN,
        "Gross Profit": 469,
        "Operating Income": 312,
        "EBIT": 366,
        "Net Income": 282
    },
    "2019-01-31": {
        "Diluted EPS": 0.44,
        "Total Revenue": NaN,
        "Gross Profit": 488,
        "Operating Income": 306,
        "EBIT": 358,
        "Net Income": 241
    },
    "2018-10-31": {
        "Diluted EPS": 0.47,
        "Total Revenue": NaN,
        "Gross Profit": 533,
        "Operating Income": 320,
        "EBIT": 386,
        "Net Income": 261
    },
    "2018-07-31": {
        "Diluted EPS": 0.39,
        "Total Revenue": NaN,
        "Gross Profit": 455,
        "Operating Income": 257,
        "EBIT": 311,
        "Net Income": 210
    },
    "2018-04-30": {
        "Diluted EPS": 0.44,
        "Total Revenue": NaN,
        "Gross Profit": 493,
        "Operating Income": 302,
        "EBIT": 356,
        "Net Income": 237
    },
    "2018-01-31": {
        "Diluted EPS": 0.56,
        "Total Revenue": NaN,
        "Gross Profit": 498,
        "Operating Income": 302,
        "EBIT": 365,
        "Net Income": 303
    },
    "2017-10-31": {
        "Diluted EPS": 0.4,
        "Total Revenue": NaN,
        "Gross Profit": 505,
        "Operating Income": 326,
        "EBIT": 373,
        "Net Income": 218
    },
    "2017-07-31": {
        "Diluted EPS": 0.34,
        "Total Revenue": NaN,
        "Gross Profit": 452,
        "Operating Income": 280,
        "EBIT": 316,
        "Net Income": 183
    },
    "2017-04-30": {
        "Diluted EPS": 0.39,
        "Total Revenue": NaN,
        "Gross Profit": 487,
        "Operating Income": 316,
        "EBIT": 358,
        "Net Income": 211
    },
    "2017-01-31": {
        "Diluted EPS": 0.44,
        "Total Revenue": NaN,
        "Gross Profit": 552,
        "Operating Income": 355,
        "EBIT": 400,
        "Net Income": 235
    },
    "2016-10-31": {
        "Diluted EPS": 0.45,
        "Total Revenue": NaN,
        "Gross Profit": 599,
        "Operating Income": 366,
        "EBIT": 412,
        "Net Income": 244
    },
    "2016-07-31": {
        "Diluted EPS": 0.36,
        "Total Revenue": NaN,
        "Gross Profit": 475,
        "Operating Income": 275,
        "EBIT": 314,
        "Net Income": 196
    },
    "2016-04-30": {
        "Diluted EPS": 0.4,
        "Total Revenue": NaN,
        "Gross Profit": 526,
        "Operating Income": 324,
        "EBIT": 367,
        "Net Income": 215
    },
    "2016-01-31": {
        "Diluted EPS": 0.43,
        "Total Revenue": NaN,
        "Gross Profit": 558,
        "Operating Income": 360,
        "EBIT": 403,
        "Net Income": 235
    },
    "2015-10-31": {
        "Diluted EPS": 0.35,
        "Total Revenue": NaN,
        "Gross Profit": 495,
        "Operating Income": 292,
        "EBIT": 356,
        "Net Income": 187
    },
    "2015-07-31": {
        "Diluted EPS": 0.27,
        "Total Revenue": NaN,
        "Gross Profit": 409,
        "Operating Income": 231,
        "EBIT": 271,
        "Net Income": 147
    },
    "2015-04-30": {
        "Diluted EPS": 0.33,
        "Total Revenue": NaN,
        "Gross Profit": 460,
        "Operating Income": 278,
        "EBIT": 319,
        "Net Income": 180
    },
    "2015-01-31": {
        "Diluted EPS": 0.32,
        "Total Revenue": NaN,
        "Gross Profit": 445,
        "Operating Income": 266,
        "EBIT": 300,
        "Net Income": 172
    },
    "2014-10-31": {
        "Diluted EPS": 0.32,
        "Total Revenue": NaN,
        "Gross Profit": 424,
        "Operating Income": 263,
        "EBIT": 302,
        "Net Income": 171
    },
    "2014-07-31": {
        "Diluted EPS": 0.26,
        "Total Revenue": NaN,
        "Gross Profit": 364,
        "Operating Income": 215,
        "EBIT": 251,
        "Net Income": 138
    },
    "2014-04-30": {
        "Diluted EPS": 0.26,
        "Total Revenue": NaN,
        "Gross Profit": 379,
        "Operating Income": 217,
        "EBIT": 252,
        "Net Income": 140
    },
    "2014-01-31": {
        "Diluted EPS": 0.29,
        "Total Revenue": NaN,
        "Gross Profit": 399,
        "Operating Income": 237,
        "EBIT": 274,
        "Net Income": 153
    },
    "2013-10-31": {
        "Diluted EPS": 0.3,
        "Total Revenue": NaN,
        "Gross Profit": 386,
        "Operating Income": 240,
        "EBIT": 274,
        "Net Income": 157
    },
    "2013-07-31": {
        "Diluted EPS": 0.21,
        "Total Revenue": NaN,
        "Gross Profit": 330,
        "Operating Income": 181,
        "EBIT": 214,
        "Net Income": 114
    },
    "2013-04-30": {
        "Diluted EPS": 0.23,
        "Total Revenue": NaN,
        "Gross Profit": 353,
        "Operating Income": 187,
        "EBIT": 225,
        "Net Income": 126
    },
    "2013-01-31": {
        "Diluted EPS": 0.24,
        "Total Revenue": NaN,
        "Gross Profit": 344,
        "Operating Income": 198,
        "EBIT": 238,
        "Net Income": 130
    },
    "2012-10-31": {
        "Diluted EPS": 0.25,
        "Total Revenue": NaN,
        "Gross Profit": 352,
        "Operating Income": 202,
        "EBIT": 243,
        "Net Income": 133
    },
    "2012-07-31": {
        "Diluted EPS": 0.21,
        "Total Revenue": NaN,
        "Gross Profit": 307,
        "Operating Income": 172,
        "EBIT": 211,
        "Net Income": 111
    },
    "2012-04-30": {
        "Diluted EPS": 0.24,
        "Total Revenue": NaN,
        "Gross Profit": 336,
        "Operating Income": 195,
        "EBIT": 231,
        "Net Income": 128
    },
    "2012-01-31": {
        "Diluted EPS": 0.24,
        "Total Revenue": NaN,
        "Gross Profit": 337,
        "Operating Income": 196,
        "EBIT": 238,
        "Net Income": 128
    },
    "2011-10-31": {
        "Diluted EPS": 0.22,
        "Total Revenue": NaN,
        "Gross Profit": 336,
        "Operating Income": 187,
        "EBIT": 226,
        "Net Income": 117
    },
    "2011-07-31": {
        "Diluted EPS": 0.18,
        "Total Revenue": NaN,
        "Gross Profit": 298,
        "Operating Income": 147,
        "EBIT": 183,
        "Net Income": 98
    },
    "2011-04-30": {
        "Diluted EPS": 0.2,
        "Total Revenue": NaN,
        "Gross Profit": 326,
        "Operating Income": 173,
        "EBIT": 211,
        "Net Income": 110
    },
    "2011-01-31": {
        "Diluted EPS": 0.28,
        "Total Revenue": NaN,
        "Gross Profit": 374,
        "Operating Income": 236,
        "EBIT": 274,
        "Net Income": 149
    },
    "2010-10-31": {
        "Diluted EPS": 0.22,
        "Total Revenue": NaN,
        "Gross Profit": 355,
        "Operating Income": 193,
        "EBIT": 230,
        "Net Income": 121
    },
    "2010-07-31": {
        "Diluted EPS": 0.16,
        "Total Revenue": NaN,
        "Gross Profit": 285,
        "Operating Income": 141,
        "EBIT": 173,
        "Net Income": 85
    },
    "2010-04-30": {
        "Diluted EPS": 0.15,
        "Total Revenue": NaN,
        "Gross Profit": 280,
        "Operating Income": 138,
        "EBIT": 172,
        "Net Income": 78
    },
    "2010-01-31": {
        "Diluted EPS": 0.21,
        "Total Revenue": NaN,
        "Gross Profit": 318,
        "Operating Income": 176,
        "EBIT": 209,
        "Net Income": 111
    },
    "2009-10-31": {
        "Diluted EPS": 0.2,
        "Total Revenue": NaN,
        "Gross Profit": 304,
        "Operating Income": 163,
        "EBIT": 197,
        "Net Income": 104
    },
    "2009-07-31": {
        "Diluted EPS": 0.14,
        "Total Revenue": NaN,
        "Gross Profit": 260,
        "Operating Income": 120,
        "EBIT": 152,
        "Net Income": 77
    },
    "2009-04-30": {
        "Diluted EPS": 0.15,
        "Total Revenue": NaN,
        "Gross Profit": 262,
        "Operating Income": 124,
        "EBIT": 157,
        "Net Income": 80
    },
    "2009-01-31": {
        "Diluted EPS": 0.15,
        "Total Revenue": NaN,
        "Gross Profit": 272,
        "Operating Income": 130,
        "EBIT": 162,
        "Net Income": 81
    },
    "2023-07-31": {
        "Tax Effect Of Unusual Items": 0.0,
        "Tax Rate For Calcs": 0.217,
        "Normalized EBITDA": 290081000.0,
        "Net Income From Continuing Operation Net Minority Interest": 162679000.0,
        "Reconciled Depreciation": 64083000.0,
        "Reconciled Cost Of Revenue": 2465251000.0,
        "EBITDA": 290081000.0,
        "EBIT": 225998000.0,
        "Net Interest Income": -9133000.0,
        "Interest Expense": 18372000.0,
        "Interest Income": 9239000.0,
        "Normalized Income": 162679000.0,
        "Net Income From Continuing And Discontinued Operation": 162679000.0,
        "Total Expenses": 2756324000.0,
        "Total Operating Income As Reported": 216759000.0,
        "Diluted Average Shares": 548637000.0,
        "Basic Average Shares": 546358000.0,
        "Diluted EPS": 0.3,
        "Basic EPS": 0.3,
        "Diluted NI Availto Com Stockholders": 162679000.0,
        "Net Income Common Stockholders": 162679000.0,
        "Net Income": 162679000.0,
        "Minority Interests": 108000.0,
        "Net Income Including Noncontrolling Interests": 162571000.0,
        "Net Income Continuous Operations": 162571000.0,
        "Tax Provision": 45055000.0,
        "Pretax Income": 207626000.0,
        "Other Income Expense": 9784000.0,
        "Earnings From Equity Interest": 9784000.0,
        "Net Non Operating Interest Income Expense": -9133000.0,
        "Interest Expense Non Operating": 18372000.0,
        "Interest Income Non Operating": 9239000.0,
        "Operating Income": 206975000.0,
        "Operating Expense": 291073000.0,
        "Selling General And Administration": 291073000.0,
        "Gross Profit": 498048000.0,
        "Cost Of Revenue": 2465251000.0,
        "Total Revenue": 2963299000.0,
        "Operating Revenue": 2963299000.0
    },
    "2023-10-31": {
        "Tax Effect Of Unusual Items": 0.0,
        "Tax Rate For Calcs": 0.204722,
        "Normalized EBITDA": 301045000.0,
        "Net Income From Continuing Operation Net Minority Interest": 195935000.0,
        "Reconciled Depreciation": 36879000.0,
        "Reconciled Cost Of Revenue": 2683655000.0,
        "EBITDA": 301045000.0,
        "EBIT": 264166000.0,
        "Net Interest Income": -24232000.0,
        "Interest Expense": 18360000.0,
        "Interest Income": -5872000.0,
        "Normalized Income": 195935000.0,
        "Net Income From Continuing And Discontinued Operation": 195935000.0,
        "Total Expenses": 2900201000.0,
        "Total Operating Income As Reported": 270037000.0,
        "Diluted Average Shares": 548249000.0,
        "Basic Average Shares": 546517000.0,
        "Diluted EPS": 0.36,
        "Basic EPS": 0.36,
        "Diluted NI Availto Com Stockholders": 195935000.0,
        "Net Income Common Stockholders": 195935000.0,
        "Net Income": 195935000.0,
        "Minority Interests": 453000.0,
        "Net Income Including Noncontrolling Interests": 195483000.0,
        "Net Income Continuous Operations": 195483000.0,
        "Tax Provision": 50322000.0,
        "Pretax Income": 245806000.0,
        "Other Income Expense": -27842000.0,
        "Earnings From Equity Interest": 541000.0,
        "Net Non Operating Interest Income Expense": -24232000.0,
        "Interest Expense Non Operating": 18360000.0,
        "Interest Income Non Operating": -5872000.0,
        "Operating Income": 297878000.0,
        "Operating Expense": 216546000.0,
        "Selling General And Administration": 216546000.0,
        "Gross Profit": 514424000.0,
        "Cost Of Revenue": 2683655000.0,
        "Total Revenue": 3198080000.0,
        "Operating Revenue": 3198080000.0
    },
    "2024-01-31": {
        "Tax Effect Of Unusual Items": 0.0,
        "Tax Rate For Calcs": 0.234,
        "Normalized EBITDA": 367940000.0,
        "Net Income From Continuing Operation Net Minority Interest": 218863000.0,
        "Reconciled Depreciation": 64067000.0,
        "Reconciled Cost Of Revenue": 2488178000.0,
        "EBITDA": 367940000.0,
        "EBIT": 303873000.0,
        "Net Interest Income": 1108000.0,
        "Interest Expense": 18326000.0,
        "Interest Income": 19434000.0,
        "Normalized Income": 218863000.0,
        "Net Income From Continuing And Discontinued Operation": 218863000.0,
        "Total Expenses": 2728564000.0,
        "Total Operating Income As Reported": 284438000.0,
        "Diluted Average Shares": 547920000.0,
        "Basic Average Shares": 547020000.0,
        "Diluted EPS": 0.4,
        "Basic EPS": 0.4,
        "Diluted NI Availto Com Stockholders": 218863000.0,
        "Net Income Common Stockholders": 218863000.0,
        "Net Income": 218863000.0,
        "Minority Interests": 134000.0,
        "Net Income Including Noncontrolling Interests": 218729000.0,
        "Net Income Continuous Operations": 218729000.0,
        "Tax Provision": 66818000.0,
        "Pretax Income": 285547000.0,
        "Other Income Expense": 16091000.0,
        "Earnings From Equity Interest": 16091000.0,
        "Net Non Operating Interest Income Expense": 1108000.0,
        "Interest Expense Non Operating": 18326000.0,
        "Interest Income Non Operating": 19434000.0,
        "Operating Income": 268347000.0,
        "Operating Expense": 240386000.0,
        "Selling General And Administration": 240386000.0,
        "Gross Profit": 508733000.0,
        "Cost Of Revenue": 2488178000.0,
        "Total Revenue": 2996911000.0,
        "Operating Revenue": 2996911000.0
    },
    "2024-04-30": {
        "Tax Effect Of Unusual Items": 0.0,
        "Tax Rate For Calcs": 0.225,
        "Normalized EBITDA": 329447000.0,
        "Net Income From Continuing Operation Net Minority Interest": 189278000.0,
        "Reconciled Depreciation": 63629000.0,
        "Reconciled Cost Of Revenue": 2383546000.0,
        "EBITDA": 329447000.0,
        "EBIT": 265818000.0,
        "Net Interest Income": -8182000.0,
        "Interest Expense": 21679000.0,
        "Interest Income": 13497000.0,
        "Normalized Income": 189278000.0,
        "Net Income From Continuing And Discontinued Operation": 189278000.0,
        "Total Expenses": 2650214000.0,
        "Total Operating Income As Reported": 252320000.0,
        "Diluted Average Shares": 548685000.0,
        "Basic Average Shares": 547868000.0,
        "Diluted EPS": 0.34,
        "Basic EPS": 0.35,
        "Diluted NI Availto Com Stockholders": 189278000.0,
        "Net Income Common Stockholders": 189278000.0,
        "Net Income": 189278000.0,
        "Minority Interests": 70000.0,
        "Net Income Including Noncontrolling Interests": 189207000.0,
        "Net Income Continuous Operations": 189207000.0,
        "Tax Provision": 54931000.0,
        "Pretax Income": 244139000.0,
        "Other Income Expense": 15182000.0,
        "Earnings From Equity Interest": 15182000.0,
        "Net Non Operating Interest Income Expense": -8182000.0,
        "Interest Expense Non Operating": 21679000.0,
        "Interest Income Non Operating": 13497000.0,
        "Operating Income": 237138000.0,
        "Operating Expense": 266668000.0,
        "Selling General And Administration": 266668000.0,
        "Gross Profit": 503806000.0,
        "Cost Of Revenue": 2383546000.0,
        "Total Revenue": 2887352000.0,
        "Operating Revenue": 2887352000.0
    },
    "2024-07-31": {
        "Tax Effect Of Unusual Items": 0.0,
        "Tax Rate For Calcs": 0.217,
        "Normalized EBITDA": 310836000.0,
        "Net Income From Continuing Operation Net Minority Interest": 176701000.0,
        "Reconciled Depreciation": 63658000.0,
        "Reconciled Cost Of Revenue": 2410075000.0,
        "EBITDA": 310836000.0,
        "EBIT": 247178000.0,
        "Net Interest Income": -10975000.0,
        "Interest Expense": 21459000.0,
        "Interest Income": 10484000.0,
        "Normalized Income": 176701000.0,
        "Net Income From Continuing And Discontinued Operation": 176701000.0,
        "Total Expenses": 2669728000.0,
        "Total Operating Income As Reported": 236693000.0,
        "Diluted Average Shares": 549266000.0,
        "Basic Average Shares": 548685000.0,
        "Diluted EPS": 0.32,
        "Basic EPS": 0.32,
        "Diluted NI Availto Com Stockholders": 176701000.0,
        "Net Income Common Stockholders": 176701000.0,
        "Net Income": 176701000.0,
        "Minority Interests": -34000.0,
        "Net Income Including Noncontrolling Interests": 176735000.0,
        "Net Income Continuous Operations": 176735000.0,
        "Tax Provision": 48984000.0,
        "Pretax Income": 225719000.0,
        "Other Income Expense": 7977000.0,
        "Earnings From Equity Interest": 7977000.0,
        "Net Non Operating Interest Income Expense": -10975000.0,
        "Interest Expense Non Operating": 21459000.0,
        "Interest Income Non Operating": 10484000.0,
        "Operating Income": 228716000.0,
        "Operating Expense": 259653000.0,
        "Selling General And Administration": 259653000.0,
        "Gross Profit": 488369000.0,
        "Cost Of Revenue": 2410075000.0,
        "Total Revenue": 2898443000.0,
        "Operating Revenue": 2898443000.0
    }
}