{
    "2023-06-30": {
        "Tax Effect Of Unusual Items": -5697260.0,
        "Tax Rate For Calcs": 0.074,
        "Normalized EBITDA": 658270000.0,
        "Total Unusual Items": -76990000.0,
        "Total Unusual Items Excluding Goodwill": -76990000.0,
        "Net Income From Continuing Operation Net Minority Interest": 406983000.0,
        "Reconciled Depreciation": 101588000.0,
        "Reconciled Cost Of Revenue": 1358181000.0,
        "EBITDA": 581280000.0,
        "EBIT": 479692000.0,
        "Net Interest Income": -36661000.0,
        "Interest Expense": 40172000.0,
        "Interest Income": 3511000.0,
        "Normalized Income": 478275740.0,
        "Net Income From Continuing And Discontinued Operation": 406983000.0,
        "Total Expenses": 1929985000.0,
        "Total Operating Income As Reported": 560665000.0,
        "Diluted Average Shares": 205533000.0,
        "Basic Average Shares": 204691000.0,
        "Diluted EPS": 1.98,
        "Basic EPS": 2.03,
        "Diluted NI Availto Com Stockholders": 406983000.0,
        "Net Income Common Stockholders": 406983000.0,
        "Net Income": 406983000.0,
        "Minority Interests": NaN,
        "Net Income Including Noncontrolling Interests": 406983000.0,
        "Net Income Continuous Operations": 406983000.0,
        "Tax Provision": 32537000.0,
        "Pretax Income": 439520000.0,
        "Other Income Expense": -84114000.0,
        "Other Non Operating Income Expenses": -7124000.0,
        "Special Income Charges": -76990000.0,
        "Write Off": 77360000.0,
        "Restructuring And Mergern Acquisition": -370000.0,
        "Net Non Operating Interest Income Expense": -36661000.0,
        "Interest Expense Non Operating": 40172000.0,
        "Interest Income Non Operating": 3511000.0,
        "Operating Income": 560295000.0,
        "Operating Expense": 571804000.0,
        "Selling General And Administration": 571804000.0,
        "General And Administrative Expense": NaN,
        "Other Gand A": NaN,
        "Salaries And Wages": NaN,
        "Gross Profit": 1132099000.0,
        "Cost Of Revenue": 1358181000.0,
        "Total Revenue": 2490280000.0,
        "Operating Revenue": 2490280000.0
    },
    "2023-03-31": {
        "Tax Effect Of Unusual Items": -184097.0,
        "Tax Rate For Calcs": 0.227,
        "Normalized EBITDA": 897705000.0,
        "Total Unusual Items": -811000.0,
        "Total Unusual Items Excluding Goodwill": -811000.0,
        "Net Income From Continuing Operation Net Minority Interest": 587185000.0,
        "Reconciled Depreciation": 98199000.0,
        "Reconciled Cost Of Revenue": 1605292000.0,
        "EBITDA": 896894000.0,
        "EBIT": 798695000.0,
        "Net Interest Income": -37685000.0,
        "Interest Expense": 39439000.0,
        "Interest Income": 1754000.0,
        "Normalized Income": 587811903.0,
        "Net Income From Continuing And Discontinued Operation": 587185000.0,
        "Total Expenses": 2190090000.0,
        "Total Operating Income As Reported": 799924000.0,
        "Diluted Average Shares": 205837000.0,
        "Basic Average Shares": 204860000.0,
        "Diluted EPS": 2.85,
        "Basic EPS": 2.94,
        "Diluted NI Availto Com Stockholders": 587185000.0,
        "Net Income Common Stockholders": 587185000.0,
        "Net Income": 587185000.0,
        "Minority Interests": NaN,
        "Net Income Including Noncontrolling Interests": 587185000.0,
        "Net Income Continuous Operations": 587185000.0,
        "Tax Provision": 172071000.0,
        "Pretax Income": 759256000.0,
        "Other Income Expense": -583000.0,
        "Other Non Operating Income Expenses": 228000.0,
        "Special Income Charges": -811000.0,
        "Write Off": 0.0,
        "Restructuring And Mergern Acquisition": 811000.0,
        "Net Non Operating Interest Income Expense": -37685000.0,
        "Interest Expense Non Operating": 39439000.0,
        "Interest Income Non Operating": 1754000.0,
        "Operating Income": 797524000.0,
        "Operating Expense": 584798000.0,
        "Selling General And Administration": 584798000.0,
        "General And Administrative Expense": 584798000.0,
        "Other Gand A": 581587000.0,
        "Salaries And Wages": 3211000.0,
        "Gross Profit": 1382322000.0,
        "Cost Of Revenue": 1605292000.0,
        "Total Revenue": 2987614000.0,
        "Operating Revenue": 2987614000.0
    },
    "2022-12-31": {
        "Tax Effect Of Unusual Items": NaN,
        "Tax Rate For Calcs": NaN,
        "Normalized EBITDA": NaN,
        "Total Unusual Items": NaN,
        "Total Unusual Items Excluding Goodwill": NaN,
        "Net Income From Continuing Operation Net Minority Interest": NaN,
        "Reconciled Depreciation": NaN,
        "Reconciled Cost Of Revenue": NaN,
        "EBITDA": NaN,
        "EBIT": NaN,
        "Net Interest Income": NaN,
        "Interest Expense": NaN,
        "Interest Income": NaN,
        "Normalized Income": NaN,
        "Net Income From Continuing And Discontinued Operation": NaN,
        "Total Expenses": NaN,
        "Total Operating Income As Reported": NaN,
        "Diluted Average Shares": NaN,
        "Basic Average Shares": NaN,
        "Diluted EPS": NaN,
        "Basic EPS": NaN,
        "Diluted NI Availto Com Stockholders": NaN,
        "Net Income Common Stockholders": NaN,
        "Net Income": NaN,
        "Minority Interests": 0.0,
        "Net Income Including Noncontrolling Interests": NaN,
        "Net Income Continuous Operations": NaN,
        "Tax Provision": NaN,
        "Pretax Income": NaN,
        "Other Income Expense": NaN,
        "Other Non Operating Income Expenses": NaN,
        "Special Income Charges": NaN,
        "Write Off": NaN,
        "Restructuring And Mergern Acquisition": NaN,
        "Net Non Operating Interest Income Expense": NaN,
        "Interest Expense Non Operating": NaN,
        "Interest Income Non Operating": NaN,
        "Operating Income": NaN,
        "Operating Expense": NaN,
        "Selling General And Administration": NaN,
        "General And Administrative Expense": NaN,
        "Other Gand A": NaN,
        "Salaries And Wages": NaN,
        "Gross Profit": NaN,
        "Cost Of Revenue": NaN,
        "Total Revenue": NaN,
        "Operating Revenue": NaN
    },
    "2022-09-30": {
        "Tax Effect Of Unusual Items": NaN,
        "Tax Rate For Calcs": NaN,
        "Normalized EBITDA": NaN,
        "Total Unusual Items": NaN,
        "Total Unusual Items Excluding Goodwill": NaN,
        "Net Income From Continuing Operation Net Minority Interest": NaN,
        "Reconciled Depreciation": NaN,
        "Reconciled Cost Of Revenue": NaN,
        "EBITDA": NaN,
        "EBIT": NaN,
        "Net Interest Income": NaN,
        "Interest Expense": NaN,
        "Interest Income": NaN,
        "Normalized Income": NaN,
        "Net Income From Continuing And Discontinued Operation": NaN,
        "Total Expenses": NaN,
        "Total Operating Income As Reported": NaN,
        "Diluted Average Shares": NaN,
        "Basic Average Shares": NaN,
        "Diluted EPS": NaN,
        "Basic EPS": NaN,
        "Diluted NI Availto Com Stockholders": NaN,
        "Net Income Common Stockholders": NaN,
        "Net Income": NaN,
        "Minority Interests": 0.0,
        "Net Income Including Noncontrolling Interests": NaN,
        "Net Income Continuous Operations": NaN,
        "Tax Provision": NaN,
        "Pretax Income": NaN,
        "Other Income Expense": NaN,
        "Other Non Operating Income Expenses": NaN,
        "Special Income Charges": NaN,
        "Write Off": NaN,
        "Restructuring And Mergern Acquisition": NaN,
        "Net Non Operating Interest Income Expense": NaN,
        "Interest Expense Non Operating": NaN,
        "Interest Income Non Operating": NaN,
        "Operating Income": NaN,
        "Operating Expense": NaN,
        "Selling General And Administration": NaN,
        "General And Administrative Expense": 556775000.0,
        "Other Gand A": 551880000.0,
        "Salaries And Wages": 4895000.0,
        "Gross Profit": NaN,
        "Cost Of Revenue": NaN,
        "Total Revenue": NaN,
        "Operating Revenue": NaN
    },
    "2022-06-30": {
        "Tax Effect Of Unusual Items": -3236864.0,
        "Tax Rate For Calcs": 0.218,
        "Normalized EBITDA": 545956000.0,
        "Total Unusual Items": -14848000.0,
        "Total Unusual Items Excluding Goodwill": -14848000.0,
        "Net Income From Continuing Operation Net Minority Interest": 315556000.0,
        "Reconciled Depreciation": 93846000.0,
        "Reconciled Cost Of Revenue": 1372583000.0,
        "EBITDA": 531108000.0,
        "EBIT": 437262000.0,
        "Net Interest Income": -33413000.0,
        "Interest Expense": 33802000.0,
        "Interest Income": 389000.0,
        "Normalized Income": 327167136.0,
        "Net Income From Continuing And Discontinued Operation": 315556000.0,
        "Total Expenses": 1916051000.0,
        "Total Operating Income As Reported": 456531000.0,
        "Diluted Average Shares": 206449000.0,
        "Basic Average Shares": 205476000.0,
        "Diluted EPS": 1.53,
        "Basic EPS": 1.57,
        "Diluted NI Availto Com Stockholders": 315556000.0,
        "Net Income Common Stockholders": 315556000.0,
        "Net Income": 315556000.0,
        "Minority Interests": 0.0,
        "Net Income Including Noncontrolling Interests": 315556000.0,
        "Net Income Continuous Operations": 315556000.0,
        "Tax Provision": 87904000.0,
        "Pretax Income": 403460000.0,
        "Other Income Expense": -19658000.0,
        "Other Non Operating Income Expenses": -4810000.0,
        "Special Income Charges": -14848000.0,
        "Write Off": 14848000.0,
        "Restructuring And Mergern Acquisition": 0.0,
        "Net Non Operating Interest Income Expense": -33413000.0,
        "Interest Expense Non Operating": 33802000.0,
        "Interest Income Non Operating": 389000.0,
        "Operating Income": 456531000.0,
        "Operating Expense": 543468000.0,
        "Selling General And Administration": 543468000.0,
        "Gross Profit": 999999000.0,
        "Cost Of Revenue": 1372583000.0,
        "Total Revenue": 2372582000.0,
        "Operating Revenue": 2372582000.0
    },
    "2022-03-31": {
        "Diluted EPS": 2.57,
        "Total Revenue": NaN,
        "Gross Profit": NaN,
        "Operating Income": 721,
        "EBIT": 812,
        "Net Income": 533
    },
    "2021-12-31": {
        "Diluted EPS": 1.62,
        "Total Revenue": NaN,
        "Gross Profit": NaN,
        "Operating Income": 459,
        "EBIT": 542,
        "Net Income": 336
    },
    "2021-09-30": {
        "Diluted EPS": 2.14,
        "Total Revenue": NaN,
        "Gross Profit": NaN,
        "Operating Income": 575,
        "EBIT": 653,
        "Net Income": 445
    },
    "2021-06-30": {
        "Diluted EPS": 1.45,
        "Total Revenue": NaN,
        "Gross Profit": 925,
        "Operating Income": 457,
        "EBIT": 533,
        "Net Income": 301
    },
    "2021-03-31": {
        "Diluted EPS": 1.9,
        "Total Revenue": NaN,
        "Gross Profit": NaN,
        "Operating Income": 553,
        "EBIT": 631,
        "Net Income": 396
    },
    "2020-12-31": {
        "Diluted EPS": 1.39,
        "Total Revenue": NaN,
        "Gross Profit": 962,
        "Operating Income": 405,
        "EBIT": 482,
        "Net Income": 291
    },
    "2020-09-30": {
        "Diluted EPS": 2.14,
        "Total Revenue": NaN,
        "Gross Profit": NaN,
        "Operating Income": 611,
        "EBIT": 687,
        "Net Income": 447
    },
    "2020-06-30": {
        "Diluted EPS": 1.29,
        "Total Revenue": NaN,
        "Gross Profit": 793,
        "Operating Income": 383,
        "EBIT": 455,
        "Net Income": 269
    },
    "2020-03-31": {
        "Diluted EPS": 1.29,
        "Total Revenue": NaN,
        "Gross Profit": 867,
        "Operating Income": 383,
        "EBIT": 453,
        "Net Income": 271
    },
    "2019-12-31": {
        "Diluted EPS": 0.99,
        "Total Revenue": NaN,
        "Gross Profit": 912,
        "Operating Income": 286,
        "EBIT": 359,
        "Net Income": 207
    },
    "2019-09-30": {
        "Diluted EPS": 1.54,
        "Total Revenue": NaN,
        "Gross Profit": 943,
        "Operating Income": 461,
        "EBIT": 535,
        "Net Income": 325
    },
    "2019-06-30": {
        "Diluted EPS": 1.48,
        "Total Revenue": NaN,
        "Gross Profit": 875,
        "Operating Income": 410,
        "EBIT": 482,
        "Net Income": 313
    },
    "2019-03-31": {
        "Diluted EPS": 1.45,
        "Total Revenue": NaN,
        "Gross Profit": 893,
        "Operating Income": 439,
        "EBIT": 511,
        "Net Income": 304
    },
    "2018-12-31": {
        "Diluted EPS": 1.6,
        "Total Revenue": NaN,
        "Gross Profit": 944,
        "Operating Income": 421,
        "EBIT": 462,
        "Net Income": 337
    },
    "2018-09-30": {
        "Diluted EPS": 1.25,
        "Total Revenue": NaN,
        "Gross Profit": 863,
        "Operating Income": 406,
        "EBIT": 510,
        "Net Income": 264
    },
    "2018-06-30": {
        "Diluted EPS": 1.08,
        "Total Revenue": NaN,
        "Gross Profit": 793,
        "Operating Income": 316,
        "EBIT": 392,
        "Net Income": 227
    },
    "2018-03-31": {
        "Diluted EPS": 1.65,
        "Total Revenue": NaN,
        "Gross Profit": 974,
        "Operating Income": 481,
        "EBIT": 555,
        "Net Income": 350
    },
    "2017-12-31": {
        "Diluted EPS": 0.85,
        "Total Revenue": NaN,
        "Gross Profit": 837,
        "Operating Income": 334,
        "EBIT": 402,
        "Net Income": 181
    },
    "2017-09-30": {
        "Diluted EPS": 1.28,
        "Total Revenue": NaN,
        "Gross Profit": 943,
        "Operating Income": 461,
        "EBIT": 732,
        "Net Income": 273
    },
    "2017-06-30": {
        "Diluted EPS": 0.95,
        "Total Revenue": NaN,
        "Gross Profit": 766,
        "Operating Income": 320,
        "EBIT": 388,
        "Net Income": 204
    },
    "2017-03-31": {
        "Diluted EPS": 0.58,
        "Total Revenue": NaN,
        "Gross Profit": 909,
        "Operating Income": 197,
        "EBIT": 262,
        "Net Income": 125
    },
    "2016-12-31": {
        "Diluted EPS": 0.54,
        "Total Revenue": NaN,
        "Gross Profit": 754,
        "Operating Income": 279,
        "EBIT": 343,
        "Net Income": 117
    },
    "2016-09-30": {
        "Diluted EPS": 1.06,
        "Total Revenue": NaN,
        "Gross Profit": 851,
        "Operating Income": 374,
        "EBIT": 459,
        "Net Income": 227
    },
    "2016-06-30": {
        "Diluted EPS": 0.68,
        "Total Revenue": NaN,
        "Gross Profit": 747,
        "Operating Income": 263,
        "EBIT": 360,
        "Net Income": 146
    },
    "2016-03-31": {
        "Diluted EPS": 1.06,
        "Total Revenue": NaN,
        "Gross Profit": 817,
        "Operating Income": 340,
        "EBIT": 399,
        "Net Income": 230
    },
    "2015-12-31": {
        "Diluted EPS": 0.84,
        "Total Revenue": NaN,
        "Gross Profit": 854,
        "Operating Income": 343,
        "EBIT": 405,
        "Net Income": 213
    },
    "2015-09-30": {
        "Diluted EPS": 0.7,
        "Total Revenue": NaN,
        "Gross Profit": 892,
        "Operating Income": 303,
        "EBIT": 398,
        "Net Income": 155
    },
    "2015-06-30": {
        "Diluted EPS": -0.46,
        "Total Revenue": NaN,
        "Gross Profit": 735,
        "Operating Income": 8,
        "EBIT": 318,
        "Net Income": -100
    },
    "2015-03-31": {
        "Diluted EPS": 1.11,
        "Total Revenue": NaN,
        "Gross Profit": 901,
        "Operating Income": 384,
        "EBIT": 443,
        "Net Income": 245
    },
    "2014-12-31": {
        "Diluted EPS": 0.91,
        "Total Revenue": NaN,
        "Gross Profit": 887,
        "Operating Income": 353,
        "EBIT": 427,
        "Net Income": 203
    },
    "2014-09-30": {
        "Diluted EPS": 1.0,
        "Total Revenue": NaN,
        "Gross Profit": 860,
        "Operating Income": 359,
        "EBIT": 412,
        "Net Income": 224
    },
    "2014-06-30": {
        "Diluted EPS": 0.75,
        "Total Revenue": NaN,
        "Gross Profit": 717,
        "Operating Income": 277,
        "EBIT": 328,
        "Net Income": 168
    },
    "2014-03-31": {
        "Diluted EPS": 1.11,
        "Total Revenue": NaN,
        "Gross Profit": 871,
        "Operating Income": 404,
        "EBIT": 453,
        "Net Income": 252
    },
    "2013-12-31": {
        "Diluted EPS": 0.82,
        "Total Revenue": NaN,
        "Gross Profit": 857,
        "Operating Income": 307,
        "EBIT": 357,
        "Net Income": 186
    },
    "2013-09-30": {
        "Diluted EPS": 1.03,
        "Total Revenue": NaN,
        "Gross Profit": 856,
        "Operating Income": 371,
        "EBIT": 422,
        "Net Income": 233
    },
    "2013-06-30": {
        "Diluted EPS": 0.7,
        "Total Revenue": NaN,
        "Gross Profit": 719,
        "Operating Income": 269,
        "EBIT": 319,
        "Net Income": 160
    },
    "2013-03-31": {
        "Diluted EPS": 1.06,
        "Total Revenue": NaN,
        "Gross Profit": 849,
        "Operating Income": 392,
        "EBIT": 441,
        "Net Income": 242
    },
    "2012-12-31": {
        "Diluted EPS": 0.66,
        "Total Revenue": NaN,
        "Gross Profit": 755,
        "Operating Income": 253,
        "EBIT": 300,
        "Net Income": 150
    },
    "2012-09-30": {
        "Diluted EPS": 0.77,
        "Total Revenue": NaN,
        "Gross Profit": 743,
        "Operating Income": 302,
        "EBIT": 355,
        "Net Income": 177
    },
    "2012-06-30": {
        "Diluted EPS": 0.59,
        "Total Revenue": NaN,
        "Gross Profit": 619,
        "Operating Income": 222,
        "EBIT": 277,
        "Net Income": 136
    },
    "2012-03-31": {
        "Diluted EPS": 0.87,
        "Total Revenue": NaN,
        "Gross Profit": 743,
        "Operating Income": 335,
        "EBIT": 389,
        "Net Income": 199
    },
    "2011-12-31": {
        "Diluted EPS": 0.62,
        "Total Revenue": NaN,
        "Gross Profit": 631,
        "Operating Income": 229,
        "EBIT": 287,
        "Net Income": 142
    },
    "2011-09-30": {
        "Diluted EPS": 0.86,
        "Total Revenue": NaN,
        "Gross Profit": 680,
        "Operating Income": 321,
        "EBIT": 376,
        "Net Income": 197
    },
    "2011-06-30": {
        "Diluted EPS": 0.56,
        "Total Revenue": NaN,
        "Gross Profit": 564,
        "Operating Income": 228,
        "EBIT": 280,
        "Net Income": 130
    },
    "2011-03-31": {
        "Diluted EPS": 0.7,
        "Total Revenue": NaN,
        "Gross Profit": 656,
        "Operating Income": 277,
        "EBIT": 328,
        "Net Income": 160
    },
    "2010-12-31": {
        "Diluted EPS": 0.59,
        "Total Revenue": NaN,
        "Gross Profit": 619,
        "Operating Income": 228,
        "EBIT": 279,
        "Net Income": 136
    },
    "2010-09-30": {
        "Diluted EPS": 0.78,
        "Total Revenue": NaN,
        "Gross Profit": 655,
        "Operating Income": 300,
        "EBIT": 352,
        "Net Income": 180
    },
    "2010-06-30": {
        "Diluted EPS": 0.2,
        "Total Revenue": NaN,
        "Gross Profit": 547,
        "Operating Income": 124,
        "EBIT": 170,
        "Net Income": 47
    },
    "2010-03-31": {
        "Diluted EPS": 0.64,
        "Total Revenue": NaN,
        "Gross Profit": 594,
        "Operating Income": 253,
        "EBIT": 301,
        "Net Income": 147
    },
    "2009-12-31": {
        "Diluted EPS": 0.55,
        "Total Revenue": NaN,
        "Gross Profit": 571,
        "Operating Income": 212,
        "EBIT": 256,
        "Net Income": 127
    },
    "2009-09-30": {
        "Diluted EPS": 0.71,
        "Total Revenue": NaN,
        "Gross Profit": 589,
        "Operating Income": 280,
        "EBIT": 324,
        "Net Income": 162
    },
    "2009-06-30": {
        "Diluted EPS": 0.31,
        "Total Revenue": NaN,
        "Gross Profit": 453,
        "Operating Income": 117,
        "EBIT": 164,
        "Net Income": 71
    },
    "2009-03-31": {
        "Diluted EPS": 0.33,
        "Total Revenue": NaN,
        "Gross Profit": 440,
        "Operating Income": 153,
        "EBIT": 200,
        "Net Income": 76
    },
    "2023-09-30": {
        "Tax Effect Of Unusual Items": -7839948.0,
        "Tax Rate For Calcs": 0.206,
        "Normalized EBITDA": 836624000.0,
        "Total Unusual Items": -38058000.0,
        "Total Unusual Items Excluding Goodwill": -38058000.0,
        "Net Income From Continuing Operation Net Minority Interest": 518577000.0,
        "Reconciled Depreciation": 103309000.0,
        "Reconciled Cost Of Revenue": 1669734000.0,
        "EBITDA": 798566000.0,
        "EBIT": 695257000.0,
        "Net Interest Income": -39755000.0,
        "Interest Expense": 41844000.0,
        "Interest Income": 2089000.0,
        "Normalized Income": 548795052.0,
        "Net Income From Continuing And Discontinued Operation": 518577000.0,
        "Total Expenses": 2298990000.0,
        "Total Operating Income As Reported": 735949000.0,
        "Diluted Average Shares": 205488000.0,
        "Basic Average Shares": 204730000.0,
        "Diluted EPS": 2.52,
        "Basic EPS": 2.6,
        "Diluted NI Availto Com Stockholders": 518577000.0,
        "Net Income Common Stockholders": 518577000.0,
        "Net Income": 518577000.0,
        "Minority Interests": NaN,
        "Net Income Including Noncontrolling Interests": 518577000.0,
        "Net Income Continuous Operations": 518577000.0,
        "Tax Provision": 134836000.0,
        "Pretax Income": 653413000.0,
        "Other Income Expense": -37829000.0,
        "Other Non Operating Income Expenses": 229000.0,
        "Special Income Charges": -38058000.0,
        "Write Off": 38058000.0,
        "Restructuring And Mergern Acquisition": 0.0,
        "Net Non Operating Interest Income Expense": -39755000.0,
        "Interest Expense Non Operating": 41844000.0,
        "Interest Income Non Operating": 2089000.0,
        "Operating Income": 730997000.0,
        "Operating Expense": 629256000.0,
        "Selling General And Administration": 629256000.0,
        "General And Administrative Expense": 629256000.0,
        "Other Gand A": 624304000.0,
        "Salaries And Wages": 4952000.0,
        "Gross Profit": 1360253000.0,
        "Cost Of Revenue": 1669734000.0,
        "Total Revenue": 3029987000.0,
        "Operating Revenue": 3029987000.0
    },
    "2023-12-31": {
        "Tax Effect Of Unusual Items": -19963860.0,
        "Tax Rate For Calcs": 0.21,
        "Normalized EBITDA": 571516000.0,
        "Total Unusual Items": -95066000.0,
        "Total Unusual Items Excluding Goodwill": -95066000.0,
        "Net Income From Continuing Operation Net Minority Interest": 349042000.0,
        "Reconciled Depreciation": 116719000.0,
        "Reconciled Cost Of Revenue": 1533969000.0,
        "EBITDA": 476450000.0,
        "EBIT": 359731000.0,
        "Net Interest Income": -37684000.0,
        "Interest Expense": 40056000.0,
        "Interest Income": 2372000.0,
        "Normalized Income": 424144140.0,
        "Net Income From Continuing And Discontinued Operation": 349042000.0,
        "Total Expenses": 2204968000.0,
        "Total Operating Income As Reported": 464329000.0,
        "Diluted Average Shares": 205357000.0,
        "Basic Average Shares": 204697000.0,
        "Diluted EPS": 1.7,
        "Basic EPS": 1.75,
        "Diluted NI Availto Com Stockholders": 349042000.0,
        "Net Income Common Stockholders": 349042000.0,
        "Net Income": 349042000.0,
        "Minority Interests": NaN,
        "Net Income Including Noncontrolling Interests": 349042000.0,
        "Net Income Continuous Operations": 349042000.0,
        "Tax Provision": -29367000.0,
        "Pretax Income": 319675000.0,
        "Other Income Expense": -94784000.0,
        "Other Non Operating Income Expenses": 282000.0,
        "Special Income Charges": -95066000.0,
        "Write Off": 95066000.0,
        "Restructuring And Mergern Acquisition": 0.0,
        "Net Non Operating Interest Income Expense": -37684000.0,
        "Interest Expense Non Operating": 40056000.0,
        "Interest Income Non Operating": 2372000.0,
        "Operating Income": 452143000.0,
        "Operating Expense": 670999000.0,
        "Selling General And Administration": 670999000.0,
        "General And Administrative Expense": 670999000.0,
        "Other Gand A": 658813000.0,
        "Salaries And Wages": 12186000.0,
        "Gross Profit": 1123142000.0,
        "Cost Of Revenue": 1533969000.0,
        "Total Revenue": 2657111000.0,
        "Operating Revenue": 2657111000.0
    },
    "2024-03-31": {
        "Tax Effect Of Unusual Items": -5995681.0,
        "Tax Rate For Calcs": 0.191,
        "Normalized EBITDA": 1167021000.0,
        "Total Unusual Items": -31391000.0,
        "Total Unusual Items Excluding Goodwill": -31391000.0,
        "Net Income From Continuing Operation Net Minority Interest": 797453000.0,
        "Reconciled Depreciation": 107764000.0,
        "Reconciled Cost Of Revenue": 1576668000.0,
        "EBITDA": 1135630000.0,
        "EBIT": 1027866000.0,
        "Net Interest Income": -39822000.0,
        "Interest Expense": 41608000.0,
        "Interest Income": 1786000.0,
        "Normalized Income": 822848319.0,
        "Net Income From Continuing And Discontinued Operation": 797453000.0,
        "Total Expenses": 2195287000.0,
        "Total Operating Income As Reported": 1058100000.0,
        "Diluted Average Shares": 204875000.0,
        "Basic Average Shares": 204223000.0,
        "Diluted EPS": 3.89,
        "Basic EPS": 4.0,
        "Diluted NI Availto Com Stockholders": 797453000.0,
        "Net Income Common Stockholders": 797453000.0,
        "Net Income": 797453000.0,
        "Minority Interests": NaN,
        "Net Income Including Noncontrolling Interests": 797453000.0,
        "Net Income Continuous Operations": 797453000.0,
        "Tax Provision": 188805000.0,
        "Pretax Income": 986258000.0,
        "Other Income Expense": -31382000.0,
        "Other Non Operating Income Expenses": 9000.0,
        "Special Income Charges": -31391000.0,
        "Write Off": 31391000.0,
        "Restructuring And Mergern Acquisition": 0.0,
        "Net Non Operating Interest Income Expense": -39822000.0,
        "Interest Expense Non Operating": 41608000.0,
        "Interest Income Non Operating": 1786000.0,
        "Operating Income": 1057462000.0,
        "Operating Expense": 618619000.0,
        "Selling General And Administration": 618619000.0,
        "General And Administrative Expense": 618619000.0,
        "Other Gand A": 617981000.0,
        "Salaries And Wages": 638000.0,
        "Gross Profit": 1676081000.0,
        "Cost Of Revenue": 1576668000.0,
        "Total Revenue": 3252749000.0,
        "Operating Revenue": 3252749000.0
    }
}