{
    "2023-03-31": {
        "Tax Effect Of Unusual Items": NaN,
        "Tax Rate For Calcs": NaN,
        "Normalized EBITDA": NaN,
        "Total Unusual Items": NaN,
        "Total Unusual Items Excluding Goodwill": NaN,
        "Net Income From Continuing Operation Net Minority Interest": NaN,
        "Reconciled Depreciation": NaN,
        "Reconciled Cost Of Revenue": NaN,
        "EBITDA": NaN,
        "EBIT": NaN,
        "Net Interest Income": NaN,
        "Interest Expense": NaN,
        "Interest Income": NaN,
        "Normalized Income": NaN,
        "Net Income From Continuing And Discontinued Operation": NaN,
        "Total Expenses": NaN,
        "Total Operating Income As Reported": NaN,
        "Diluted Average Shares": 19066160.0,
        "Basic Average Shares": 19066160.0,
        "Diluted EPS": 0.1,
        "Basic EPS": 0.1,
        "Diluted NI Availto Com Stockholders": NaN,
        "Net Income Common Stockholders": NaN,
        "Net Income": NaN,
        "Minority Interests": NaN,
        "Net Income Including Noncontrolling Interests": NaN,
        "Net Income Continuous Operations": NaN,
        "Tax Provision": NaN,
        "Pretax Income": NaN,
        "Other Income Expense": NaN,
        "Other Non Operating Income Expenses": NaN,
        "Gain On Sale Of Security": NaN,
        "Net Non Operating Interest Income Expense": NaN,
        "Interest Expense Non Operating": NaN,
        "Interest Income Non Operating": NaN,
        "Operating Income": NaN,
        "Operating Expense": NaN,
        "Research And Development": NaN,
        "Selling General And Administration": NaN,
        "Selling And Marketing Expense": NaN,
        "General And Administrative Expense": NaN,
        "Other Gand A": NaN,
        "Gross Profit": NaN,
        "Cost Of Revenue": NaN,
        "Total Revenue": NaN,
        "Operating Revenue": NaN
    },
    "2022-12-31": {
        "Tax Effect Of Unusual Items": 0.0,
        "Tax Rate For Calcs": 0.232,
        "Normalized EBITDA": -1398078.0,
        "Total Unusual Items": NaN,
        "Total Unusual Items Excluding Goodwill": NaN,
        "Net Income From Continuing Operation Net Minority Interest": -1424440.0,
        "Reconciled Depreciation": 18935.0,
        "Reconciled Cost Of Revenue": 1531109.0,
        "EBITDA": -1398078.0,
        "EBIT": -1417013.0,
        "Net Interest Income": 32268.0,
        "Interest Expense": 2439.0,
        "Interest Income": 34707.0,
        "Normalized Income": -1424440.0,
        "Net Income From Continuing And Discontinued Operation": -1424440.0,
        "Total Expenses": 3456195.0,
        "Total Operating Income As Reported": -1456657.0,
        "Diluted Average Shares": NaN,
        "Basic Average Shares": NaN,
        "Diluted EPS": NaN,
        "Basic EPS": NaN,
        "Diluted NI Availto Com Stockholders": -1424440.0,
        "Net Income Common Stockholders": -1424440.0,
        "Net Income": -1424440.0,
        "Minority Interests": 0.0,
        "Net Income Including Noncontrolling Interests": -1424440.0,
        "Net Income Continuous Operations": -1424440.0,
        "Tax Provision": 4988.0,
        "Pretax Income": -1419452.0,
        "Other Income Expense": 4937.0,
        "Other Non Operating Income Expenses": 4937.0,
        "Gain On Sale Of Security": NaN,
        "Net Non Operating Interest Income Expense": 32268.0,
        "Interest Expense Non Operating": 2439.0,
        "Interest Income Non Operating": 34707.0,
        "Operating Income": -1456657.0,
        "Operating Expense": 1925086.0,
        "Research And Development": 57263.0,
        "Selling General And Administration": 1790899.0,
        "Selling And Marketing Expense": 1120365.0,
        "General And Administrative Expense": 670534.0,
        "Other Gand A": -3066390.0,
        "Gross Profit": 468429.0,
        "Cost Of Revenue": 1531109.0,
        "Total Revenue": 1999538.0,
        "Operating Revenue": 1999538.0
    },
    "2022-09-30": {
        "Tax Effect Of Unusual Items": NaN,
        "Tax Rate For Calcs": NaN,
        "Normalized EBITDA": NaN,
        "Total Unusual Items": NaN,
        "Total Unusual Items Excluding Goodwill": NaN,
        "Net Income From Continuing Operation Net Minority Interest": NaN,
        "Reconciled Depreciation": NaN,
        "Reconciled Cost Of Revenue": NaN,
        "EBITDA": NaN,
        "EBIT": NaN,
        "Net Interest Income": NaN,
        "Interest Expense": NaN,
        "Interest Income": NaN,
        "Normalized Income": NaN,
        "Net Income From Continuing And Discontinued Operation": NaN,
        "Total Expenses": NaN,
        "Total Operating Income As Reported": NaN,
        "Diluted Average Shares": 17835027.0,
        "Basic Average Shares": 17835027.0,
        "Diluted EPS": -0.11,
        "Basic EPS": -0.11,
        "Diluted NI Availto Com Stockholders": NaN,
        "Net Income Common Stockholders": NaN,
        "Net Income": NaN,
        "Minority Interests": NaN,
        "Net Income Including Noncontrolling Interests": NaN,
        "Net Income Continuous Operations": NaN,
        "Tax Provision": NaN,
        "Pretax Income": NaN,
        "Other Income Expense": NaN,
        "Other Non Operating Income Expenses": NaN,
        "Gain On Sale Of Security": NaN,
        "Net Non Operating Interest Income Expense": NaN,
        "Interest Expense Non Operating": NaN,
        "Interest Income Non Operating": NaN,
        "Operating Income": NaN,
        "Operating Expense": NaN,
        "Research And Development": NaN,
        "Selling General And Administration": NaN,
        "Selling And Marketing Expense": NaN,
        "General And Administrative Expense": NaN,
        "Other Gand A": NaN,
        "Gross Profit": NaN,
        "Cost Of Revenue": NaN,
        "Total Revenue": NaN,
        "Operating Revenue": NaN
    },
    "2022-06-30": {
        "Tax Effect Of Unusual Items": 0.0,
        "Tax Rate For Calcs": 0.4,
        "Normalized EBITDA": -1655273.0,
        "Total Unusual Items": NaN,
        "Total Unusual Items Excluding Goodwill": NaN,
        "Net Income From Continuing Operation Net Minority Interest": -1703641.0,
        "Reconciled Depreciation": 21799.0,
        "Reconciled Cost Of Revenue": 1337296.0,
        "EBITDA": -1655273.0,
        "EBIT": -1677072.0,
        "Net Interest Income": -8499.0,
        "Interest Expense": 17590.0,
        "Interest Income": 9091.0,
        "Normalized Income": -1703641.0,
        "Net Income From Continuing And Discontinued Operation": -1703641.0,
        "Total Expenses": 4333675.0,
        "Total Operating Income As Reported": -1663378.0,
        "Diluted Average Shares": 18936829.0,
        "Basic Average Shares": 18936829.0,
        "Diluted EPS": -0.09,
        "Basic EPS": -0.09,
        "Diluted NI Availto Com Stockholders": -1703641.0,
        "Net Income Common Stockholders": -1703641.0,
        "Net Income": -1703641.0,
        "Minority Interests": 0.0,
        "Net Income Including Noncontrolling Interests": -1703641.0,
        "Net Income Continuous Operations": -1703641.0,
        "Tax Provision": 8979.0,
        "Pretax Income": -1694662.0,
        "Other Income Expense": -22785.0,
        "Other Non Operating Income Expenses": -22785.0,
        "Gain On Sale Of Security": NaN,
        "Net Non Operating Interest Income Expense": -8499.0,
        "Interest Expense Non Operating": 17590.0,
        "Interest Income Non Operating": 9091.0,
        "Operating Income": -1663378.0,
        "Operating Expense": 2996379.0,
        "Research And Development": 417228.0,
        "Selling General And Administration": 2579151.0,
        "Selling And Marketing Expense": 728836.0,
        "General And Administrative Expense": 1850315.0,
        "Other Gand A": 1850315.0,
        "Gross Profit": 1333001.0,
        "Cost Of Revenue": 1337296.0,
        "Total Revenue": 2670297.0,
        "Operating Revenue": 2670297.0
    },
    "2022-03-31": {
        "Diluted EPS": -0.09,
        "Total Revenue": 2,
        "Gross Profit": 1,
        "Operating Income": -2,
        "EBIT": -2,
        "Net Income": -2
    },
    "2021-12-31": {
        "Diluted EPS": -0.05,
        "Total Revenue": 2,
        "Gross Profit": 1,
        "Operating Income": 0,
        "EBIT": 0,
        "Net Income": -1
    },
    "2021-09-30": {
        "Diluted EPS": 0.01,
        "Total Revenue": 3,
        "Gross Profit": 2,
        "Operating Income": 0,
        "EBIT": 0,
        "Net Income": 0
    },
    "2021-06-30": {
        "Diluted EPS": 0.03,
        "Total Revenue": 3,
        "Gross Profit": 2,
        "Operating Income": 0,
        "EBIT": 1,
        "Net Income": 0
    },
    "2021-03-31": {
        "Diluted EPS": -0.01,
        "Total Revenue": 2,
        "Gross Profit": 1,
        "Operating Income": 0,
        "EBIT": 0,
        "Net Income": 0
    },
    "2020-12-31": {
        "Diluted EPS": 0.0,
        "Total Revenue": NaN,
        "Gross Profit": NaN,
        "Operating Income": NaN,
        "EBIT": NaN,
        "Net Income": NaN
    },
    "2023-06-30": {
        "Tax Effect Of Unusual Items": -96912.707168,
        "Tax Rate For Calcs": 0.378152,
        "Normalized EBITDA": -1163169.0,
        "Total Unusual Items": -256280.0,
        "Total Unusual Items Excluding Goodwill": -256280.0,
        "Net Income From Continuing Operation Net Minority Interest": -911800.0,
        "Reconciled Depreciation": 182785.0,
        "Reconciled Cost Of Revenue": 3586938.0,
        "EBITDA": -1419449.0,
        "EBIT": -1602234.0,
        "Net Interest Income": -23949.0,
        "Interest Expense": 42614.0,
        "Interest Income": 18665.0,
        "Normalized Income": -752432.707168,
        "Net Income From Continuing And Discontinued Operation": -911800.0,
        "Total Expenses": 6562495.0,
        "Total Operating Income As Reported": -1467122.0,
        "Diluted Average Shares": 20842690.0,
        "Basic Average Shares": 20842690.0,
        "Diluted EPS": -0.04,
        "Basic EPS": -0.04,
        "Diluted NI Availto Com Stockholders": -911800.0,
        "Net Income Common Stockholders": -911800.0,
        "Net Income": -911800.0,
        "Minority Interests": 111046.0,
        "Net Income Including Noncontrolling Interests": -1022846.0,
        "Net Income Continuous Operations": -1022846.0,
        "Tax Provision": -622002.0,
        "Pretax Income": -1644848.0,
        "Other Income Expense": -153777.0,
        "Other Non Operating Income Expenses": 102503.0,
        "Gain On Sale Of Security": -256280.0,
        "Net Non Operating Interest Income Expense": -23949.0,
        "Interest Expense Non Operating": 42614.0,
        "Interest Income Non Operating": 18665.0,
        "Operating Income": -1467122.0,
        "Operating Expense": 2975557.0,
        "Research And Development": 39608.0,
        "Selling General And Administration": 2935949.0,
        "Selling And Marketing Expense": 488062.0,
        "General And Administrative Expense": 2447887.0,
        "Other Gand A": 2447887.0,
        "Gross Profit": 1508435.0,
        "Cost Of Revenue": 3586938.0,
        "Total Revenue": 5095373.0,
        "Operating Revenue": 5095373.0
    },
    "2023-09-30": {
        "Tax Effect Of Unusual Items": -169919.584,
        "Tax Rate For Calcs": 0.232,
        "Normalized EBITDA": -1557586.0,
        "Total Unusual Items": -732412.0,
        "Total Unusual Items Excluding Goodwill": -732412.0,
        "Net Income From Continuing Operation Net Minority Interest": -2307220.0,
        "Reconciled Depreciation": 189103.0,
        "Reconciled Cost Of Revenue": 3860241.0,
        "EBITDA": -2289998.0,
        "EBIT": -2479101.0,
        "Net Interest Income": -28256.0,
        "Interest Expense": 42619.0,
        "Interest Income": 14363.0,
        "Normalized Income": -1744727.584,
        "Net Income From Continuing And Discontinued Operation": -2307220.0,
        "Total Expenses": 6476653.0,
        "Total Operating Income As Reported": -1787745.0,
        "Diluted Average Shares": 20842690.0,
        "Basic Average Shares": 20842690.0,
        "Diluted EPS": -0.11,
        "Basic EPS": -0.11,
        "Diluted NI Availto Com Stockholders": -2307220.0,
        "Net Income Common Stockholders": -2307220.0,
        "Net Income": -2307220.0,
        "Minority Interests": 233913.0,
        "Net Income Including Noncontrolling Interests": -2541133.0,
        "Net Income Continuous Operations": -2541133.0,
        "Tax Provision": 19413.0,
        "Pretax Income": -2521720.0,
        "Other Income Expense": -705719.0,
        "Other Non Operating Income Expenses": 26693.0,
        "Gain On Sale Of Security": -732412.0,
        "Net Non Operating Interest Income Expense": -28256.0,
        "Interest Expense Non Operating": 42619.0,
        "Interest Income Non Operating": 14363.0,
        "Operating Income": -1787745.0,
        "Operating Expense": 2616412.0,
        "Research And Development": 170071.0,
        "Selling General And Administration": 2446341.0,
        "Selling And Marketing Expense": 274043.0,
        "General And Administrative Expense": 2172298.0,
        "Other Gand A": 2172298.0,
        "Gross Profit": 828667.0,
        "Cost Of Revenue": 3860241.0,
        "Total Revenue": 4688908.0,
        "Operating Revenue": 4688908.0
    },
    "2023-12-31": {
        "Tax Effect Of Unusual Items": -18689.242679,
        "Tax Rate For Calcs": 0.058106,
        "Normalized EBITDA": -2765929.0,
        "Total Unusual Items": -321638.0,
        "Total Unusual Items Excluding Goodwill": -321638.0,
        "Net Income From Continuing Operation Net Minority Interest": -2853159.0,
        "Reconciled Depreciation": 187819.0,
        "Reconciled Cost Of Revenue": 3230171.0,
        "EBITDA": -3087567.0,
        "EBIT": -3275386.0,
        "Net Interest Income": -31904.0,
        "Interest Expense": 37895.0,
        "Interest Income": 5991.0,
        "Normalized Income": -2550210.242679,
        "Net Income From Continuing And Discontinued Operation": -2853159.0,
        "Total Expenses": 6414886.0,
        "Total Operating Income As Reported": -3164099.0,
        "Diluted Average Shares": NaN,
        "Basic Average Shares": NaN,
        "Diluted EPS": NaN,
        "Basic EPS": NaN,
        "Diluted NI Availto Com Stockholders": -2853159.0,
        "Net Income Common Stockholders": -2853159.0,
        "Net Income": -2853159.0,
        "Minority Interests": 267599.0,
        "Net Income Including Noncontrolling Interests": -3120758.0,
        "Net Income Continuous Operations": -3120758.0,
        "Tax Provision": -192523.0,
        "Pretax Income": -3313281.0,
        "Other Income Expense": -193890.0,
        "Other Non Operating Income Expenses": 127748.0,
        "Gain On Sale Of Security": -321638.0,
        "Net Non Operating Interest Income Expense": -31904.0,
        "Interest Expense Non Operating": 37895.0,
        "Interest Income Non Operating": 5991.0,
        "Operating Income": -3087487.0,
        "Operating Expense": 3184715.0,
        "Research And Development": 729838.0,
        "Selling General And Administration": 1864768.0,
        "Selling And Marketing Expense": 185500.0,
        "General And Administrative Expense": 1679268.0,
        "Other Gand A": -3920130.0,
        "Gross Profit": 97228.0,
        "Cost Of Revenue": 3230171.0,
        "Total Revenue": 3327399.0,
        "Operating Revenue": 3327399.0
    },
    "2024-03-31": {
        "Tax Effect Of Unusual Items": -46926.6066,
        "Tax Rate For Calcs": 0.0514,
        "Normalized EBITDA": -420454.0,
        "Total Unusual Items": -912969.0,
        "Total Unusual Items Excluding Goodwill": -912969.0,
        "Net Income From Continuing Operation Net Minority Interest": -1333350.0,
        "Reconciled Depreciation": 188085.0,
        "Reconciled Cost Of Revenue": 3014543.0,
        "EBITDA": -1333423.0,
        "EBIT": -1521508.0,
        "Net Interest Income": -34067.0,
        "Interest Expense": 36661.0,
        "Interest Income": 2594.0,
        "Normalized Income": -467307.6066,
        "Net Income From Continuing And Discontinued Operation": -1333350.0,
        "Total Expenses": 5729687.0,
        "Total Operating Income As Reported": -682955.0,
        "Diluted Average Shares": 20854714.0,
        "Basic Average Shares": 20854714.0,
        "Diluted EPS": -0.06,
        "Basic EPS": -0.06,
        "Diluted NI Availto Com Stockholders": -1333350.0,
        "Net Income Common Stockholders": -1333350.0,
        "Net Income": -1333350.0,
        "Minority Interests": 144652.0,
        "Net Income Including Noncontrolling Interests": -1478002.0,
        "Net Income Continuous Operations": -1478002.0,
        "Tax Provision": -80167.0,
        "Pretax Income": -1558169.0,
        "Other Income Expense": -841147.0,
        "Other Non Operating Income Expenses": 71822.0,
        "Gain On Sale Of Security": -912969.0,
        "Net Non Operating Interest Income Expense": -34067.0,
        "Interest Expense Non Operating": 36661.0,
        "Interest Income Non Operating": 2594.0,
        "Operating Income": -682955.0,
        "Operating Expense": 2715144.0,
        "Research And Development": 89134.0,
        "Selling General And Administration": 2626010.0,
        "Selling And Marketing Expense": 219707.0,
        "General And Administrative Expense": 2406303.0,
        "Other Gand A": 2406303.0,
        "Gross Profit": 2032189.0,
        "Cost Of Revenue": 3014543.0,
        "Total Revenue": 5046732.0,
        "Operating Revenue": 5046732.0
    },
    "2024-06-30": {
        "Tax Effect Of Unusual Items": -23863.923997,
        "Tax Rate For Calcs": 0.031605,
        "Normalized EBITDA": -1304311.0,
        "Total Unusual Items": -755069.0,
        "Total Unusual Items Excluding Goodwill": -755069.0,
        "Net Income From Continuing Operation Net Minority Interest": -1951100.0,
        "Reconciled Depreciation": 186861.0,
        "Reconciled Cost Of Revenue": 3260507.0,
        "EBITDA": -2059380.0,
        "EBIT": -2246241.0,
        "Net Interest Income": -35010.0,
        "Interest Expense": 37040.0,
        "Interest Income": 2030.0,
        "Normalized Income": -1219894.923997,
        "Net Income From Continuing And Discontinued Operation": -1951100.0,
        "Total Expenses": 5573592.0,
        "Total Operating Income As Reported": -1507204.0,
        "Diluted Average Shares": 20864144.0,
        "Basic Average Shares": 20864144.0,
        "Diluted EPS": -0.09,
        "Basic EPS": -0.09,
        "Diluted NI Availto Com Stockholders": -1951100.0,
        "Net Income Common Stockholders": -1951100.0,
        "Net Income": -1951100.0,
        "Minority Interests": 260018.0,
        "Net Income Including Noncontrolling Interests": -2211118.0,
        "Net Income Continuous Operations": -2211118.0,
        "Tax Provision": -72163.0,
        "Pretax Income": -2283281.0,
        "Other Income Expense": -741067.0,
        "Other Non Operating Income Expenses": 14002.0,
        "Gain On Sale Of Security": -755069.0,
        "Net Non Operating Interest Income Expense": -35010.0,
        "Interest Expense Non Operating": 37040.0,
        "Interest Income Non Operating": 2030.0,
        "Operating Income": -1507204.0,
        "Operating Expense": 2313085.0,
        "Research And Development": 111268.0,
        "Selling General And Administration": 2201817.0,
        "Selling And Marketing Expense": 179408.0,
        "General And Administrative Expense": 2022409.0,
        "Other Gand A": 2022409.0,
        "Gross Profit": 805881.0,
        "Cost Of Revenue": 3260507.0,
        "Total Revenue": 4066388.0,
        "Operating Revenue": 4066388.0
    }
}