{
    "2023-06-30": {
        "Tax Effect Of Unusual Items": 0.0,
        "Tax Rate For Calcs": 0.0,
        "Normalized EBITDA": -1241513.0,
        "Total Unusual Items": -3141425.0,
        "Total Unusual Items Excluding Goodwill": -3141425.0,
        "Net Income From Continuing Operation Net Minority Interest": -5490293.0,
        "Reconciled Depreciation": 1107355.0,
        "EBITDA": -4382938.0,
        "EBIT": -5490293.0,
        "Net Interest Income": 186163.0,
        "Interest Expense": 0.0,
        "Interest Income": 186163.0,
        "Normalized Income": -2348868.0,
        "Net Income From Continuing And Discontinued Operation": -5490293.0,
        "Total Expenses": 5461953.0,
        "Total Operating Income As Reported": -8831520.0,
        "Diluted NI Availto Com Stockholders": -5490293.0,
        "Net Income Common Stockholders": -5490293.0,
        "Net Income": -5490293.0,
        "Net Income Including Noncontrolling Interests": -5490293.0,
        "Net Income Discontinuous Operations": 0.0,
        "Net Income Continuous Operations": -5490293.0,
        "Pretax Income": -5490293.0,
        "Other Income Expense": -214503.0,
        "Other Non Operating Income Expenses": 2926922.0,
        "Special Income Charges": -3839523.0,
        "Impairment Of Capital Assets": 3839523.0,
        "Gain On Sale Of Security": 698098.0,
        "Net Non Operating Interest Income Expense": 186163.0,
        "Total Other Finance Cost": NaN,
        "Interest Expense Non Operating": 0.0,
        "Interest Income Non Operating": 186163.0,
        "Operating Income": -5461953.0,
        "Operating Expense": 5461953.0,
        "Depreciation Amortization Depletion Income Statement": 1107318.0,
        "Depreciation And Amortization In Income Statement": 1107318.0,
        "Research And Development": 1610528.0,
        "Selling General And Administration": 2744107.0,
        "General And Administrative Expense": 2744107.0,
        "Other Gand A": 1874815.0,
        "Salaries And Wages": 869292.0,
        "Total Revenue": 0.0,
        "Operating Revenue": 0.0
    },
    "2023-03-31": {
        "Tax Effect Of Unusual Items": 0.0,
        "Tax Rate For Calcs": 0.0,
        "Normalized EBITDA": -7896615.0,
        "Total Unusual Items": -930276.0,
        "Total Unusual Items Excluding Goodwill": -930276.0,
        "Net Income From Continuing Operation Net Minority Interest": -9957529.0,
        "Reconciled Depreciation": 1129934.0,
        "EBITDA": -8826891.0,
        "EBIT": -9956862.0,
        "Net Interest Income": 271674.0,
        "Interest Expense": 667.0,
        "Interest Income": 272341.0,
        "Normalized Income": -9027253.0,
        "Net Income From Continuing And Discontinued Operation": -9957529.0,
        "Total Expenses": 9298927.0,
        "Total Operating Income As Reported": -9844975.0,
        "Diluted NI Availto Com Stockholders": -9957529.0,
        "Net Income Common Stockholders": -9957529.0,
        "Net Income": -9957529.0,
        "Net Income Including Noncontrolling Interests": -9957529.0,
        "Net Income Discontinuous Operations": 0.0,
        "Net Income Continuous Operations": -9957529.0,
        "Pretax Income": -9957529.0,
        "Other Income Expense": -930276.0,
        "Other Non Operating Income Expenses": NaN,
        "Special Income Charges": -480096.0,
        "Impairment Of Capital Assets": 480096.0,
        "Gain On Sale Of Security": -450180.0,
        "Net Non Operating Interest Income Expense": 271674.0,
        "Total Other Finance Cost": NaN,
        "Interest Expense Non Operating": 667.0,
        "Interest Income Non Operating": 272341.0,
        "Operating Income": -9298927.0,
        "Operating Expense": 9298927.0,
        "Depreciation Amortization Depletion Income Statement": 1129971.0,
        "Depreciation And Amortization In Income Statement": 1129971.0,
        "Research And Development": 2311596.0,
        "Selling General And Administration": 5857360.0,
        "General And Administrative Expense": 5857360.0,
        "Other Gand A": 2020798.0,
        "Salaries And Wages": 3836562.0,
        "Total Revenue": 0.0,
        "Operating Revenue": 0.0
    },
    "2022-12-31": {
        "Tax Effect Of Unusual Items": 0.0,
        "Tax Rate For Calcs": 0.0,
        "Normalized EBITDA": -5202528.0,
        "Total Unusual Items": 211957.0,
        "Total Unusual Items Excluding Goodwill": 211957.0,
        "Net Income From Continuing Operation Net Minority Interest": -6148441.0,
        "Reconciled Depreciation": 1154295.0,
        "EBITDA": -4990571.0,
        "EBIT": -6148306.0,
        "Net Interest Income": 299883.0,
        "Interest Expense": 135.0,
        "Interest Income": 300018.0,
        "Normalized Income": -6360398.0,
        "Net Income From Continuing And Discontinued Operation": -6148441.0,
        "Total Expenses": 6659775.0,
        "Total Operating Income As Reported": -6659775.0,
        "Diluted NI Availto Com Stockholders": -6148441.0,
        "Net Income Common Stockholders": -6148441.0,
        "Net Income": -6148441.0,
        "Net Income Including Noncontrolling Interests": -6148441.0,
        "Net Income Discontinuous Operations": 0.0,
        "Net Income Continuous Operations": -6148441.0,
        "Pretax Income": -6148441.0,
        "Other Income Expense": 211451.0,
        "Other Non Operating Income Expenses": -506.0,
        "Special Income Charges": NaN,
        "Impairment Of Capital Assets": NaN,
        "Gain On Sale Of Security": 211957.0,
        "Net Non Operating Interest Income Expense": 299883.0,
        "Total Other Finance Cost": NaN,
        "Interest Expense Non Operating": 135.0,
        "Interest Income Non Operating": 300018.0,
        "Operating Income": -6659775.0,
        "Operating Expense": 6659775.0,
        "Depreciation Amortization Depletion Income Statement": 1157735.0,
        "Depreciation And Amortization In Income Statement": 1157735.0,
        "Research And Development": 2694955.0,
        "Selling General And Administration": 2807085.0,
        "General And Administrative Expense": 2807085.0,
        "Other Gand A": 2300502.0,
        "Salaries And Wages": 506583.0,
        "Total Revenue": 0.0,
        "Operating Revenue": 0.0
    },
    "2022-09-30": {
        "Tax Effect Of Unusual Items": 0.0,
        "Tax Rate For Calcs": 0.0,
        "Normalized EBITDA": -6005269.0,
        "Total Unusual Items": 38597.0,
        "Total Unusual Items Excluding Goodwill": 38597.0,
        "Net Income From Continuing Operation Net Minority Interest": -7128885.0,
        "Reconciled Depreciation": 1145918.0,
        "EBITDA": -5966672.0,
        "EBIT": -7112833.0,
        "Net Interest Income": 49447.0,
        "Interest Expense": 16052.0,
        "Interest Income": 65499.0,
        "Normalized Income": -7167482.0,
        "Net Income From Continuing And Discontinued Operation": -7128885.0,
        "Total Expenses": 7254163.0,
        "Total Operating Income As Reported": -7254163.0,
        "Diluted Average Shares": 38206030.0,
        "Basic Average Shares": 38206030.0,
        "Diluted EPS": -0.19,
        "Basic EPS": -0.19,
        "Diluted NI Availto Com Stockholders": -7128885.0,
        "Net Income Common Stockholders": -7128885.0,
        "Net Income": -7128885.0,
        "Net Income Including Noncontrolling Interests": -7128885.0,
        "Net Income Discontinuous Operations": 0.0,
        "Net Income Continuous Operations": -7128885.0,
        "Pretax Income": -7128885.0,
        "Other Income Expense": 75831.0,
        "Other Non Operating Income Expenses": 37234.0,
        "Special Income Charges": NaN,
        "Impairment Of Capital Assets": NaN,
        "Gain On Sale Of Security": 38597.0,
        "Net Non Operating Interest Income Expense": 49447.0,
        "Total Other Finance Cost": NaN,
        "Interest Expense Non Operating": 16052.0,
        "Interest Income Non Operating": 65499.0,
        "Operating Income": -7254163.0,
        "Operating Expense": 7254163.0,
        "Depreciation Amortization Depletion Income Statement": 1146161.0,
        "Depreciation And Amortization In Income Statement": 1146161.0,
        "Research And Development": 1866733.0,
        "Selling General And Administration": 4241269.0,
        "General And Administrative Expense": 4241269.0,
        "Other Gand A": 3654761.0,
        "Salaries And Wages": 586508.0,
        "Total Revenue": 0.0,
        "Operating Revenue": 0.0
    },
    "2022-06-30": {
        "Tax Effect Of Unusual Items": 0.0,
        "Tax Rate For Calcs": 0.0,
        "Normalized EBITDA": -6730567.0,
        "Total Unusual Items": -85467.0,
        "Total Unusual Items Excluding Goodwill": -85467.0,
        "Net Income From Continuing Operation Net Minority Interest": -7965505.0,
        "Reconciled Depreciation": 1133218.0,
        "EBITDA": -6816034.0,
        "EBIT": -7949252.0,
        "Net Interest Income": -14035.0,
        "Interest Expense": 16253.0,
        "Interest Income": 2218.0,
        "Normalized Income": -7880038.0,
        "Net Income From Continuing And Discontinued Operation": -4424165.0,
        "Total Expenses": 7866003.0,
        "Total Operating Income As Reported": -7866003.0,
        "Diluted Average Shares": 38479330.0,
        "Basic Average Shares": 38479330.0,
        "Diluted EPS": -0.12,
        "Basic EPS": -0.12,
        "Diluted NI Availto Com Stockholders": -4424165.0,
        "Net Income Common Stockholders": -4424165.0,
        "Net Income": -4424165.0,
        "Net Income Including Noncontrolling Interests": -4424165.0,
        "Net Income Discontinuous Operations": 3541340.0,
        "Net Income Continuous Operations": -7965505.0,
        "Pretax Income": -7965505.0,
        "Other Income Expense": -85467.0,
        "Other Non Operating Income Expenses": NaN,
        "Special Income Charges": NaN,
        "Impairment Of Capital Assets": NaN,
        "Gain On Sale Of Security": -85467.0,
        "Net Non Operating Interest Income Expense": -14035.0,
        "Interest Expense Non Operating": 16253.0,
        "Interest Income Non Operating": 2218.0,
        "Operating Income": -7866003.0,
        "Operating Expense": 7866003.0,
        "Depreciation Amortization Depletion Income Statement": 1132364.0,
        "Depreciation And Amortization In Income Statement": 1132364.0,
        "Research And Development": 1412104.0,
        "Selling General And Administration": 5321535.0,
        "General And Administrative Expense": 5321535.0,
        "Other Gand A": 4966529.0,
        "Salaries And Wages": 355006.0,
        "Total Revenue": 0.0,
        "Operating Revenue": 0.0
    },
    "2022-03-31": {
        "Diluted EPS": -0.15,
        "Total Revenue": NaN,
        "Gross Profit": NaN,
        "Operating Income": -6,
        "EBIT": -5,
        "Net Income": -6
    },
    "2021-12-31": {
        "Diluted EPS": -0.13,
        "Total Revenue": NaN,
        "Gross Profit": NaN,
        "Operating Income": -6,
        "EBIT": -5,
        "Net Income": -6
    },
    "2021-09-30": {
        "Diluted EPS": -0.15,
        "Total Revenue": NaN,
        "Gross Profit": NaN,
        "Operating Income": -5,
        "EBIT": -4,
        "Net Income": -6
    },
    "2021-06-30": {
        "Diluted EPS": -0.36,
        "Total Revenue": NaN,
        "Gross Profit": NaN,
        "Operating Income": -13,
        "EBIT": -12,
        "Net Income": -13
    },
    "2021-03-31": {
        "Diluted EPS": -0.37,
        "Total Revenue": NaN,
        "Gross Profit": NaN,
        "Operating Income": -10,
        "EBIT": -9,
        "Net Income": -10
    },
    "2020-12-31": {
        "Diluted EPS": 0.07,
        "Total Revenue": NaN,
        "Gross Profit": NaN,
        "Operating Income": -6,
        "EBIT": -5,
        "Net Income": -4
    },
    "2020-09-30": {
        "Diluted EPS": -1.07,
        "Total Revenue": NaN,
        "Gross Profit": NaN,
        "Operating Income": -13,
        "EBIT": -12,
        "Net Income": -14
    },
    "2020-06-30": {
        "Diluted EPS": -0.49,
        "Total Revenue": NaN,
        "Gross Profit": NaN,
        "Operating Income": -5,
        "EBIT": -4,
        "Net Income": -4
    },
    "2020-03-31": {
        "Diluted EPS": -1.15,
        "Total Revenue": NaN,
        "Gross Profit": NaN,
        "Operating Income": -7,
        "EBIT": -6,
        "Net Income": -9
    },
    "2019-12-31": {
        "Diluted EPS": -2.09,
        "Total Revenue": NaN,
        "Gross Profit": NaN,
        "Operating Income": -4,
        "EBIT": -3,
        "Net Income": -14
    },
    "2019-09-30": {
        "Diluted EPS": -1.67,
        "Total Revenue": 0,
        "Gross Profit": -1,
        "Operating Income": -8,
        "EBIT": -7,
        "Net Income": -13
    },
    "2019-06-30": {
        "Diluted EPS": -1.5,
        "Total Revenue": 0,
        "Gross Profit": 0,
        "Operating Income": -8,
        "EBIT": -8,
        "Net Income": -11
    },
    "2019-03-31": {
        "Diluted EPS": -0.3,
        "Total Revenue": 0,
        "Gross Profit": 0,
        "Operating Income": -3,
        "EBIT": -3,
        "Net Income": -2
    },
    "2018-12-31": {
        "Diluted EPS": 0.0,
        "Total Revenue": NaN,
        "Gross Profit": NaN,
        "Operating Income": NaN,
        "EBIT": NaN,
        "Net Income": NaN
    },
    "2023-09-30": {
        "Tax Effect Of Unusual Items": 0.0,
        "Tax Rate For Calcs": 0.0,
        "Normalized EBITDA": -3159203.0,
        "Total Unusual Items": -5864.0,
        "Total Unusual Items Excluding Goodwill": -5864.0,
        "Net Income From Continuing Operation Net Minority Interest": -1131200.0,
        "Reconciled Depreciation": 146810.0,
        "EBITDA": -3165067.0,
        "EBIT": -3311877.0,
        "Net Interest Income": 174448.0,
        "Interest Expense": NaN,
        "Interest Income": 174068.0,
        "Normalized Income": -1125336.0,
        "Net Income From Continuing And Discontinued Operation": -1131200.0,
        "Total Expenses": 3311877.0,
        "Total Operating Income As Reported": -3311877.0,
        "Diluted NI Availto Com Stockholders": -1131200.0,
        "Net Income Common Stockholders": -1131200.0,
        "Net Income": -1131200.0,
        "Net Income Including Noncontrolling Interests": -1131200.0,
        "Net Income Discontinuous Operations": 0.0,
        "Net Income Continuous Operations": -1131200.0,
        "Pretax Income": -1131200.0,
        "Other Income Expense": 2006229.0,
        "Other Non Operating Income Expenses": 2012093.0,
        "Special Income Charges": 0.0,
        "Impairment Of Capital Assets": 0.0,
        "Gain On Sale Of Security": -5864.0,
        "Net Non Operating Interest Income Expense": 174448.0,
        "Total Other Finance Cost": -380.0,
        "Interest Expense Non Operating": NaN,
        "Interest Income Non Operating": 174068.0,
        "Operating Income": -3311877.0,
        "Operating Expense": 3311877.0,
        "Depreciation Amortization Depletion Income Statement": 146810.0,
        "Depreciation And Amortization In Income Statement": 146810.0,
        "Research And Development": -32985.0,
        "Selling General And Administration": 3198052.0,
        "General And Administrative Expense": 3198052.0,
        "Other Gand A": 3071889.0,
        "Salaries And Wages": 126163.0,
        "Total Revenue": 0.0,
        "Operating Revenue": 0.0
    }
}