{
    "2023-03-31": {
        "Tax Effect Of Unusual Items": 0.0,
        "Tax Rate For Calcs": 0.225,
        "Total Unusual Items": NaN,
        "Total Unusual Items Excluding Goodwill": NaN,
        "Net Income From Continuing Operation Net Minority Interest": 1239000000.0,
        "Reconciled Depreciation": 218000000.0,
        "EBIT": 1727000000.0,
        "Net Interest Income": -113000000.0,
        "Interest Expense": 113000000.0,
        "Normalized Income": 1239000000.0,
        "Net Income From Continuing And Discontinued Operation": 1239000000.0,
        "Total Expenses": 25128000000.0,
        "Diluted Average Shares": 125564000.0,
        "Basic Average Shares": 125005000.0,
        "Diluted EPS": 9.87,
        "Basic EPS": 9.91,
        "Diluted NI Availto Com Stockholders": 1239000000.0,
        "Net Income Common Stockholders": 1239000000.0,
        "Net Income": 1239000000.0,
        "Minority Interests": 1000000.0,
        "Net Income Including Noncontrolling Interests": 1238000000.0,
        "Net Income Continuous Operations": 1238000000.0,
        "Earnings From Equity Interest Net Of Tax": -17000000.0,
        "Tax Provision": 359000000.0,
        "Pretax Income": 1614000000.0,
        "Special Income Charges": NaN,
        "Other Special Charges": NaN,
        "Net Non Operating Interest Income Expense": -113000000.0,
        "Interest Expense Non Operating": 113000000.0,
        "Other Operating Expenses": 2971000000.0,
        "Depreciation And Amortization In Income Statement": 186000000.0,
        "Total Revenue": 26742000000.0,
        "Operating Revenue": 26742000000.0,
        "Loss Adjustment Expense": 21858000000.0,
        "Net Policyholder Benefits And Claims": 21858000000.0
    },
    "2022-12-31": {
        "Tax Effect Of Unusual Items": NaN,
        "Tax Rate For Calcs": NaN,
        "Total Unusual Items": -3000000.0,
        "Total Unusual Items Excluding Goodwill": -3000000.0,
        "Net Income From Continuing Operation Net Minority Interest": NaN,
        "Reconciled Depreciation": NaN,
        "EBIT": NaN,
        "Net Interest Income": NaN,
        "Interest Expense": NaN,
        "Normalized Income": NaN,
        "Net Income From Continuing And Discontinued Operation": NaN,
        "Total Expenses": NaN,
        "Diluted Average Shares": NaN,
        "Basic Average Shares": NaN,
        "Diluted EPS": NaN,
        "Basic EPS": NaN,
        "Diluted NI Availto Com Stockholders": NaN,
        "Net Income Common Stockholders": NaN,
        "Net Income": NaN,
        "Minority Interests": NaN,
        "Net Income Including Noncontrolling Interests": NaN,
        "Net Income Continuous Operations": NaN,
        "Earnings From Equity Interest Net Of Tax": NaN,
        "Tax Provision": NaN,
        "Pretax Income": NaN,
        "Special Income Charges": -3000000.0,
        "Other Special Charges": 3000000.0,
        "Net Non Operating Interest Income Expense": NaN,
        "Interest Expense Non Operating": NaN,
        "Other Operating Expenses": NaN,
        "Depreciation And Amortization In Income Statement": NaN,
        "Total Revenue": NaN,
        "Operating Revenue": NaN,
        "Loss Adjustment Expense": NaN,
        "Net Policyholder Benefits And Claims": NaN
    },
    "2022-09-30": {
        "Tax Effect Of Unusual Items": NaN,
        "Tax Rate For Calcs": NaN,
        "Total Unusual Items": 240000000.0,
        "Total Unusual Items Excluding Goodwill": 240000000.0,
        "Net Income From Continuing Operation Net Minority Interest": NaN,
        "Reconciled Depreciation": NaN,
        "EBIT": NaN,
        "Net Interest Income": NaN,
        "Interest Expense": NaN,
        "Normalized Income": NaN,
        "Net Income From Continuing And Discontinued Operation": NaN,
        "Total Expenses": NaN,
        "Diluted Average Shares": NaN,
        "Basic Average Shares": NaN,
        "Diluted EPS": NaN,
        "Basic EPS": NaN,
        "Diluted NI Availto Com Stockholders": NaN,
        "Net Income Common Stockholders": NaN,
        "Net Income": NaN,
        "Minority Interests": NaN,
        "Net Income Including Noncontrolling Interests": NaN,
        "Net Income Continuous Operations": NaN,
        "Earnings From Equity Interest Net Of Tax": NaN,
        "Tax Provision": NaN,
        "Pretax Income": NaN,
        "Special Income Charges": 240000000.0,
        "Other Special Charges": -240000000.0,
        "Net Non Operating Interest Income Expense": NaN,
        "Interest Expense Non Operating": NaN,
        "Other Operating Expenses": NaN,
        "Depreciation And Amortization In Income Statement": NaN,
        "Total Revenue": NaN,
        "Operating Revenue": NaN
    },
    "2022-06-30": {
        "Tax Effect Of Unusual Items": 0.0,
        "Tax Rate For Calcs": 0.381,
        "Total Unusual Items": NaN,
        "Total Unusual Items Excluding Goodwill": NaN,
        "Net Income From Continuing Operation Net Minority Interest": 696000000.0,
        "Reconciled Depreciation": 209000000.0,
        "EBIT": 1223000000.0,
        "Net Interest Income": -101000000.0,
        "Interest Expense": 101000000.0,
        "Normalized Income": 696000000.0,
        "Net Income From Continuing And Discontinued Operation": 696000000.0,
        "Total Expenses": 22540000000.0,
        "Diluted Average Shares": 127084000.0,
        "Basic Average Shares": 126523000.0,
        "Diluted EPS": 5.48,
        "Basic EPS": 5.5,
        "Diluted NI Availto Com Stockholders": 696000000.0,
        "Net Income Common Stockholders": 696000000.0,
        "Net Income": 696000000.0,
        "Minority Interests": -1000000.0,
        "Net Income Including Noncontrolling Interests": 697000000.0,
        "Net Income Continuous Operations": 697000000.0,
        "Earnings From Equity Interest Net Of Tax": 2000000.0,
        "Tax Provision": 427000000.0,
        "Pretax Income": 1122000000.0,
        "Special Income Charges": NaN,
        "Other Special Charges": NaN,
        "Net Non Operating Interest Income Expense": -101000000.0,
        "Interest Expense Non Operating": 101000000.0,
        "Other Operating Expenses": 3165000000.0,
        "Depreciation And Amortization In Income Statement": 175000000.0,
        "Total Revenue": 23662000000.0,
        "Operating Revenue": 23662000000.0
    },
    "2023-06-30": {
        "Tax Effect Of Unusual Items": 0.0,
        "Tax Rate For Calcs": 0.236,
        "Total Unusual Items": NaN,
        "Total Unusual Items Excluding Goodwill": NaN,
        "Net Income From Continuing Operation Net Minority Interest": 959000000.0,
        "Reconciled Depreciation": 226000000.0,
        "EBIT": 1382000000.0,
        "Net Interest Income": -120000000.0,
        "Interest Expense": 120000000.0,
        "Normalized Income": 959000000.0,
        "Net Income From Continuing And Discontinued Operation": 959000000.0,
        "Total Expenses": 25485000000.0,
        "Diluted Average Shares": 125109000.0,
        "Basic Average Shares": 124574000.0,
        "Diluted EPS": 7.66,
        "Basic EPS": 7.7,
        "Diluted NI Availto Com Stockholders": 959000000.0,
        "Net Income Common Stockholders": 959000000.0,
        "Net Income": 959000000.0,
        "Minority Interests": 3000000.0,
        "Net Income Including Noncontrolling Interests": 956000000.0,
        "Net Income Continuous Operations": 956000000.0,
        "Earnings From Equity Interest Net Of Tax": -10000000.0,
        "Tax Provision": 296000000.0,
        "Pretax Income": 1262000000.0,
        "Special Income Charges": NaN,
        "Other Special Charges": NaN,
        "Net Non Operating Interest Income Expense": -120000000.0,
        "Interest Expense Non Operating": 120000000.0,
        "Other Operating Expenses": 3165000000.0,
        "Depreciation And Amortization In Income Statement": 191000000.0,
        "Total Revenue": 26747000000.0,
        "Operating Revenue": 26747000000.0,
        "Loss Adjustment Expense": 22009000000.0,
        "Net Policyholder Benefits And Claims": 22009000000.0
    },
    "2022-03-31": {
        "Diluted EPS": 7.29,
        "Total Revenue": NaN,
        "Gross Profit": NaN,
        "Operating Income": NaN,
        "EBIT": NaN,
        "Net Income": 930
    },
    "2021-12-31": {
        "Diluted EPS": -0.11,
        "Total Revenue": NaN,
        "Gross Profit": NaN,
        "Operating Income": 61,
        "EBIT": 255,
        "Net Income": -14
    },
    "2021-09-30": {
        "Diluted EPS": 11.84,
        "Total Revenue": NaN,
        "Gross Profit": NaN,
        "Operating Income": 628,
        "EBIT": 809,
        "Net Income": NaN
    },
    "2021-06-30": {
        "Diluted EPS": 4.55,
        "Total Revenue": NaN,
        "Gross Profit": NaN,
        "Operating Income": NaN,
        "EBIT": NaN,
        "Net Income": 588
    },
    "2021-03-31": {
        "Diluted EPS": 6.39,
        "Total Revenue": NaN,
        "Gross Profit": NaN,
        "Operating Income": NaN,
        "EBIT": NaN,
        "Net Income": 828
    },
    "2020-12-31": {
        "Diluted EPS": -2.05,
        "Total Revenue": NaN,
        "Gross Profit": NaN,
        "Operating Income": -346,
        "EBIT": -186,
        "Net Income": -274
    },
    "2020-09-30": {
        "Diluted EPS": 10.05,
        "Total Revenue": NaN,
        "Gross Profit": NaN,
        "Operating Income": NaN,
        "EBIT": NaN,
        "Net Income": NaN
    },
    "2020-06-30": {
        "Diluted EPS": 13.75,
        "Total Revenue": NaN,
        "Gross Profit": NaN,
        "Operating Income": NaN,
        "EBIT": NaN,
        "Net Income": NaN
    },
    "2020-03-31": {
        "Diluted EPS": 3.56,
        "Total Revenue": NaN,
        "Gross Profit": NaN,
        "Operating Income": NaN,
        "EBIT": NaN,
        "Net Income": 473
    },
    "2019-12-31": {
        "Diluted EPS": 3.86,
        "Total Revenue": NaN,
        "Gross Profit": NaN,
        "Operating Income": 362,
        "EBIT": 502,
        "Net Income": 512
    },
    "2019-09-30": {
        "Diluted EPS": 5.14,
        "Total Revenue": NaN,
        "Gross Profit": NaN,
        "Operating Income": 868,
        "EBIT": NaN,
        "Net Income": 689
    },
    "2019-06-30": {
        "Diluted EPS": 6.94,
        "Total Revenue": NaN,
        "Gross Profit": NaN,
        "Operating Income": NaN,
        "EBIT": NaN,
        "Net Income": 940
    },
    "2019-03-31": {
        "Diluted EPS": 4.16,
        "Total Revenue": NaN,
        "Gross Profit": NaN,
        "Operating Income": 847,
        "EBIT": 983,
        "Net Income": 566
    },
    "2018-12-31": {
        "Diluted EPS": 2.59,
        "Total Revenue": NaN,
        "Gross Profit": NaN,
        "Operating Income": 517,
        "EBIT": 651,
        "Net Income": 355
    },
    "2018-09-30": {
        "Diluted EPS": 4.65,
        "Total Revenue": NaN,
        "Gross Profit": NaN,
        "Operating Income": 961,
        "EBIT": NaN,
        "Net Income": 644
    },
    "2018-06-30": {
        "Diluted EPS": 1.39,
        "Total Revenue": NaN,
        "Gross Profit": NaN,
        "Operating Income": 862,
        "EBIT": 992,
        "Net Income": 193
    },
    "2018-03-31": {
        "Diluted EPS": 3.53,
        "Total Revenue": NaN,
        "Gross Profit": NaN,
        "Operating Income": 760,
        "EBIT": 899,
        "Net Income": 491
    },
    "2017-12-31": {
        "Diluted EPS": 1.42,
        "Total Revenue": NaN,
        "Gross Profit": NaN,
        "Operating Income": 566,
        "EBIT": 694,
        "Net Income": 184
    },
    "2017-09-30": {
        "Diluted EPS": 3.44,
        "Total Revenue": NaN,
        "Gross Profit": NaN,
        "Operating Income": 858,
        "EBIT": 978,
        "Net Income": 499
    },
    "2017-06-30": {
        "Diluted EPS": 4.46,
        "Total Revenue": NaN,
        "Gross Profit": NaN,
        "Operating Income": NaN,
        "EBIT": NaN,
        "Net Income": 650
    },
    "2017-03-31": {
        "Diluted EPS": 7.49,
        "Total Revenue": NaN,
        "Gross Profit": NaN,
        "Operating Income": NaN,
        "EBIT": NaN,
        "Net Income": NaN
    },
    "2016-12-31": {
        "Diluted EPS": -2.65,
        "Total Revenue": NaN,
        "Gross Profit": NaN,
        "Operating Income": -438,
        "EBIT": -321,
        "Net Income": -401
    },
    "2016-09-30": {
        "Diluted EPS": 2.98,
        "Total Revenue": NaN,
        "Gross Profit": NaN,
        "Operating Income": 949,
        "EBIT": NaN,
        "Net Income": 450
    },
    "2016-06-30": {
        "Diluted EPS": 2.06,
        "Total Revenue": NaN,
        "Gross Profit": NaN,
        "Operating Income": 683,
        "EBIT": 799,
        "Net Income": 311
    },
    "2016-03-31": {
        "Diluted EPS": 1.68,
        "Total Revenue": NaN,
        "Gross Profit": NaN,
        "Operating Income": 547,
        "EBIT": 662,
        "Net Income": 254
    },
    "2015-12-31": {
        "Diluted EPS": 0.68,
        "Total Revenue": NaN,
        "Gross Profit": NaN,
        "Operating Income": 289,
        "EBIT": 401,
        "Net Income": 101
    },
    "2015-09-30": {
        "Diluted EPS": 2.09,
        "Total Revenue": NaN,
        "Gross Profit": NaN,
        "Operating Income": 695,
        "EBIT": 802,
        "Net Income": 314
    },
    "2015-06-30": {
        "Diluted EPS": 2.85,
        "Total Revenue": NaN,
        "Gross Profit": NaN,
        "Operating Income": 573,
        "EBIT": 687,
        "Net Income": 431
    },
    "2015-03-31": {
        "Diluted EPS": 2.82,
        "Total Revenue": NaN,
        "Gross Profit": NaN,
        "Operating Income": 790,
        "EBIT": 904,
        "Net Income": 430
    },
    "2014-12-31": {
        "Diluted EPS": 0.97,
        "Total Revenue": NaN,
        "Gross Profit": NaN,
        "Operating Income": 371,
        "EBIT": 495,
        "Net Income": 145
    },
    "2014-09-30": {
        "Diluted EPS": 1.85,
        "Total Revenue": NaN,
        "Gross Profit": NaN,
        "Operating Income": 589,
        "EBIT": 701,
        "Net Income": 290
    },
    "2014-06-30": {
        "Diluted EPS": 2.19,
        "Total Revenue": NaN,
        "Gross Profit": NaN,
        "Operating Income": 681,
        "EBIT": 787,
        "Net Income": 344
    },
    "2014-03-31": {
        "Diluted EPS": 2.35,
        "Total Revenue": NaN,
        "Gross Profit": NaN,
        "Operating Income": 721,
        "EBIT": 828,
        "Net Income": 368
    },
    "2013-12-31": {
        "Diluted EPS": -0.16,
        "Total Revenue": NaN,
        "Gross Profit": NaN,
        "Operating Income": -14,
        "EBIT": 100,
        "Net Income": -30
    },
    "2013-09-30": {
        "Diluted EPS": 2.31,
        "Total Revenue": NaN,
        "Gross Profit": NaN,
        "Operating Income": 621,
        "EBIT": 727,
        "Net Income": 368
    },
    "2013-06-30": {
        "Diluted EPS": 2.63,
        "Total Revenue": NaN,
        "Gross Profit": NaN,
        "Operating Income": 689,
        "EBIT": 793,
        "Net Income": 420
    },
    "2013-03-31": {
        "Diluted EPS": 2.95,
        "Total Revenue": NaN,
        "Gross Profit": NaN,
        "Operating Income": 765,
        "EBIT": 867,
        "Net Income": 473
    },
    "2012-12-31": {
        "Diluted EPS": 1.2,
        "Total Revenue": NaN,
        "Gross Profit": NaN,
        "Operating Income": 309,
        "EBIT": 409,
        "Net Income": 192
    },
    "2012-09-30": {
        "Diluted EPS": 2.62,
        "Total Revenue": NaN,
        "Gross Profit": NaN,
        "Operating Income": 701,
        "EBIT": 779,
        "Net Income": 426
    },
    "2012-06-30": {
        "Diluted EPS": 2.16,
        "Total Revenue": NaN,
        "Gross Profit": NaN,
        "Operating Income": 590,
        "EBIT": 672,
        "Net Income": 356
    },
    "2012-03-31": {
        "Diluted EPS": 1.49,
        "Total Revenue": NaN,
        "Gross Profit": NaN,
        "Operating Income": 416,
        "EBIT": 494,
        "Net Income": 248
    },
    "2011-12-31": {
        "Diluted EPS": 1.22,
        "Total Revenue": NaN,
        "Gross Profit": NaN,
        "Operating Income": 340,
        "EBIT": 418,
        "Net Income": 199
    },
    "2011-09-30": {
        "Diluted EPS": 2.67,
        "Total Revenue": NaN,
        "Gross Profit": NaN,
        "Operating Income": 726,
        "EBIT": 800,
        "Net Income": 445
    },
    "2011-06-30": {
        "Diluted EPS": 2.71,
        "Total Revenue": NaN,
        "Gross Profit": NaN,
        "Operating Income": 754,
        "EBIT": 829,
        "Net Income": 460
    },
    "2011-03-31": {
        "Diluted EPS": 1.86,
        "Total Revenue": NaN,
        "Gross Profit": NaN,
        "Operating Income": 524,
        "EBIT": 600,
        "Net Income": 315
    },
    "2010-12-31": {
        "Diluted EPS": 0.63,
        "Total Revenue": NaN,
        "Gross Profit": NaN,
        "Operating Income": 200,
        "EBIT": 267,
        "Net Income": 107
    },
    "2010-09-30": {
        "Diluted EPS": 2.32,
        "Total Revenue": NaN,
        "Gross Profit": NaN,
        "Operating Income": 648,
        "EBIT": 713,
        "Net Income": 393
    },
    "2010-06-30": {
        "Diluted EPS": 2.0,
        "Total Revenue": NaN,
        "Gross Profit": NaN,
        "Operating Income": 562,
        "EBIT": 631,
        "Net Income": 340
    },
    "2010-03-31": {
        "Diluted EPS": 1.52,
        "Total Revenue": NaN,
        "Gross Profit": NaN,
        "Operating Income": 443,
        "EBIT": 506,
        "Net Income": 259
    },
    "2009-12-31": {
        "Diluted EPS": 1.48,
        "Total Revenue": NaN,
        "Gross Profit": NaN,
        "Operating Income": 425,
        "EBIT": 495,
        "Net Income": 251
    },
    "2009-09-30": {
        "Diluted EPS": 1.78,
        "Total Revenue": NaN,
        "Gross Profit": NaN,
        "Operating Income": 496,
        "EBIT": 558,
        "Net Income": 302
    },
    "2009-06-30": {
        "Diluted EPS": 1.67,
        "Total Revenue": NaN,
        "Gross Profit": NaN,
        "Operating Income": 467,
        "EBIT": 527,
        "Net Income": 282
    },
    "2009-03-31": {
        "Diluted EPS": 1.22,
        "Total Revenue": NaN,
        "Gross Profit": NaN,
        "Operating Income": 321,
        "EBIT": 379,
        "Net Income": 206
    },
    "2023-09-30": {
        "Tax Effect Of Unusual Items": 0.0,
        "Tax Rate For Calcs": 0.235,
        "Total Unusual Items": 0.0,
        "Total Unusual Items Excluding Goodwill": 0.0,
        "Net Income From Continuing Operation Net Minority Interest": 832000000.0,
        "Reconciled Depreciation": 235000000.0,
        "EBIT": 1212000000.0,
        "Net Interest Income": -114000000.0,
        "Interest Expense": 114000000.0,
        "Normalized Income": 832000000.0,
        "Net Income From Continuing And Discontinued Operation": 832000000.0,
        "Total Expenses": 25325000000.0,
        "Diluted Average Shares": 123983000.0,
        "Basic Average Shares": 123426000.0,
        "Diluted EPS": 6.71,
        "Basic EPS": 6.74,
        "Diluted NI Availto Com Stockholders": 832000000.0,
        "Net Income Common Stockholders": 832000000.0,
        "Net Income": 832000000.0,
        "Minority Interests": 2000000.0,
        "Net Income Including Noncontrolling Interests": 830000000.0,
        "Net Income Continuous Operations": 830000000.0,
        "Earnings From Equity Interest Net Of Tax": -12000000.0,
        "Tax Provision": 256000000.0,
        "Pretax Income": 1098000000.0,
        "Special Income Charges": 0.0,
        "Other Special Charges": NaN,
        "Net Non Operating Interest Income Expense": -114000000.0,
        "Interest Expense Non Operating": 114000000.0,
        "Other Operating Expenses": 3265000000.0,
        "Depreciation And Amortization In Income Statement": 201000000.0,
        "Total Revenue": 26423000000.0,
        "Operating Revenue": 26423000000.0,
        "Loss Adjustment Expense": 21745000000.0,
        "Net Policyholder Benefits And Claims": 21745000000.0
    },
    "2023-12-31": {
        "Tax Effect Of Unusual Items": 0.0,
        "Tax Rate For Calcs": 0.126904,
        "Total Unusual Items": 0.0,
        "Total Unusual Items Excluding Goodwill": 0.0,
        "Net Income From Continuing Operation Net Minority Interest": -541000000.0,
        "Reconciled Depreciation": 238000000.0,
        "EBIT": -445000000.0,
        "Net Interest Income": -146000000.0,
        "Interest Expense": 146000000.0,
        "Normalized Income": -541000000.0,
        "Net Income From Continuing And Discontinued Operation": -541000000.0,
        "Total Expenses": 27053000000.0,
        "Diluted Average Shares": 122461000.0,
        "Basic Average Shares": 122461000.0,
        "Diluted EPS": -4.42,
        "Basic EPS": -4.42,
        "Diluted NI Availto Com Stockholders": -541000000.0,
        "Net Income Common Stockholders": -541000000.0,
        "Net Income": -541000000.0,
        "Minority Interests": -1000000.0,
        "Net Income Including Noncontrolling Interests": -540000000.0,
        "Net Income Continuous Operations": -540000000.0,
        "Earnings From Equity Interest Net Of Tax": -24000000.0,
        "Tax Provision": -75000000.0,
        "Pretax Income": -591000000.0,
        "Special Income Charges": 0.0,
        "Other Special Charges": NaN,
        "Net Non Operating Interest Income Expense": -146000000.0,
        "Interest Expense Non Operating": 146000000.0,
        "Other Operating Expenses": 3924000000.0,
        "Depreciation And Amortization In Income Statement": 201000000.0,
        "Total Revenue": 26462000000.0,
        "Operating Revenue": 26462000000.0,
        "Loss Adjustment Expense": 22782000000.0,
        "Net Policyholder Benefits And Claims": 22782000000.0
    },
    "2024-03-31": {
        "Tax Effect Of Unusual Items": 0.0,
        "Tax Rate For Calcs": 0.253,
        "Total Unusual Items": NaN,
        "Total Unusual Items Excluding Goodwill": NaN,
        "Net Income From Continuing Operation Net Minority Interest": 741000000.0,
        "Reconciled Depreciation": 242000000.0,
        "EBIT": 1173000000.0,
        "Net Interest Income": -159000000.0,
        "Interest Expense": 159000000.0,
        "Normalized Income": 741000000.0,
        "Net Income From Continuing And Discontinued Operation": 741000000.0,
        "Total Expenses": 28597000000.0,
        "Diluted Average Shares": 121268000.0,
        "Basic Average Shares": 120978000.0,
        "Diluted EPS": 6.11,
        "Basic EPS": 6.13,
        "Diluted NI Availto Com Stockholders": 741000000.0,
        "Net Income Common Stockholders": 741000000.0,
        "Net Income": 741000000.0,
        "Minority Interests": 2000000.0,
        "Net Income Including Noncontrolling Interests": 739000000.0,
        "Net Income Continuous Operations": 739000000.0,
        "Earnings From Equity Interest Net Of Tax": -24000000.0,
        "Tax Provision": 251000000.0,
        "Pretax Income": 1014000000.0,
        "Special Income Charges": NaN,
        "Other Special Charges": NaN,
        "Net Non Operating Interest Income Expense": -159000000.0,
        "Interest Expense Non Operating": 159000000.0,
        "Other Operating Expenses": 3105000000.0,
        "Depreciation And Amortization In Income Statement": 209000000.0,
        "Total Revenue": 29611000000.0,
        "Operating Revenue": 29611000000.0,
        "Loss Adjustment Expense": 25124000000.0,
        "Net Policyholder Benefits And Claims": 25124000000.0
    }
}