{
    "2023-03-31": {
        "Tax Effect Of Unusual Items": 0.0,
        "Tax Rate For Calcs": 0.0,
        "Normalized EBITDA": -18964000.0,
        "Total Unusual Items": -14233000.0,
        "Total Unusual Items Excluding Goodwill": -14233000.0,
        "Net Income From Continuing Operation Net Minority Interest": -36969000.0,
        "Reconciled Depreciation": 2073000.0,
        "EBITDA": -33197000.0,
        "EBIT": -35270000.0,
        "Net Interest Income": -224000.0,
        "Interest Expense": 1699000.0,
        "Interest Income": 1475000.0,
        "Normalized Income": -22736000.0,
        "Net Income From Continuing And Discontinued Operation": -36969000.0,
        "Total Expenses": 22512000.0,
        "Total Operating Income As Reported": -22512000.0,
        "Diluted Average Shares": 103263528.0,
        "Basic Average Shares": 103263528.0,
        "Diluted EPS": -0.36,
        "Basic EPS": -0.36,
        "Diluted NI Availto Com Stockholders": -36969000.0,
        "Net Income Common Stockholders": -36969000.0,
        "Net Income": -36969000.0,
        "Net Income Including Noncontrolling Interests": -36969000.0,
        "Net Income Continuous Operations": -36969000.0,
        "Pretax Income": -36969000.0,
        "Other Income Expense": -14233000.0,
        "Special Income Charges": -14191000.0,
        "Other Special Charges": NaN,
        "Restructuring And Mergern Acquisition": 14191000.0,
        "Gain On Sale Of Security": -42000.0,
        "Net Non Operating Interest Income Expense": -224000.0,
        "Interest Expense Non Operating": 1699000.0,
        "Interest Income Non Operating": 1475000.0,
        "Operating Income": -22512000.0,
        "Operating Expense": 22512000.0,
        "Other Operating Expenses": NaN,
        "Research And Development": 17278000.0,
        "Selling General And Administration": 5234000.0,
        "General And Administrative Expense": 5234000.0,
        "Other Gand A": 5234000.0,
        "Salaries And Wages": NaN,
        "Total Revenue": 0.0,
        "Operating Revenue": 0.0
    },
    "2022-12-31": {
        "Tax Effect Of Unusual Items": NaN,
        "Tax Rate For Calcs": NaN,
        "Normalized EBITDA": NaN,
        "Total Unusual Items": NaN,
        "Total Unusual Items Excluding Goodwill": NaN,
        "Net Income From Continuing Operation Net Minority Interest": NaN,
        "Reconciled Depreciation": NaN,
        "EBITDA": NaN,
        "EBIT": NaN,
        "Net Interest Income": NaN,
        "Interest Expense": NaN,
        "Interest Income": NaN,
        "Normalized Income": NaN,
        "Net Income From Continuing And Discontinued Operation": NaN,
        "Total Expenses": NaN,
        "Total Operating Income As Reported": NaN,
        "Diluted Average Shares": NaN,
        "Basic Average Shares": NaN,
        "Diluted EPS": NaN,
        "Basic EPS": NaN,
        "Diluted NI Availto Com Stockholders": NaN,
        "Net Income Common Stockholders": NaN,
        "Net Income": NaN,
        "Net Income Including Noncontrolling Interests": NaN,
        "Net Income Continuous Operations": NaN,
        "Pretax Income": NaN,
        "Other Income Expense": NaN,
        "Special Income Charges": NaN,
        "Other Special Charges": NaN,
        "Restructuring And Mergern Acquisition": NaN,
        "Gain On Sale Of Security": NaN,
        "Net Non Operating Interest Income Expense": NaN,
        "Interest Expense Non Operating": NaN,
        "Interest Income Non Operating": NaN,
        "Operating Income": NaN,
        "Operating Expense": NaN,
        "Other Operating Expenses": 0.0,
        "Research And Development": NaN,
        "Selling General And Administration": NaN,
        "General And Administrative Expense": NaN,
        "Other Gand A": NaN,
        "Salaries And Wages": NaN,
        "Total Revenue": NaN,
        "Operating Revenue": NaN
    },
    "2022-09-30": {
        "Tax Effect Of Unusual Items": NaN,
        "Tax Rate For Calcs": NaN,
        "Normalized EBITDA": NaN,
        "Total Unusual Items": NaN,
        "Total Unusual Items Excluding Goodwill": NaN,
        "Net Income From Continuing Operation Net Minority Interest": NaN,
        "Reconciled Depreciation": NaN,
        "EBITDA": NaN,
        "EBIT": NaN,
        "Net Interest Income": NaN,
        "Interest Expense": NaN,
        "Interest Income": NaN,
        "Normalized Income": NaN,
        "Net Income From Continuing And Discontinued Operation": NaN,
        "Total Expenses": NaN,
        "Total Operating Income As Reported": NaN,
        "Diluted Average Shares": NaN,
        "Basic Average Shares": NaN,
        "Diluted EPS": NaN,
        "Basic EPS": NaN,
        "Diluted NI Availto Com Stockholders": NaN,
        "Net Income Common Stockholders": NaN,
        "Net Income": NaN,
        "Net Income Including Noncontrolling Interests": NaN,
        "Net Income Continuous Operations": NaN,
        "Pretax Income": NaN,
        "Other Income Expense": NaN,
        "Special Income Charges": NaN,
        "Other Special Charges": NaN,
        "Restructuring And Mergern Acquisition": NaN,
        "Gain On Sale Of Security": NaN,
        "Net Non Operating Interest Income Expense": NaN,
        "Interest Expense Non Operating": NaN,
        "Interest Income Non Operating": NaN,
        "Operating Income": NaN,
        "Operating Expense": NaN,
        "Other Operating Expenses": -31000.0,
        "Research And Development": NaN,
        "Selling General And Administration": NaN,
        "General And Administrative Expense": NaN,
        "Other Gand A": NaN,
        "Salaries And Wages": 0.0,
        "Total Revenue": NaN,
        "Operating Revenue": NaN
    },
    "2022-06-30": {
        "Tax Effect Of Unusual Items": 0.0,
        "Tax Rate For Calcs": 0.0,
        "Normalized EBITDA": -16209000.0,
        "Total Unusual Items": 56586000.0,
        "Total Unusual Items Excluding Goodwill": 56586000.0,
        "Net Income From Continuing Operation Net Minority Interest": 36868000.0,
        "Reconciled Depreciation": 2021000.0,
        "EBITDA": 40377000.0,
        "EBIT": 38356000.0,
        "Net Interest Income": -1187000.0,
        "Interest Expense": 1488000.0,
        "Interest Income": 301000.0,
        "Normalized Income": -19718000.0,
        "Net Income From Continuing And Discontinued Operation": 36868000.0,
        "Total Expenses": 18531000.0,
        "Total Operating Income As Reported": -18531000.0,
        "Diluted Average Shares": 103908440.0,
        "Basic Average Shares": 103005651.0,
        "Diluted EPS": 0.35,
        "Basic EPS": 0.36,
        "Diluted NI Availto Com Stockholders": 36868000.0,
        "Net Income Common Stockholders": 36868000.0,
        "Net Income": 36868000.0,
        "Net Income Including Noncontrolling Interests": 36868000.0,
        "Net Income Continuous Operations": 36868000.0,
        "Pretax Income": 36868000.0,
        "Other Income Expense": 56586000.0,
        "Other Non Operating Income Expenses": NaN,
        "Special Income Charges": 56353000.0,
        "Other Special Charges": NaN,
        "Restructuring And Mergern Acquisition": -56353000.0,
        "Gain On Sale Of Security": 233000.0,
        "Net Non Operating Interest Income Expense": -1187000.0,
        "Interest Expense Non Operating": 1488000.0,
        "Interest Income Non Operating": 301000.0,
        "Operating Income": -18531000.0,
        "Operating Expense": 18531000.0,
        "Other Operating Expenses": -1301000.0,
        "Research And Development": 14652000.0,
        "Selling General And Administration": 5180000.0,
        "General And Administrative Expense": 5180000.0,
        "Other Gand A": 5180000.0,
        "Salaries And Wages": NaN,
        "Total Revenue": 0.0,
        "Operating Revenue": 0.0
    },
    "2022-03-31": {
        "Diluted EPS": -0.19,
        "Total Revenue": 0,
        "Gross Profit": 0,
        "Operating Income": -22,
        "EBIT": -19,
        "Net Income": -20
    },
    "2021-12-31": {
        "Diluted EPS": 6.41,
        "Total Revenue": 0,
        "Gross Profit": 0,
        "Operating Income": -22,
        "EBIT": -19,
        "Net Income": 43
    },
    "2021-09-30": {
        "Diluted EPS": -0.72,
        "Total Revenue": 0,
        "Gross Profit": 0,
        "Operating Income": -21,
        "EBIT": -18,
        "Net Income": -32
    },
    "2021-06-30": {
        "Diluted EPS": -2.89,
        "Total Revenue": 1,
        "Gross Profit": 1,
        "Operating Income": -19,
        "EBIT": -17,
        "Net Income": -17
    },
    "2021-03-31": {
        "Diluted EPS": -3.46,
        "Total Revenue": 0,
        "Gross Profit": 0,
        "Operating Income": -20,
        "EBIT": -18,
        "Net Income": -20
    },
    "2020-12-31": {
        "Diluted EPS": 0.0,
        "Total Revenue": NaN,
        "Gross Profit": NaN,
        "Operating Income": NaN,
        "EBIT": NaN,
        "Net Income": NaN
    },
    "2020-09-30": {
        "Diluted EPS": -3.07,
        "Total Revenue": 1,
        "Gross Profit": 1,
        "Operating Income": -17,
        "EBIT": -17,
        "Net Income": -18
    },
    "2023-06-30": {
        "Tax Effect Of Unusual Items": 0.0,
        "Tax Rate For Calcs": 0.0,
        "Normalized EBITDA": -20162000.0,
        "Total Unusual Items": 1149000.0,
        "Total Unusual Items Excluding Goodwill": 1149000.0,
        "Net Income From Continuing Operation Net Minority Interest": -22706000.0,
        "Reconciled Depreciation": 1983000.0,
        "EBITDA": -19013000.0,
        "EBIT": -20996000.0,
        "Net Interest Income": -231000.0,
        "Interest Expense": 1710000.0,
        "Interest Income": 1479000.0,
        "Normalized Income": -23855000.0,
        "Net Income From Continuing And Discontinued Operation": -22706000.0,
        "Total Expenses": 23624000.0,
        "Total Operating Income As Reported": -26731000.0,
        "Diluted Average Shares": 103361501.0,
        "Basic Average Shares": 103361501.0,
        "Diluted EPS": -0.22,
        "Basic EPS": -0.22,
        "Diluted NI Availto Com Stockholders": -22706000.0,
        "Net Income Common Stockholders": -22706000.0,
        "Net Income": -22706000.0,
        "Net Income Including Noncontrolling Interests": -22706000.0,
        "Net Income Continuous Operations": -22706000.0,
        "Pretax Income": -22706000.0,
        "Other Income Expense": 1149000.0,
        "Special Income Charges": 1206000.0,
        "Other Special Charges": 2421000.0,
        "Restructuring And Mergern Acquisition": -3627000.0,
        "Gain On Sale Of Security": -57000.0,
        "Net Non Operating Interest Income Expense": -231000.0,
        "Interest Expense Non Operating": 1710000.0,
        "Interest Income Non Operating": 1479000.0,
        "Operating Income": -23624000.0,
        "Operating Expense": 23624000.0,
        "Other Operating Expenses": NaN,
        "Research And Development": 20540000.0,
        "Selling General And Administration": 3084000.0,
        "General And Administrative Expense": 3084000.0,
        "Other Gand A": 6191000.0,
        "Salaries And Wages": -3107000.0,
        "Total Revenue": 0.0,
        "Operating Revenue": 0.0
    },
    "2023-09-30": {
        "Tax Effect Of Unusual Items": 0.0,
        "Tax Rate For Calcs": 0.0,
        "Normalized EBITDA": -21423000.0,
        "Total Unusual Items": -1279000.0,
        "Total Unusual Items Excluding Goodwill": -1279000.0,
        "Net Income From Continuing Operation Net Minority Interest": -25995000.0,
        "Reconciled Depreciation": 1830000.0,
        "EBITDA": -22702000.0,
        "EBIT": -24532000.0,
        "Net Interest Income": -94000.0,
        "Interest Expense": 1463000.0,
        "Interest Income": 1369000.0,
        "Normalized Income": -24716000.0,
        "Net Income From Continuing And Discontinued Operation": -25995000.0,
        "Total Expenses": 24622000.0,
        "Total Operating Income As Reported": -24622000.0,
        "Diluted Average Shares": 103444246.0,
        "Basic Average Shares": 103444246.0,
        "Diluted EPS": -0.25,
        "Basic EPS": -0.25,
        "Diluted NI Availto Com Stockholders": -25995000.0,
        "Net Income Common Stockholders": -25995000.0,
        "Net Income": -25995000.0,
        "Net Income Including Noncontrolling Interests": -25995000.0,
        "Net Income Continuous Operations": -25995000.0,
        "Pretax Income": -25995000.0,
        "Other Income Expense": -1279000.0,
        "Special Income Charges": -1144000.0,
        "Other Special Charges": NaN,
        "Restructuring And Mergern Acquisition": 1144000.0,
        "Gain On Sale Of Security": -135000.0,
        "Net Non Operating Interest Income Expense": -94000.0,
        "Interest Expense Non Operating": 1463000.0,
        "Interest Income Non Operating": 1369000.0,
        "Operating Income": -24622000.0,
        "Operating Expense": 24622000.0,
        "Other Operating Expenses": NaN,
        "Research And Development": 18552000.0,
        "Selling General And Administration": 6070000.0,
        "General And Administrative Expense": 6070000.0,
        "Other Gand A": 6070000.0,
        "Salaries And Wages": 0.0,
        "Total Revenue": 0.0,
        "Operating Revenue": 0.0
    },
    "2023-12-31": {
        "Tax Effect Of Unusual Items": 0.0,
        "Tax Rate For Calcs": 0.0,
        "Normalized EBITDA": -23205000.0,
        "Total Unusual Items": 1659000.0,
        "Total Unusual Items Excluding Goodwill": 1659000.0,
        "Net Income From Continuing Operation Net Minority Interest": -25106000.0,
        "Reconciled Depreciation": 1833000.0,
        "EBITDA": -21546000.0,
        "EBIT": -23379000.0,
        "Net Interest Income": -583000.0,
        "Interest Expense": 1727000.0,
        "Interest Income": 1144000.0,
        "Normalized Income": -26765000.0,
        "Net Income From Continuing And Discontinued Operation": -25106000.0,
        "Total Expenses": 26182000.0,
        "Total Operating Income As Reported": -26182000.0,
        "Diluted Average Shares": 103607631.0,
        "Basic Average Shares": 103607631.0,
        "Diluted EPS": -0.24,
        "Basic EPS": -0.24,
        "Diluted NI Availto Com Stockholders": -25106000.0,
        "Net Income Common Stockholders": -25106000.0,
        "Net Income": -25106000.0,
        "Net Income Including Noncontrolling Interests": -25106000.0,
        "Net Income Continuous Operations": -25106000.0,
        "Pretax Income": -25106000.0,
        "Other Income Expense": 1659000.0,
        "Special Income Charges": 1685000.0,
        "Other Special Charges": 0.0,
        "Restructuring And Mergern Acquisition": -1685000.0,
        "Gain On Sale Of Security": -26000.0,
        "Net Non Operating Interest Income Expense": -583000.0,
        "Interest Expense Non Operating": 1727000.0,
        "Interest Income Non Operating": 1144000.0,
        "Operating Income": -26182000.0,
        "Operating Expense": 26182000.0,
        "Other Operating Expenses": NaN,
        "Research And Development": 20180000.0,
        "Selling General And Administration": 6002000.0,
        "General And Administrative Expense": 6002000.0,
        "Other Gand A": 6002000.0,
        "Salaries And Wages": 0.0,
        "Total Revenue": 0.0,
        "Operating Revenue": 0.0
    },
    "2024-03-31": {
        "Tax Effect Of Unusual Items": 0.0,
        "Tax Rate For Calcs": 0.0,
        "Normalized EBITDA": -23756000.0,
        "Total Unusual Items": -4533000.0,
        "Total Unusual Items Excluding Goodwill": -4533000.0,
        "Net Income From Continuing Operation Net Minority Interest": -31896000.0,
        "Reconciled Depreciation": 1791000.0,
        "EBITDA": -28289000.0,
        "EBIT": -30080000.0,
        "Net Interest Income": -785000.0,
        "Interest Expense": 1816000.0,
        "Interest Income": 1031000.0,
        "Normalized Income": -27363000.0,
        "Net Income From Continuing And Discontinued Operation": -31896000.0,
        "Total Expenses": 26578000.0,
        "Total Operating Income As Reported": -26578000.0,
        "Diluted Average Shares": 108246008.0,
        "Basic Average Shares": 108246008.0,
        "Diluted EPS": -0.29,
        "Basic EPS": -0.29,
        "Diluted NI Availto Com Stockholders": -31896000.0,
        "Net Income Common Stockholders": -31896000.0,
        "Net Income": -31896000.0,
        "Net Income Including Noncontrolling Interests": -31896000.0,
        "Net Income Continuous Operations": -31896000.0,
        "Pretax Income": -31896000.0,
        "Other Income Expense": -4533000.0,
        "Special Income Charges": -4593000.0,
        "Other Special Charges": NaN,
        "Restructuring And Mergern Acquisition": 4593000.0,
        "Gain On Sale Of Security": 60000.0,
        "Net Non Operating Interest Income Expense": -785000.0,
        "Interest Expense Non Operating": 1816000.0,
        "Interest Income Non Operating": 1031000.0,
        "Operating Income": -26578000.0,
        "Operating Expense": 26578000.0,
        "Other Operating Expenses": NaN,
        "Research And Development": 21264000.0,
        "Selling General And Administration": 5314000.0,
        "General And Administrative Expense": 5314000.0,
        "Other Gand A": 5314000.0,
        "Salaries And Wages": NaN,
        "Total Revenue": 0.0,
        "Operating Revenue": 0.0
    }
}