{
    "2023-06-30": {
        "Tax Effect Of Unusual Items": -1680000.0,
        "Tax Rate For Calcs": 0.21,
        "Normalized EBITDA": 154000000.0,
        "Total Unusual Items": -8000000.0,
        "Total Unusual Items Excluding Goodwill": -8000000.0,
        "Net Income From Continuing Operation Net Minority Interest": 21000000.0,
        "Reconciled Depreciation": 70000000.0,
        "Reconciled Cost Of Revenue": 1342000000.0,
        "EBITDA": 146000000.0,
        "EBIT": 76000000.0,
        "Net Interest Income": -15000000.0,
        "Interest Expense": 15000000.0,
        "Normalized Income": 27320000.0,
        "Net Income From Continuing And Discontinued Operation": 19000000.0,
        "Total Expenses": 1538000000.0,
        "Total Operating Income As Reported": 50000000.0,
        "Diluted Average Shares": 180300000.0,
        "Basic Average Shares": 179200000.0,
        "Diluted EPS": 0.11,
        "Basic EPS": 0.11,
        "Diluted NI Availto Com Stockholders": 19000000.0,
        "Net Income Common Stockholders": 19000000.0,
        "Net Income": 19000000.0,
        "Minority Interests": -12000000.0,
        "Net Income Including Noncontrolling Interests": 31000000.0,
        "Net Income Discontinuous Operations": -2000000.0,
        "Net Income Continuous Operations": 33000000.0,
        "Tax Provision": 28000000.0,
        "Pretax Income": 61000000.0,
        "Other Income Expense": 18000000.0,
        "Other Non Operating Income Expenses": -2000000.0,
        "Special Income Charges": -8000000.0,
        "Gain On Sale Of Ppe": NaN,
        "Write Off": 0.0,
        "Restructuring And Mergern Acquisition": 8000000.0,
        "Earnings From Equity Interest": 28000000.0,
        "Gain On Sale Of Security": NaN,
        "Net Non Operating Interest Income Expense": -15000000.0,
        "Interest Expense Non Operating": 15000000.0,
        "Operating Income": 58000000.0,
        "Operating Expense": 196000000.0,
        "Other Operating Expenses": NaN,
        "Research And Development": 29000000.0,
        "Selling General And Administration": 167000000.0,
        "Gross Profit": 254000000.0,
        "Cost Of Revenue": 1342000000.0,
        "Total Revenue": 1596000000.0,
        "Operating Revenue": 1596000000.0
    },
    "2023-03-31": {
        "Tax Effect Of Unusual Items": NaN,
        "Tax Rate For Calcs": NaN,
        "Normalized EBITDA": NaN,
        "Total Unusual Items": NaN,
        "Total Unusual Items Excluding Goodwill": NaN,
        "Net Income From Continuing Operation Net Minority Interest": NaN,
        "Reconciled Depreciation": NaN,
        "Reconciled Cost Of Revenue": NaN,
        "EBITDA": NaN,
        "EBIT": NaN,
        "Net Interest Income": NaN,
        "Interest Expense": NaN,
        "Normalized Income": NaN,
        "Net Income From Continuing And Discontinued Operation": NaN,
        "Total Expenses": NaN,
        "Total Operating Income As Reported": NaN,
        "Diluted Average Shares": NaN,
        "Basic Average Shares": NaN,
        "Diluted EPS": NaN,
        "Basic EPS": NaN,
        "Diluted NI Availto Com Stockholders": NaN,
        "Net Income Common Stockholders": NaN,
        "Net Income": NaN,
        "Minority Interests": NaN,
        "Net Income Including Noncontrolling Interests": NaN,
        "Net Income Discontinuous Operations": NaN,
        "Net Income Continuous Operations": NaN,
        "Tax Provision": NaN,
        "Pretax Income": NaN,
        "Other Income Expense": NaN,
        "Other Non Operating Income Expenses": 1000000.0,
        "Special Income Charges": NaN,
        "Gain On Sale Of Ppe": NaN,
        "Write Off": 0.0,
        "Restructuring And Mergern Acquisition": NaN,
        "Earnings From Equity Interest": NaN,
        "Gain On Sale Of Security": -1000000.0,
        "Net Non Operating Interest Income Expense": NaN,
        "Interest Expense Non Operating": NaN,
        "Operating Income": NaN,
        "Operating Expense": NaN,
        "Other Operating Expenses": -3000000.0,
        "Research And Development": NaN,
        "Selling General And Administration": NaN,
        "Gross Profit": NaN,
        "Cost Of Revenue": NaN,
        "Total Revenue": NaN,
        "Operating Revenue": NaN
    },
    "2022-12-31": {
        "Tax Effect Of Unusual Items": NaN,
        "Tax Rate For Calcs": NaN,
        "Normalized EBITDA": NaN,
        "Total Unusual Items": NaN,
        "Total Unusual Items Excluding Goodwill": NaN,
        "Net Income From Continuing Operation Net Minority Interest": NaN,
        "Reconciled Depreciation": NaN,
        "Reconciled Cost Of Revenue": NaN,
        "EBITDA": NaN,
        "EBIT": NaN,
        "Net Interest Income": NaN,
        "Interest Expense": NaN,
        "Normalized Income": NaN,
        "Net Income From Continuing And Discontinued Operation": NaN,
        "Total Expenses": NaN,
        "Total Operating Income As Reported": NaN,
        "Diluted Average Shares": NaN,
        "Basic Average Shares": NaN,
        "Diluted EPS": NaN,
        "Basic EPS": NaN,
        "Diluted NI Availto Com Stockholders": NaN,
        "Net Income Common Stockholders": NaN,
        "Net Income": NaN,
        "Minority Interests": NaN,
        "Net Income Including Noncontrolling Interests": NaN,
        "Net Income Discontinuous Operations": NaN,
        "Net Income Continuous Operations": NaN,
        "Tax Provision": NaN,
        "Pretax Income": NaN,
        "Other Income Expense": NaN,
        "Other Non Operating Income Expenses": NaN,
        "Special Income Charges": NaN,
        "Gain On Sale Of Ppe": NaN,
        "Gain On Sale Of Business": 0.0,
        "Write Off": NaN,
        "Restructuring And Mergern Acquisition": NaN,
        "Earnings From Equity Interest": NaN,
        "Gain On Sale Of Security": -3000000.0,
        "Net Non Operating Interest Income Expense": NaN,
        "Interest Expense Non Operating": NaN,
        "Operating Income": NaN,
        "Operating Expense": NaN,
        "Other Operating Expenses": -40000000.0,
        "Research And Development": NaN,
        "Selling General And Administration": NaN,
        "Gross Profit": NaN,
        "Cost Of Revenue": NaN,
        "Total Revenue": NaN,
        "Operating Revenue": NaN
    },
    "2022-09-30": {
        "Tax Effect Of Unusual Items": NaN,
        "Tax Rate For Calcs": NaN,
        "Normalized EBITDA": NaN,
        "Total Unusual Items": NaN,
        "Total Unusual Items Excluding Goodwill": NaN,
        "Net Income From Continuing Operation Net Minority Interest": NaN,
        "Reconciled Depreciation": NaN,
        "Reconciled Cost Of Revenue": NaN,
        "EBITDA": NaN,
        "EBIT": NaN,
        "Net Interest Income": NaN,
        "Interest Expense": NaN,
        "Normalized Income": NaN,
        "Net Income From Continuing And Discontinued Operation": NaN,
        "Total Expenses": NaN,
        "Total Operating Income As Reported": NaN,
        "Diluted Average Shares": NaN,
        "Basic Average Shares": NaN,
        "Diluted EPS": NaN,
        "Basic EPS": NaN,
        "Diluted NI Availto Com Stockholders": NaN,
        "Net Income Common Stockholders": NaN,
        "Net Income": NaN,
        "Minority Interests": NaN,
        "Net Income Including Noncontrolling Interests": NaN,
        "Net Income Discontinuous Operations": NaN,
        "Net Income Continuous Operations": NaN,
        "Tax Provision": NaN,
        "Pretax Income": NaN,
        "Other Income Expense": NaN,
        "Other Non Operating Income Expenses": NaN,
        "Special Income Charges": NaN,
        "Gain On Sale Of Ppe": 2000000.0,
        "Gain On Sale Of Business": 0.0,
        "Write Off": NaN,
        "Restructuring And Mergern Acquisition": NaN,
        "Earnings From Equity Interest": NaN,
        "Gain On Sale Of Security": -7000000.0,
        "Net Non Operating Interest Income Expense": NaN,
        "Interest Expense Non Operating": NaN,
        "Operating Income": NaN,
        "Operating Expense": NaN,
        "Other Operating Expenses": 3000000.0,
        "Research And Development": NaN,
        "Selling General And Administration": NaN,
        "Gross Profit": NaN,
        "Cost Of Revenue": NaN,
        "Total Revenue": NaN,
        "Operating Revenue": NaN
    },
    "2022-06-30": {
        "Tax Effect Of Unusual Items": -5280000.0,
        "Tax Rate For Calcs": 0.22,
        "Normalized EBITDA": 421000000.0,
        "Total Unusual Items": -24000000.0,
        "Total Unusual Items Excluding Goodwill": -24000000.0,
        "Net Income From Continuing Operation Net Minority Interest": 228000000.0,
        "Reconciled Depreciation": 72000000.0,
        "Reconciled Cost Of Revenue": 1824000000.0,
        "EBITDA": 397000000.0,
        "EBIT": 325000000.0,
        "Net Interest Income": -16000000.0,
        "Interest Expense": 16000000.0,
        "Normalized Income": 246720000.0,
        "Net Income From Continuing And Discontinued Operation": 228000000.0,
        "Total Expenses": 2045000000.0,
        "Total Operating Income As Reported": 293000000.0,
        "Diluted Average Shares": 207000000.0,
        "Basic Average Shares": 205200000.0,
        "Diluted EPS": 1.1,
        "Basic EPS": 1.11,
        "Diluted NI Availto Com Stockholders": 228000000.0,
        "Net Income Common Stockholders": 228000000.0,
        "Net Income": 228000000.0,
        "Minority Interests": -14000000.0,
        "Net Income Including Noncontrolling Interests": 242000000.0,
        "Net Income Discontinuous Operations": 0.0,
        "Net Income Continuous Operations": 242000000.0,
        "Tax Provision": 67000000.0,
        "Pretax Income": 309000000.0,
        "Other Income Expense": 8000000.0,
        "Other Non Operating Income Expenses": 13000000.0,
        "Special Income Charges": -24000000.0,
        "Gain On Sale Of Business": 0.0,
        "Other Special Charges": NaN,
        "Restructuring And Mergern Acquisition": 24000000.0,
        "Earnings From Equity Interest": 19000000.0,
        "Gain On Sale Of Security": NaN,
        "Net Non Operating Interest Income Expense": -16000000.0,
        "Interest Expense Non Operating": 16000000.0,
        "Operating Income": 317000000.0,
        "Operating Expense": 221000000.0,
        "Other Operating Expenses": 221000000.0,
        "Research And Development": 36000000.0,
        "Selling General And Administration": 203000000.0,
        "Gross Profit": 538000000.0,
        "Cost Of Revenue": 1824000000.0,
        "Total Revenue": 2362000000.0,
        "Operating Revenue": 2362000000.0
    },
    "2022-03-31": {
        "Diluted EPS": 1.04,
        "Total Revenue": NaN,
        "Gross Profit": 515,
        "Operating Income": 283,
        "EBIT": 350,
        "Net Income": 223
    },
    "2021-12-31": {
        "Diluted EPS": 2.71,
        "Total Revenue": NaN,
        "Gross Profit": 324,
        "Operating Income": 166,
        "EBIT": 239,
        "Net Income": 597
    },
    "2021-09-30": {
        "Diluted EPS": 0.94,
        "Total Revenue": NaN,
        "Gross Profit": 437,
        "Operating Income": 230,
        "EBIT": 288,
        "Net Income": 209
    },
    "2021-06-30": {
        "Diluted EPS": 0.7,
        "Total Revenue": NaN,
        "Gross Profit": 431,
        "Operating Income": 209,
        "EBIT": 282,
        "Net Income": 156
    },
    "2021-03-31": {
        "Diluted EPS": 0.37,
        "Total Revenue": NaN,
        "Gross Profit": 392,
        "Operating Income": 126,
        "EBIT": 200,
        "Net Income": 83
    },
    "2020-12-31": {
        "Diluted EPS": 1.56,
        "Total Revenue": NaN,
        "Gross Profit": 239,
        "Operating Income": 388,
        "EBIT": 449,
        "Net Income": 343
    },
    "2020-09-30": {
        "Diluted EPS": 0.22,
        "Total Revenue": NaN,
        "Gross Profit": 279,
        "Operating Income": 59,
        "EBIT": 129,
        "Net Income": 48
    },
    "2020-06-30": {
        "Diluted EPS": -0.28,
        "Total Revenue": NaN,
        "Gross Profit": 162,
        "Operating Income": -69,
        "EBIT": NaN,
        "Net Income": -62
    },
    "2020-03-31": {
        "Diluted EPS": 3.16,
        "Total Revenue": NaN,
        "Gross Profit": 297,
        "Operating Income": 54,
        "EBIT": 121,
        "Net Income": 705
    },
    "2019-12-31": {
        "Diluted EPS": 1.33,
        "Total Revenue": NaN,
        "Gross Profit": 310,
        "Operating Income": 50,
        "EBIT": 119,
        "Net Income": 303
    },
    "2019-09-30": {
        "Diluted EPS": 0.13,
        "Total Revenue": NaN,
        "Gross Profit": 340,
        "Operating Income": 152,
        "EBIT": 217,
        "Net Income": 30
    },
    "2019-06-30": {
        "Diluted EPS": 0.47,
        "Total Revenue": NaN,
        "Gross Profit": 373,
        "Operating Income": 152,
        "EBIT": 221,
        "Net Income": 110
    },
    "2019-03-31": {
        "Diluted EPS": 0.51,
        "Total Revenue": NaN,
        "Gross Profit": 359,
        "Operating Income": 115,
        "EBIT": 182,
        "Net Income": 119
    },
    "2018-12-31": {
        "Diluted EPS": -1.38,
        "Total Revenue": 937,
        "Gross Profit": 202,
        "Operating Income": 9,
        "EBIT": 77,
        "Net Income": -340
    },
    "2018-09-30": {
        "Diluted EPS": -0.05,
        "Total Revenue": NaN,
        "Gross Profit": 467,
        "Operating Income": 223,
        "EBIT": 245,
        "Net Income": -11
    },
    "2018-06-30": {
        "Diluted EPS": 1.71,
        "Total Revenue": NaN,
        "Gross Profit": 555,
        "Operating Income": 299,
        "EBIT": 382,
        "Net Income": 414
    },
    "2018-03-31": {
        "Diluted EPS": 1.11,
        "Total Revenue": NaN,
        "Gross Profit": 540,
        "Operating Income": 296,
        "EBIT": 378,
        "Net Income": 274
    },
    "2017-12-31": {
        "Diluted EPS": 1.01,
        "Total Revenue": 690,
        "Gross Profit": 353,
        "Operating Income": 139,
        "EBIT": 140,
        "Net Income": 246
    },
    "2017-09-30": {
        "Diluted EPS": 0.6,
        "Total Revenue": NaN,
        "Gross Profit": 472,
        "Operating Income": 221,
        "EBIT": 301,
        "Net Income": 147
    },
    "2017-06-30": {
        "Diluted EPS": 0.69,
        "Total Revenue": NaN,
        "Gross Profit": 436,
        "Operating Income": 207,
        "EBIT": 286,
        "Net Income": 167
    },
    "2017-03-31": {
        "Diluted EPS": 0.31,
        "Total Revenue": NaN,
        "Gross Profit": 390,
        "Operating Income": 162,
        "EBIT": 238,
        "Net Income": 76
    },
    "2016-12-31": {
        "Diluted EPS": 0.53,
        "Total Revenue": 788,
        "Gross Profit": 288,
        "Operating Income": 247,
        "EBIT": 327,
        "Net Income": 129
    },
    "2016-09-30": {
        "Diluted EPS": 0.23,
        "Total Revenue": NaN,
        "Gross Profit": 356,
        "Operating Income": 101,
        "EBIT": 130,
        "Net Income": 55
    },
    "2016-06-30": {
        "Diluted EPS": 0.36,
        "Total Revenue": NaN,
        "Gross Profit": 458,
        "Operating Income": 177,
        "EBIT": 286,
        "Net Income": 86
    },
    "2016-03-31": {
        "Diluted EPS": 0.24,
        "Total Revenue": NaN,
        "Gross Profit": 416,
        "Operating Income": 138,
        "EBIT": 238,
        "Net Income": 56
    },
    "2015-12-31": {
        "Diluted EPS": 0.02,
        "Total Revenue": 172,
        "Gross Profit": 262,
        "Operating Income": 325,
        "EBIT": 326,
        "Net Income": 4
    },
    "2015-09-30": {
        "Diluted EPS": 0.22,
        "Total Revenue": NaN,
        "Gross Profit": 473,
        "Operating Income": 169,
        "EBIT": 272,
        "Net Income": 55
    },
    "2015-06-30": {
        "Diluted EPS": 0.12,
        "Total Revenue": NaN,
        "Gross Profit": 549,
        "Operating Income": 146,
        "EBIT": 245,
        "Net Income": 29
    },
    "2015-03-31": {
        "Diluted EPS": 0.02,
        "Total Revenue": NaN,
        "Gross Profit": 450,
        "Operating Income": 77,
        "EBIT": 172,
        "Net Income": 5
    },
    "2014-12-31": {
        "Diluted EPS": -0.15,
        "Total Revenue": NaN,
        "Gross Profit": 449,
        "Operating Income": 65,
        "EBIT": 175,
        "Net Income": -38
    },
    "2014-09-30": {
        "Diluted EPS": 0.76,
        "Total Revenue": NaN,
        "Gross Profit": 515,
        "Operating Income": 202,
        "EBIT": 298,
        "Net Income": 188
    },
    "2014-06-30": {
        "Diluted EPS": 0.48,
        "Total Revenue": NaN,
        "Gross Profit": 505,
        "Operating Income": 216,
        "EBIT": 332,
        "Net Income": 119
    },
    "2014-03-31": {
        "Diluted EPS": 0.22,
        "Total Revenue": NaN,
        "Gross Profit": 450,
        "Operating Income": 150,
        "EBIT": 273,
        "Net Income": 54
    },
    "2013-12-31": {
        "Diluted EPS": 0.18,
        "Total Revenue": NaN,
        "Gross Profit": 446,
        "Operating Income": 121,
        "EBIT": 243,
        "Net Income": 41
    },
    "2013-09-30": {
        "Diluted EPS": 0.26,
        "Total Revenue": NaN,
        "Gross Profit": 507,
        "Operating Income": 198,
        "EBIT": 308,
        "Net Income": 64
    },
    "2013-06-30": {
        "Diluted EPS": 0.19,
        "Total Revenue": NaN,
        "Gross Profit": 451,
        "Operating Income": 141,
        "EBIT": 250,
        "Net Income": 47
    },
    "2013-03-31": {
        "Diluted EPS": -0.1,
        "Total Revenue": NaN,
        "Gross Profit": 349,
        "Operating Income": 50,
        "EBIT": 157,
        "Net Income": -24
    },
    "2012-12-31": {
        "Diluted EPS": -0.17,
        "Total Revenue": NaN,
        "Gross Profit": 420,
        "Operating Income": 75,
        "EBIT": 183,
        "Net Income": -40
    },
    "2012-09-30": {
        "Diluted EPS": 0.48,
        "Total Revenue": NaN,
        "Gross Profit": 537,
        "Operating Income": 235,
        "EBIT": 343,
        "Net Income": 116
    },
    "2012-06-30": {
        "Diluted EPS": 0.52,
        "Total Revenue": NaN,
        "Gross Profit": 527,
        "Operating Income": 250,
        "EBIT": 357,
        "Net Income": 124
    },
    "2012-03-31": {
        "Diluted EPS": 0.68,
        "Total Revenue": NaN,
        "Gross Profit": 550,
        "Operating Income": 285,
        "EBIT": 394,
        "Net Income": 163
    },
    "2011-12-31": {
        "Diluted EPS": 0.43,
        "Total Revenue": NaN,
        "Gross Profit": 389,
        "Operating Income": 140,
        "EBIT": 252,
        "Net Income": 105
    },
    "2011-09-30": {
        "Diluted EPS": -0.14,
        "Total Revenue": NaN,
        "Gross Profit": 490,
        "Operating Income": 77,
        "EBIT": 190,
        "Net Income": -34
    },
    "2011-06-30": {
        "Diluted EPS": 0.47,
        "Total Revenue": NaN,
        "Gross Profit": 501,
        "Operating Income": 220,
        "EBIT": 331,
        "Net Income": 114
    },
    "2011-03-31": {
        "Diluted EPS": 0.26,
        "Total Revenue": NaN,
        "Gross Profit": 460,
        "Operating Income": 169,
        "EBIT": 272,
        "Net Income": 62
    },
    "2010-12-31": {
        "Diluted EPS": 0.14,
        "Total Revenue": NaN,
        "Gross Profit": 380,
        "Operating Income": 70,
        "EBIT": 180,
        "Net Income": 30
    },
    "2010-09-30": {
        "Diluted EPS": 0.23,
        "Total Revenue": NaN,
        "Gross Profit": 415,
        "Operating Income": 171,
        "EBIT": 270,
        "Net Income": 55
    },
    "2010-06-30": {
        "Diluted EPS": 0.47,
        "Total Revenue": NaN,
        "Gross Profit": 385,
        "Operating Income": 144,
        "EBIT": 242,
        "Net Income": 114
    },
    "2010-03-31": {
        "Diluted EPS": -0.73,
        "Total Revenue": NaN,
        "Gross Profit": 281,
        "Operating Income": 25,
        "EBIT": 123,
        "Net Income": -172
    },
    "2009-12-31": {
        "Diluted EPS": 0.5,
        "Total Revenue": NaN,
        "Gross Profit": 354,
        "Operating Income": 82,
        "EBIT": 186,
        "Net Income": 66
    },
    "2009-09-30": {
        "Diluted EPS": -0.29,
        "Total Revenue": NaN,
        "Gross Profit": 342,
        "Operating Income": 92,
        "EBIT": 204,
        "Net Income": -68
    },
    "2009-06-30": {
        "Diluted EPS": 1.51,
        "Total Revenue": NaN,
        "Gross Profit": 233,
        "Operating Income": NaN,
        "EBIT": 100,
        "Net Income": 406
    },
    "2009-03-31": {
        "Diluted EPS": -1.24,
        "Total Revenue": NaN,
        "Gross Profit": 149,
        "Operating Income": -73,
        "EBIT": 53,
        "Net Income": -290
    },
    "2023-09-30": {
        "Tax Effect Of Unusual Items": -1260000.0,
        "Tax Rate For Calcs": 0.21,
        "Normalized EBITDA": 132000000.0,
        "Total Unusual Items": -6000000.0,
        "Total Unusual Items Excluding Goodwill": -6000000.0,
        "Net Income From Continuing Operation Net Minority Interest": 0.0,
        "Reconciled Depreciation": 69000000.0,
        "Reconciled Cost Of Revenue": 1275000000.0,
        "EBITDA": 126000000.0,
        "EBIT": 57000000.0,
        "Net Interest Income": -15000000.0,
        "Interest Expense": 15000000.0,
        "Normalized Income": 4740000.0,
        "Net Income From Continuing And Discontinued Operation": 0.0,
        "Total Expenses": 1473000000.0,
        "Total Operating Income As Reported": 27000000.0,
        "Diluted Average Shares": 177000000.0,
        "Basic Average Shares": 175700000.0,
        "Diluted EPS": 0.0,
        "Basic EPS": 0.0,
        "Diluted NI Availto Com Stockholders": 0.0,
        "Net Income Common Stockholders": 0.0,
        "Net Income": 0.0,
        "Minority Interests": -15000000.0,
        "Net Income Including Noncontrolling Interests": 15000000.0,
        "Net Income Discontinuous Operations": 0.0,
        "Net Income Continuous Operations": 15000000.0,
        "Tax Provision": 27000000.0,
        "Pretax Income": 42000000.0,
        "Other Income Expense": 24000000.0,
        "Other Non Operating Income Expenses": NaN,
        "Special Income Charges": -6000000.0,
        "Gain On Sale Of Ppe": 0.0,
        "Write Off": NaN,
        "Restructuring And Mergern Acquisition": 6000000.0,
        "Earnings From Equity Interest": 30000000.0,
        "Gain On Sale Of Security": NaN,
        "Net Non Operating Interest Income Expense": -15000000.0,
        "Interest Expense Non Operating": 15000000.0,
        "Operating Income": 33000000.0,
        "Operating Expense": 198000000.0,
        "Other Operating Expenses": 5000000.0,
        "Research And Development": 28000000.0,
        "Selling General And Administration": 165000000.0,
        "Gross Profit": 231000000.0,
        "Cost Of Revenue": 1275000000.0,
        "Total Revenue": 1506000000.0,
        "Operating Revenue": 1506000000.0
    },
    "2023-12-31": {
        "Tax Effect Of Unusual Items": -542372.881356,
        "Tax Rate For Calcs": 0.033898,
        "Normalized EBITDA": 44000000.0,
        "Total Unusual Items": -16000000.0,
        "Total Unusual Items Excluding Goodwill": -16000000.0,
        "Net Income From Continuing Operation Net Minority Interest": -69000000.0,
        "Reconciled Depreciation": 70000000.0,
        "Reconciled Cost Of Revenue": 1251000000.0,
        "EBITDA": 28000000.0,
        "EBIT": -42000000.0,
        "Net Interest Income": -17000000.0,
        "Interest Expense": 17000000.0,
        "Normalized Income": -53542372.881356,
        "Net Income From Continuing And Discontinued Operation": -71000000.0,
        "Total Expenses": 1446000000.0,
        "Total Operating Income As Reported": -54000000.0,
        "Diluted Average Shares": 172000000.0,
        "Basic Average Shares": 172000000.0,
        "Diluted EPS": -0.41,
        "Basic EPS": -0.41,
        "Diluted NI Availto Com Stockholders": -71000000.0,
        "Net Income Common Stockholders": -71000000.0,
        "Net Income": -71000000.0,
        "Minority Interests": -12000000.0,
        "Net Income Including Noncontrolling Interests": -59000000.0,
        "Net Income Discontinuous Operations": -2000000.0,
        "Net Income Continuous Operations": -57000000.0,
        "Tax Provision": -2000000.0,
        "Pretax Income": -59000000.0,
        "Other Income Expense": 1000000.0,
        "Other Non Operating Income Expenses": 4000000.0,
        "Special Income Charges": -11000000.0,
        "Gain On Sale Of Ppe": NaN,
        "Write Off": NaN,
        "Restructuring And Mergern Acquisition": 11000000.0,
        "Earnings From Equity Interest": 13000000.0,
        "Gain On Sale Of Security": NaN,
        "Net Non Operating Interest Income Expense": -17000000.0,
        "Interest Expense Non Operating": 17000000.0,
        "Operating Income": -43000000.0,
        "Operating Expense": 195000000.0,
        "Other Operating Expenses": NaN,
        "Research And Development": 28000000.0,
        "Selling General And Administration": 169000000.0,
        "Gross Profit": 152000000.0,
        "Cost Of Revenue": 1251000000.0,
        "Total Revenue": 1403000000.0,
        "Operating Revenue": 1403000000.0
    },
    "2024-03-31": {
        "Tax Effect Of Unusual Items": -17220000.0,
        "Tax Rate For Calcs": 0.21,
        "Normalized EBITDA": 134000000.0,
        "Total Unusual Items": -82000000.0,
        "Total Unusual Items Excluding Goodwill": -82000000.0,
        "Net Income From Continuing Operation Net Minority Interest": -30000000.0,
        "Reconciled Depreciation": 69000000.0,
        "Reconciled Cost Of Revenue": 1269000000.0,
        "EBITDA": 52000000.0,
        "EBIT": -17000000.0,
        "Net Interest Income": -19000000.0,
        "Interest Expense": 19000000.0,
        "Normalized Income": 34780000.0,
        "Net Income From Continuing And Discontinued Operation": -37000000.0,
        "Total Expenses": 1478000000.0,
        "Total Operating Income As Reported": -38000000.0,
        "Diluted Average Shares": 172000000.0,
        "Basic Average Shares": 172000000.0,
        "Diluted EPS": -0.22,
        "Basic EPS": -0.22,
        "Diluted NI Availto Com Stockholders": -37000000.0,
        "Net Income Common Stockholders": -37000000.0,
        "Net Income": -37000000.0,
        "Minority Interests": -14000000.0,
        "Net Income Including Noncontrolling Interests": -23000000.0,
        "Net Income Discontinuous Operations": -7000000.0,
        "Net Income Continuous Operations": -16000000.0,
        "Tax Provision": -20000000.0,
        "Pretax Income": -36000000.0,
        "Other Income Expense": -9000000.0,
        "Other Non Operating Income Expenses": 54000000.0,
        "Special Income Charges": -82000000.0,
        "Gain On Sale Of Ppe": NaN,
        "Write Off": 71000000.0,
        "Restructuring And Mergern Acquisition": 11000000.0,
        "Earnings From Equity Interest": 19000000.0,
        "Gain On Sale Of Security": NaN,
        "Net Non Operating Interest Income Expense": -19000000.0,
        "Interest Expense Non Operating": 19000000.0,
        "Operating Income": -8000000.0,
        "Operating Expense": 209000000.0,
        "Other Operating Expenses": 2000000.0,
        "Research And Development": 31000000.0,
        "Selling General And Administration": 176000000.0,
        "Gross Profit": 201000000.0,
        "Cost Of Revenue": 1269000000.0,
        "Total Revenue": 1470000000.0,
        "Operating Revenue": 1470000000.0
    },
    "2024-06-30": {
        "Tax Effect Of Unusual Items": -1181818.181818,
        "Tax Rate For Calcs": 0.295455,
        "Normalized EBITDA": 143000000.0,
        "Total Unusual Items": -4000000.0,
        "Total Unusual Items Excluding Goodwill": -4000000.0,
        "Net Income From Continuing Operation Net Minority Interest": 15000000.0,
        "Reconciled Depreciation": 75000000.0,
        "Reconciled Cost Of Revenue": 1331000000.0,
        "EBITDA": 139000000.0,
        "EBIT": 64000000.0,
        "Net Interest Income": -20000000.0,
        "Interest Expense": 20000000.0,
        "Normalized Income": 17818181.818182,
        "Net Income From Continuing And Discontinued Operation": 22000000.0,
        "Total Expenses": 1535000000.0,
        "Total Operating Income As Reported": 34000000.0,
        "Diluted Average Shares": 173000000.0,
        "Basic Average Shares": 172000000.0,
        "Diluted EPS": 0.13,
        "Basic EPS": 0.13,
        "Diluted NI Availto Com Stockholders": 22000000.0,
        "Net Income Common Stockholders": 22000000.0,
        "Net Income": 22000000.0,
        "Minority Interests": -16000000.0,
        "Net Income Including Noncontrolling Interests": 38000000.0,
        "Net Income Discontinuous Operations": 7000000.0,
        "Net Income Continuous Operations": 31000000.0,
        "Tax Provision": 13000000.0,
        "Pretax Income": 44000000.0,
        "Other Income Expense": 25000000.0,
        "Other Non Operating Income Expenses": 11000000.0,
        "Special Income Charges": -4000000.0,
        "Gain On Sale Of Ppe": NaN,
        "Write Off": 0.0,
        "Restructuring And Mergern Acquisition": 4000000.0,
        "Earnings From Equity Interest": 18000000.0,
        "Gain On Sale Of Security": NaN,
        "Net Non Operating Interest Income Expense": -20000000.0,
        "Interest Expense Non Operating": 20000000.0,
        "Operating Income": 39000000.0,
        "Operating Expense": 204000000.0,
        "Other Operating Expenses": -5000000.0,
        "Research And Development": 33000000.0,
        "Selling General And Administration": 176000000.0,
        "Gross Profit": 243000000.0,
        "Cost Of Revenue": 1331000000.0,
        "Total Revenue": 1574000000.0,
        "Operating Revenue": 1574000000.0
    }
}