{
    "2023-03-31": {
        "Tax Effect Of Unusual Items": NaN,
        "Tax Rate For Calcs": NaN,
        "Normalized EBITDA": NaN,
        "Total Unusual Items": NaN,
        "Total Unusual Items Excluding Goodwill": NaN,
        "Net Income From Continuing Operation Net Minority Interest": NaN,
        "Reconciled Depreciation": NaN,
        "Reconciled Cost Of Revenue": NaN,
        "EBITDA": NaN,
        "EBIT": NaN,
        "Net Interest Income": NaN,
        "Interest Income": NaN,
        "Normalized Income": NaN,
        "Net Income From Continuing And Discontinued Operation": NaN,
        "Total Expenses": NaN,
        "Total Operating Income As Reported": NaN,
        "Diluted Average Shares": NaN,
        "Basic Average Shares": NaN,
        "Diluted EPS": NaN,
        "Basic EPS": NaN,
        "Diluted NI Availto Com Stockholders": NaN,
        "Net Income Common Stockholders": NaN,
        "Net Income": NaN,
        "Net Income Including Noncontrolling Interests": NaN,
        "Net Income Continuous Operations": NaN,
        "Pretax Income": NaN,
        "Other Income Expense": NaN,
        "Other Non Operating Income Expenses": -15000.0,
        "Special Income Charges": NaN,
        "Gain On Sale Of Ppe": NaN,
        "Restructuring And Mergern Acquisition": NaN,
        "Net Non Operating Interest Income Expense": NaN,
        "Interest Income Non Operating": NaN,
        "Operating Income": NaN,
        "Operating Expense": NaN,
        "Research And Development": NaN,
        "Selling General And Administration": NaN,
        "Gross Profit": NaN,
        "Cost Of Revenue": NaN,
        "Total Revenue": NaN,
        "Operating Revenue": NaN
    },
    "2022-12-31": {
        "Tax Effect Of Unusual Items": 0.0,
        "Tax Rate For Calcs": 0.0,
        "Normalized EBITDA": -26076000.0,
        "Total Unusual Items": 70000.0,
        "Total Unusual Items Excluding Goodwill": 70000.0,
        "Net Income From Continuing Operation Net Minority Interest": -29387000.0,
        "Reconciled Depreciation": 404000.0,
        "Reconciled Cost Of Revenue": 1618000.0,
        "EBITDA": -26006000.0,
        "EBIT": -26410000.0,
        "Net Interest Income": 2658000.0,
        "Interest Income": 2658000.0,
        "Normalized Income": -29457000.0,
        "Net Income From Continuing And Discontinued Operation": -29387000.0,
        "Total Expenses": 33178000.0,
        "Total Operating Income As Reported": -32083000.0,
        "Diluted Average Shares": 179719018.0,
        "Basic Average Shares": 179719018.0,
        "Diluted EPS": -0.16,
        "Basic EPS": -0.16,
        "Diluted NI Availto Com Stockholders": -29387000.0,
        "Net Income Common Stockholders": -29387000.0,
        "Net Income": -29387000.0,
        "Net Income Including Noncontrolling Interests": -29387000.0,
        "Net Income Continuous Operations": -29387000.0,
        "Pretax Income": -29387000.0,
        "Other Income Expense": 38000.0,
        "Other Non Operating Income Expenses": NaN,
        "Special Income Charges": 70000.0,
        "Gain On Sale Of Ppe": NaN,
        "Net Non Operating Interest Income Expense": 2658000.0,
        "Interest Income Non Operating": 2658000.0,
        "Operating Income": -32083000.0,
        "Operating Expense": 31560000.0,
        "Research And Development": 21827000.0,
        "Selling General And Administration": 9733000.0,
        "Gross Profit": -523000.0,
        "Cost Of Revenue": 1618000.0,
        "Total Revenue": 1095000.0,
        "Operating Revenue": 1095000.0
    },
    "2022-09-30": {
        "Tax Effect Of Unusual Items": NaN,
        "Tax Rate For Calcs": NaN,
        "Normalized EBITDA": NaN,
        "Total Unusual Items": NaN,
        "Total Unusual Items Excluding Goodwill": NaN,
        "Net Income From Continuing Operation Net Minority Interest": NaN,
        "Reconciled Depreciation": NaN,
        "Reconciled Cost Of Revenue": NaN,
        "EBITDA": NaN,
        "EBIT": NaN,
        "Net Interest Income": NaN,
        "Interest Income": NaN,
        "Normalized Income": NaN,
        "Net Income From Continuing And Discontinued Operation": NaN,
        "Total Expenses": NaN,
        "Total Operating Income As Reported": NaN,
        "Diluted Average Shares": NaN,
        "Basic Average Shares": NaN,
        "Diluted EPS": NaN,
        "Basic EPS": NaN,
        "Diluted NI Availto Com Stockholders": NaN,
        "Net Income Common Stockholders": NaN,
        "Net Income": NaN,
        "Net Income Including Noncontrolling Interests": NaN,
        "Net Income Continuous Operations": NaN,
        "Pretax Income": NaN,
        "Other Income Expense": NaN,
        "Other Non Operating Income Expenses": NaN,
        "Special Income Charges": NaN,
        "Gain On Sale Of Ppe": 46000.0,
        "Restructuring And Mergern Acquisition": NaN,
        "Net Non Operating Interest Income Expense": NaN,
        "Interest Income Non Operating": NaN,
        "Operating Income": NaN,
        "Operating Expense": NaN,
        "Research And Development": NaN,
        "Selling General And Administration": NaN,
        "Gross Profit": NaN,
        "Cost Of Revenue": NaN,
        "Total Revenue": NaN,
        "Operating Revenue": NaN
    },
    "2022-06-30": {
        "Tax Effect Of Unusual Items": 0.0,
        "Tax Rate For Calcs": 0.0,
        "Normalized EBITDA": -33780000.0,
        "Total Unusual Items": -133000.0,
        "Total Unusual Items Excluding Goodwill": -133000.0,
        "Net Income From Continuing Operation Net Minority Interest": -33475000.0,
        "Reconciled Depreciation": 284000.0,
        "Reconciled Cost Of Revenue": 2145000.0,
        "EBITDA": -33913000.0,
        "EBIT": -34197000.0,
        "Net Interest Income": 855000.0,
        "Interest Income": 855000.0,
        "Normalized Income": -33342000.0,
        "Net Income From Continuing And Discontinued Operation": -33475000.0,
        "Total Expenses": 34369000.0,
        "Total Operating Income As Reported": -34197000.0,
        "Diluted Average Shares": 173897517.0,
        "Basic Average Shares": 173897517.0,
        "Diluted EPS": -0.19,
        "Basic EPS": -0.19,
        "Diluted NI Availto Com Stockholders": -33475000.0,
        "Net Income Common Stockholders": -33475000.0,
        "Net Income": -33475000.0,
        "Net Income Including Noncontrolling Interests": -33475000.0,
        "Net Income Continuous Operations": -33475000.0,
        "Pretax Income": -33475000.0,
        "Other Income Expense": -133000.0,
        "Other Non Operating Income Expenses": NaN,
        "Special Income Charges": -133000.0,
        "Gain On Sale Of Ppe": -133000.0,
        "Impairment Of Capital Assets": NaN,
        "Net Non Operating Interest Income Expense": 855000.0,
        "Interest Income Non Operating": 855000.0,
        "Operating Income": -34197000.0,
        "Operating Expense": 32224000.0,
        "Research And Development": 20057000.0,
        "Selling General And Administration": 12167000.0,
        "Gross Profit": -1973000.0,
        "Cost Of Revenue": 2145000.0,
        "Total Revenue": 172000.0,
        "Operating Revenue": 172000.0
    },
    "2022-03-31": {
        "Diluted EPS": -0.16,
        "Total Revenue": 0,
        "Gross Profit": -2,
        "Operating Income": -27,
        "EBIT": -27,
        "Net Income": -27
    },
    "2021-12-31": {
        "Diluted EPS": -0.18,
        "Total Revenue": NaN,
        "Gross Profit": NaN,
        "Operating Income": -29,
        "EBIT": -29,
        "Net Income": -30
    },
    "2021-09-30": {
        "Diluted EPS": -0.15,
        "Total Revenue": NaN,
        "Gross Profit": NaN,
        "Operating Income": -27,
        "EBIT": -26,
        "Net Income": -27
    },
    "2021-06-30": {
        "Diluted EPS": -0.13,
        "Total Revenue": NaN,
        "Gross Profit": NaN,
        "Operating Income": -23,
        "EBIT": -22,
        "Net Income": -23
    },
    "2021-03-31": {
        "Diluted EPS": -0.1,
        "Total Revenue": NaN,
        "Gross Profit": NaN,
        "Operating Income": -17,
        "EBIT": -17,
        "Net Income": -17
    },
    "2020-12-31": {
        "Diluted EPS": -0.14,
        "Total Revenue": NaN,
        "Gross Profit": NaN,
        "Operating Income": -10,
        "EBIT": -10,
        "Net Income": 343
    },
    "2020-09-30": {
        "Diluted EPS": -0.1,
        "Total Revenue": NaN,
        "Gross Profit": NaN,
        "Operating Income": -5,
        "EBIT": -3,
        "Net Income": -9
    },
    "2020-06-30": {
        "Diluted EPS": -0.05,
        "Total Revenue": NaN,
        "Gross Profit": NaN,
        "Operating Income": -3,
        "EBIT": -2,
        "Net Income": -4
    },
    "2020-03-31": {
        "Diluted EPS": -0.06,
        "Total Revenue": NaN,
        "Gross Profit": NaN,
        "Operating Income": -3,
        "EBIT": -2,
        "Net Income": -6
    },
    "2019-12-31": {
        "Diluted EPS": -0.23,
        "Total Revenue": NaN,
        "Gross Profit": NaN,
        "Operating Income": -11,
        "EBIT": -11,
        "Net Income": -16
    },
    "2019-09-30": {
        "Diluted EPS": 0.03,
        "Total Revenue": NaN,
        "Gross Profit": NaN,
        "Operating Income": 0,
        "EBIT": 0,
        "Net Income": 1
    },
    "2019-06-30": {
        "Diluted EPS": 0.03,
        "Total Revenue": NaN,
        "Gross Profit": NaN,
        "Operating Income": 0,
        "EBIT": 0,
        "Net Income": 1
    },
    "2019-03-31": {
        "Diluted EPS": 0.01,
        "Total Revenue": NaN,
        "Gross Profit": NaN,
        "Operating Income": 0,
        "EBIT": 0,
        "Net Income": 0
    },
    "2018-12-31": {
        "Diluted EPS": 0.0,
        "Total Revenue": NaN,
        "Gross Profit": NaN,
        "Operating Income": NaN,
        "EBIT": NaN,
        "Net Income": NaN
    },
    "2023-06-30": {
        "Tax Effect Of Unusual Items": NaN,
        "Tax Rate For Calcs": NaN,
        "Normalized EBITDA": NaN,
        "Total Unusual Items": NaN,
        "Total Unusual Items Excluding Goodwill": NaN,
        "Net Income From Continuing Operation Net Minority Interest": NaN,
        "Reconciled Depreciation": NaN,
        "Reconciled Cost Of Revenue": NaN,
        "EBITDA": NaN,
        "EBIT": NaN,
        "Net Interest Income": NaN,
        "Interest Income": NaN,
        "Normalized Income": NaN,
        "Net Income From Continuing And Discontinued Operation": NaN,
        "Total Expenses": NaN,
        "Total Operating Income As Reported": NaN,
        "Diluted Average Shares": NaN,
        "Basic Average Shares": NaN,
        "Diluted EPS": NaN,
        "Basic EPS": NaN,
        "Diluted NI Availto Com Stockholders": NaN,
        "Net Income Common Stockholders": NaN,
        "Net Income": NaN,
        "Net Income Including Noncontrolling Interests": NaN,
        "Net Income Continuous Operations": NaN,
        "Pretax Income": NaN,
        "Other Income Expense": NaN,
        "Other Non Operating Income Expenses": 3000.0,
        "Special Income Charges": NaN,
        "Gain On Sale Of Ppe": -1000.0,
        "Restructuring And Mergern Acquisition": 0.0,
        "Net Non Operating Interest Income Expense": NaN,
        "Interest Income Non Operating": NaN,
        "Operating Income": NaN,
        "Operating Expense": NaN,
        "Research And Development": NaN,
        "Selling General And Administration": NaN,
        "Gross Profit": NaN,
        "Cost Of Revenue": NaN,
        "Total Revenue": NaN,
        "Operating Revenue": NaN
    },
    "2023-09-30": {
        "Tax Effect Of Unusual Items": 0.0,
        "Tax Rate For Calcs": 0.0,
        "Normalized EBITDA": -33218000.0,
        "Total Unusual Items": 0.0,
        "Total Unusual Items Excluding Goodwill": 0.0,
        "Net Income From Continuing Operation Net Minority Interest": -30322000.0,
        "Reconciled Depreciation": 664000.0,
        "Reconciled Cost Of Revenue": 677000.0,
        "EBITDA": -33218000.0,
        "EBIT": -33882000.0,
        "Net Interest Income": 3534000.0,
        "Interest Income": 3534000.0,
        "Normalized Income": -30322000.0,
        "Net Income From Continuing And Discontinued Operation": -30322000.0,
        "Total Expenses": 33978000.0,
        "Total Operating Income As Reported": -33882000.0,
        "Diluted Average Shares": 181641060.0,
        "Basic Average Shares": 181641060.0,
        "Diluted EPS": -0.17,
        "Basic EPS": -0.17,
        "Diluted NI Availto Com Stockholders": -30322000.0,
        "Net Income Common Stockholders": -30322000.0,
        "Net Income": -30322000.0,
        "Net Income Including Noncontrolling Interests": -30322000.0,
        "Net Income Continuous Operations": -30322000.0,
        "Pretax Income": -30322000.0,
        "Other Income Expense": 26000.0,
        "Other Non Operating Income Expenses": 26000.0,
        "Special Income Charges": 0.0,
        "Gain On Sale Of Ppe": 0.0,
        "Restructuring And Mergern Acquisition": 0.0,
        "Net Non Operating Interest Income Expense": 3534000.0,
        "Interest Income Non Operating": 3534000.0,
        "Operating Income": -33882000.0,
        "Operating Expense": 33301000.0,
        "Research And Development": 25115000.0,
        "Selling General And Administration": 8186000.0,
        "Gross Profit": -581000.0,
        "Cost Of Revenue": 677000.0,
        "Total Revenue": 96000.0,
        "Operating Revenue": 96000.0
    },
    "2023-12-31": {
        "Tax Effect Of Unusual Items": 0.0,
        "Tax Rate For Calcs": 0.0,
        "Normalized EBITDA": -7966000.0,
        "Total Unusual Items": -11474000.0,
        "Total Unusual Items Excluding Goodwill": -11474000.0,
        "Net Income From Continuing Operation Net Minority Interest": -29130000.0,
        "Reconciled Depreciation": 1715000.0,
        "Reconciled Cost Of Revenue": 41000.0,
        "EBITDA": -19440000.0,
        "EBIT": -21155000.0,
        "Net Interest Income": 3463000.0,
        "Interest Income": 3463000.0,
        "Normalized Income": -17656000.0,
        "Net Income From Continuing And Discontinued Operation": -29130000.0,
        "Total Expenses": 21155000.0,
        "Total Operating Income As Reported": -32629000.0,
        "Diluted Average Shares": 182885328.0,
        "Basic Average Shares": 182885328.0,
        "Diluted EPS": -0.16,
        "Basic EPS": -0.16,
        "Diluted NI Availto Com Stockholders": -29130000.0,
        "Net Income Common Stockholders": -29130000.0,
        "Net Income": -29130000.0,
        "Net Income Including Noncontrolling Interests": -29130000.0,
        "Net Income Continuous Operations": -29130000.0,
        "Pretax Income": -29130000.0,
        "Other Income Expense": -11438000.0,
        "Other Non Operating Income Expenses": 36000.0,
        "Special Income Charges": -11474000.0,
        "Gain On Sale Of Ppe": NaN,
        "Restructuring And Mergern Acquisition": NaN,
        "Net Non Operating Interest Income Expense": 3463000.0,
        "Interest Income Non Operating": 3463000.0,
        "Operating Income": -21155000.0,
        "Operating Expense": 21114000.0,
        "Research And Development": 8768000.0,
        "Selling General And Administration": 12346000.0,
        "Gross Profit": -41000.0,
        "Cost Of Revenue": 41000.0,
        "Total Revenue": 0.0,
        "Operating Revenue": 0.0
    },
    "2024-03-31": {
        "Tax Effect Of Unusual Items": 0.0,
        "Tax Rate For Calcs": 0.0,
        "Normalized EBITDA": -9560000.0,
        "Total Unusual Items": -4428000.0,
        "Total Unusual Items Excluding Goodwill": -4428000.0,
        "Net Income From Continuing Operation Net Minority Interest": -15592000.0,
        "Reconciled Depreciation": 572000.0,
        "Reconciled Cost Of Revenue": 0.0,
        "EBITDA": -13988000.0,
        "EBIT": -14560000.0,
        "Net Interest Income": 3396000.0,
        "Interest Income": 3396000.0,
        "Normalized Income": -11164000.0,
        "Net Income From Continuing And Discontinued Operation": -15592000.0,
        "Total Expenses": 14560000.0,
        "Total Operating Income As Reported": -18991000.0,
        "Diluted Average Shares": 178482894.0,
        "Basic Average Shares": 178482894.0,
        "Diluted EPS": -0.09,
        "Basic EPS": -0.09,
        "Diluted NI Availto Com Stockholders": -15592000.0,
        "Net Income Common Stockholders": -15592000.0,
        "Net Income": -15592000.0,
        "Net Income Including Noncontrolling Interests": -15592000.0,
        "Net Income Continuous Operations": -15592000.0,
        "Pretax Income": -15592000.0,
        "Other Income Expense": -4428000.0,
        "Other Non Operating Income Expenses": NaN,
        "Special Income Charges": -4428000.0,
        "Gain On Sale Of Ppe": 3000.0,
        "Restructuring And Mergern Acquisition": 4431000.0,
        "Net Non Operating Interest Income Expense": 3396000.0,
        "Interest Income Non Operating": 3396000.0,
        "Operating Income": -14560000.0,
        "Operating Expense": 14560000.0,
        "Research And Development": 7968000.0,
        "Selling General And Administration": 6592000.0,
        "Gross Profit": 0.0,
        "Cost Of Revenue": 0.0,
        "Total Revenue": 0.0,
        "Operating Revenue": 0.0
    },
    "2024-06-30": {
        "Tax Effect Of Unusual Items": 0.0,
        "Tax Rate For Calcs": 0.0,
        "Normalized EBITDA": -14416000.0,
        "Total Unusual Items": 556000.0,
        "Total Unusual Items Excluding Goodwill": 556000.0,
        "Net Income From Continuing Operation Net Minority Interest": -10856000.0,
        "Reconciled Depreciation": 713000.0,
        "Reconciled Cost Of Revenue": 0.0,
        "EBITDA": -13860000.0,
        "EBIT": -14573000.0,
        "Net Interest Income": 3129000.0,
        "Interest Income": 3129000.0,
        "Normalized Income": -11412000.0,
        "Net Income From Continuing And Discontinued Operation": -10856000.0,
        "Total Expenses": 14573000.0,
        "Total Operating Income As Reported": -14017000.0,
        "Diluted Average Shares": 173829107.0,
        "Basic Average Shares": 173829107.0,
        "Diluted EPS": -0.06,
        "Basic EPS": -0.06,
        "Diluted NI Availto Com Stockholders": -10856000.0,
        "Net Income Common Stockholders": -10856000.0,
        "Net Income": -10856000.0,
        "Net Income Including Noncontrolling Interests": -10856000.0,
        "Net Income Continuous Operations": -10856000.0,
        "Pretax Income": -10856000.0,
        "Other Income Expense": 588000.0,
        "Other Non Operating Income Expenses": 32000.0,
        "Special Income Charges": 556000.0,
        "Gain On Sale Of Ppe": 0.0,
        "Restructuring And Mergern Acquisition": -556000.0,
        "Net Non Operating Interest Income Expense": 3129000.0,
        "Interest Income Non Operating": 3129000.0,
        "Operating Income": -14573000.0,
        "Operating Expense": 14573000.0,
        "Research And Development": 8311000.0,
        "Selling General And Administration": 6262000.0,
        "Gross Profit": 0.0,
        "Cost Of Revenue": 0.0,
        "Total Revenue": 0.0,
        "Operating Revenue": 0.0
    },
    "2024-09-30": {
        "Tax Effect Of Unusual Items": 0.0,
        "Tax Rate For Calcs": 0.0,
        "Normalized EBITDA": -15184000.0,
        "Total Unusual Items": 929000.0,
        "Total Unusual Items Excluding Goodwill": 929000.0,
        "Net Income From Continuing Operation Net Minority Interest": -11202000.0,
        "Reconciled Depreciation": 855000.0,
        "Reconciled Cost Of Revenue": 0.0,
        "EBITDA": -14255000.0,
        "EBIT": -15110000.0,
        "Net Interest Income": 2979000.0,
        "Interest Income": 2979000.0,
        "Normalized Income": -12131000.0,
        "Net Income From Continuing And Discontinued Operation": -11202000.0,
        "Total Expenses": 15110000.0,
        "Total Operating Income As Reported": -14181000.0,
        "Diluted Average Shares": 173612768.0,
        "Basic Average Shares": 173612768.0,
        "Diluted EPS": -0.06,
        "Basic EPS": -0.06,
        "Diluted NI Availto Com Stockholders": -11202000.0,
        "Net Income Common Stockholders": -11202000.0,
        "Net Income": -11202000.0,
        "Net Income Including Noncontrolling Interests": -11202000.0,
        "Net Income Continuous Operations": -11202000.0,
        "Pretax Income": -11202000.0,
        "Other Income Expense": 929000.0,
        "Other Non Operating Income Expenses": NaN,
        "Special Income Charges": 929000.0,
        "Gain On Sale Of Ppe": 0.0,
        "Restructuring And Mergern Acquisition": -929000.0,
        "Net Non Operating Interest Income Expense": 2979000.0,
        "Interest Income Non Operating": 2979000.0,
        "Operating Income": -15110000.0,
        "Operating Expense": 15110000.0,
        "Research And Development": 9462000.0,
        "Selling General And Administration": 5648000.0,
        "Gross Profit": 0.0,
        "Cost Of Revenue": 0.0,
        "Total Revenue": 0.0,
        "Operating Revenue": 0.0
    }
}