{
    "2023-03-31": {
        "Tax Effect Of Unusual Items": 0.0,
        "Tax Rate For Calcs": 0.0,
        "Normalized EBITDA": -48164000.0,
        "Total Unusual Items": 8211000.0,
        "Total Unusual Items Excluding Goodwill": 8211000.0,
        "Net Income From Continuing Operation Net Minority Interest": -30248000.0,
        "Reconciled Depreciation": 1082000.0,
        "Reconciled Cost Of Revenue": 838000.0,
        "EBITDA": -39953000.0,
        "EBIT": -41035000.0,
        "Net Interest Income": 2566000.0,
        "Interest Income": 2566000.0,
        "Normalized Income": -38459000.0,
        "Net Income From Continuing And Discontinued Operation": -30248000.0,
        "Total Expenses": 41035000.0,
        "Total Operating Income As Reported": -41035000.0,
        "Diluted Average Shares": 244541000.0,
        "Basic Average Shares": 244541000.0,
        "Diluted EPS": -0.12,
        "Basic EPS": -0.12,
        "Diluted NI Availto Com Stockholders": -30248000.0,
        "Net Income Common Stockholders": -30248000.0,
        "Net Income": -30248000.0,
        "Minority Interests": 10000.0,
        "Net Income Including Noncontrolling Interests": -30258000.0,
        "Net Income Continuous Operations": -30258000.0,
        "Tax Provision": 0.0,
        "Pretax Income": -30258000.0,
        "Other Income Expense": 8211000.0,
        "Other Non Operating Income Expenses": NaN,
        "Special Income Charges": 6420000.0,
        "Restructuring And Mergern Acquisition": -6420000.0,
        "Gain On Sale Of Security": 1791000.0,
        "Net Non Operating Interest Income Expense": 2566000.0,
        "Interest Income Non Operating": 2566000.0,
        "Operating Income": -41035000.0,
        "Operating Expense": 40197000.0,
        "Research And Development": 9340000.0,
        "Selling General And Administration": 30857000.0,
        "Gross Profit": -838000.0,
        "Cost Of Revenue": 838000.0,
        "Total Revenue": 0.0,
        "Operating Revenue": 0.0
    },
    "2022-12-31": {
        "Tax Effect Of Unusual Items": 0.0,
        "Tax Rate For Calcs": 0.0,
        "Normalized EBITDA": -73783000.0,
        "Total Unusual Items": 12110000.0,
        "Total Unusual Items Excluding Goodwill": 12110000.0,
        "Net Income From Continuing Operation Net Minority Interest": -42867000.0,
        "Reconciled Depreciation": 1259000.0,
        "Reconciled Cost Of Revenue": 13094000.0,
        "EBITDA": -61673000.0,
        "EBIT": -62932000.0,
        "Net Interest Income": 1989000.0,
        "Interest Income": NaN,
        "Normalized Income": -54977000.0,
        "Net Income From Continuing And Discontinued Operation": -42867000.0,
        "Total Expenses": 63719000.0,
        "Total Operating Income As Reported": -62932000.0,
        "Diluted Average Shares": NaN,
        "Basic Average Shares": NaN,
        "Diluted EPS": NaN,
        "Basic EPS": NaN,
        "Diluted NI Availto Com Stockholders": -42867000.0,
        "Net Income Common Stockholders": -42867000.0,
        "Net Income": -42867000.0,
        "Minority Interests": 5966000.0,
        "Net Income Including Noncontrolling Interests": -48833000.0,
        "Net Income Continuous Operations": -48833000.0,
        "Tax Provision": 0.0,
        "Pretax Income": -48833000.0,
        "Other Income Expense": 12110000.0,
        "Other Non Operating Income Expenses": NaN,
        "Special Income Charges": NaN,
        "Restructuring And Mergern Acquisition": NaN,
        "Gain On Sale Of Security": 12110000.0,
        "Net Non Operating Interest Income Expense": 1989000.0,
        "Total Other Finance Cost": -1989000.0,
        "Interest Income Non Operating": NaN,
        "Operating Income": -62932000.0,
        "Operating Expense": 50625000.0,
        "Research And Development": 12472000.0,
        "Selling General And Administration": 38153000.0,
        "Gross Profit": -12307000.0,
        "Cost Of Revenue": 13094000.0,
        "Total Revenue": 787000.0,
        "Operating Revenue": 787000.0
    },
    "2022-09-30": {
        "Tax Effect Of Unusual Items": 0.0,
        "Tax Rate For Calcs": 0.0,
        "Normalized EBITDA": -70313000.0,
        "Total Unusual Items": 17610000.0,
        "Total Unusual Items Excluding Goodwill": 17610000.0,
        "Net Income From Continuing Operation Net Minority Interest": -24795000.0,
        "Reconciled Depreciation": 839000.0,
        "Reconciled Cost Of Revenue": 8203000.0,
        "EBITDA": -52703000.0,
        "EBIT": -53542000.0,
        "Net Interest Income": 279000.0,
        "Interest Income": NaN,
        "Normalized Income": -42405000.0,
        "Net Income From Continuing And Discontinued Operation": -24795000.0,
        "Total Expenses": 53547000.0,
        "Total Operating Income As Reported": -53542000.0,
        "Diluted Average Shares": 248164000.0,
        "Basic Average Shares": 248164000.0,
        "Diluted EPS": -0.1,
        "Basic EPS": -0.1,
        "Diluted NI Availto Com Stockholders": -24795000.0,
        "Net Income Common Stockholders": -24795000.0,
        "Net Income": -24795000.0,
        "Minority Interests": 10858000.0,
        "Net Income Including Noncontrolling Interests": -35653000.0,
        "Net Income Continuous Operations": -35653000.0,
        "Tax Provision": 0.0,
        "Pretax Income": -35653000.0,
        "Other Income Expense": 17610000.0,
        "Other Non Operating Income Expenses": NaN,
        "Special Income Charges": NaN,
        "Restructuring And Mergern Acquisition": NaN,
        "Gain On Sale Of Security": 17610000.0,
        "Net Non Operating Interest Income Expense": 279000.0,
        "Total Other Finance Cost": -279000.0,
        "Interest Income Non Operating": NaN,
        "Operating Income": -53542000.0,
        "Operating Expense": 45344000.0,
        "Research And Development": 9241000.0,
        "Selling General And Administration": 36103000.0,
        "Gross Profit": -8198000.0,
        "Cost Of Revenue": 8203000.0,
        "Total Revenue": 5000.0,
        "Operating Revenue": 5000.0
    },
    "2022-06-30": {
        "Tax Effect Of Unusual Items": 0.0,
        "Tax Rate For Calcs": 0.0,
        "Normalized EBITDA": -35691000.0,
        "Total Unusual Items": 4513000.0,
        "Total Unusual Items Excluding Goodwill": 4513000.0,
        "Net Income From Continuing Operation Net Minority Interest": 41999000.0,
        "Reconciled Depreciation": 694000.0,
        "Reconciled Cost Of Revenue": 1370000.0,
        "EBITDA": -31178000.0,
        "EBIT": -31872000.0,
        "Net Interest Income": 54000.0,
        "Interest Income": NaN,
        "Normalized Income": 37486000.0,
        "Net Income From Continuing And Discontinued Operation": 41999000.0,
        "Total Expenses": 31918000.0,
        "Total Operating Income As Reported": -31872000.0,
        "Diluted Average Shares": 258265000.0,
        "Basic Average Shares": 248056000.0,
        "Diluted EPS": 0.16,
        "Basic EPS": 0.17,
        "Diluted NI Availto Com Stockholders": 41999000.0,
        "Net Income Common Stockholders": 41999000.0,
        "Net Income": 41999000.0,
        "Minority Interests": 3208000.0,
        "Net Income Including Noncontrolling Interests": 38791000.0,
        "Net Income Continuous Operations": 38791000.0,
        "Tax Provision": 0.0,
        "Pretax Income": 38791000.0,
        "Other Income Expense": 70609000.0,
        "Other Non Operating Income Expenses": 66096000.0,
        "Special Income Charges": NaN,
        "Restructuring And Mergern Acquisition": NaN,
        "Gain On Sale Of Security": 4513000.0,
        "Net Non Operating Interest Income Expense": 54000.0,
        "Total Other Finance Cost": -54000.0,
        "Interest Income Non Operating": NaN,
        "Operating Income": -31872000.0,
        "Operating Expense": 30548000.0,
        "Research And Development": 10483000.0,
        "Selling General And Administration": 20065000.0,
        "Gross Profit": -1324000.0,
        "Cost Of Revenue": 1370000.0,
        "Total Revenue": 46000.0,
        "Operating Revenue": 46000.0
    },
    "2022-03-31": {
        "Diluted EPS": -0.03,
        "Total Revenue": 3,
        "Gross Profit": 2,
        "Operating Income": -24,
        "EBIT": -24,
        "Net Income": -7
    },
    "2021-12-31": {
        "Diluted EPS": -0.09,
        "Total Revenue": 0,
        "Gross Profit": -16,
        "Operating Income": -39,
        "EBIT": -39,
        "Net Income": -29
    },
    "2021-09-30": {
        "Diluted EPS": 0.14,
        "Total Revenue": 0,
        "Gross Profit": 0,
        "Operating Income": -47,
        "EBIT": -46,
        "Net Income": 35
    },
    "2021-06-30": {
        "Diluted EPS": -0.06,
        "Total Revenue": NaN,
        "Gross Profit": NaN,
        "Operating Income": -9,
        "EBIT": -9,
        "Net Income": -9
    },
    "2021-03-31": {
        "Diluted EPS": -0.05,
        "Total Revenue": NaN,
        "Gross Profit": NaN,
        "Operating Income": -4,
        "EBIT": -4,
        "Net Income": -8
    },
    "2020-12-31": {
        "Diluted EPS": -0.09,
        "Total Revenue": NaN,
        "Gross Profit": NaN,
        "Operating Income": -14,
        "EBIT": -14,
        "Net Income": -14
    },
    "2020-09-30": {
        "Diluted EPS": -0.0,
        "Total Revenue": NaN,
        "Gross Profit": NaN,
        "Operating Income": -1,
        "EBIT": -1,
        "Net Income": -1
    },
    "2020-06-30": {
        "Diluted EPS": 0.0,
        "Total Revenue": NaN,
        "Gross Profit": NaN,
        "Operating Income": 0,
        "EBIT": 0,
        "Net Income": 0
    },
    "2020-03-31": {
        "Diluted EPS": 0.0,
        "Total Revenue": NaN,
        "Gross Profit": NaN,
        "Operating Income": 0,
        "EBIT": 0,
        "Net Income": 0
    },
    "2019-12-31": {
        "Diluted EPS": 0.0,
        "Total Revenue": NaN,
        "Gross Profit": NaN,
        "Operating Income": NaN,
        "EBIT": NaN,
        "Net Income": NaN
    },
    "2019-09-30": {
        "Diluted EPS": 0.0,
        "Total Revenue": NaN,
        "Gross Profit": NaN,
        "Operating Income": NaN,
        "EBIT": NaN,
        "Net Income": 0
    },
    "2023-06-30": {
        "Tax Effect Of Unusual Items": 0.0,
        "Tax Rate For Calcs": 0.0,
        "Normalized EBITDA": -63434000.0,
        "Total Unusual Items": 440000.0,
        "Total Unusual Items Excluding Goodwill": 440000.0,
        "Net Income From Continuing Operation Net Minority Interest": -60248000.0,
        "Reconciled Depreciation": 1111000.0,
        "Reconciled Cost Of Revenue": 2410000.0,
        "EBITDA": -62994000.0,
        "EBIT": -64105000.0,
        "Net Interest Income": 2494000.0,
        "Interest Income": 2494000.0,
        "Normalized Income": -60688000.0,
        "Net Income From Continuing And Discontinued Operation": -60248000.0,
        "Total Expenses": 64105000.0,
        "Total Operating Income As Reported": -64105000.0,
        "Diluted Average Shares": 244628000.0,
        "Basic Average Shares": 244628000.0,
        "Diluted EPS": -0.25,
        "Basic EPS": -0.25,
        "Diluted NI Availto Com Stockholders": -60248000.0,
        "Net Income Common Stockholders": -60248000.0,
        "Net Income": -60248000.0,
        "Minority Interests": 7000.0,
        "Net Income Including Noncontrolling Interests": -60255000.0,
        "Net Income Continuous Operations": -60255000.0,
        "Tax Provision": 0.0,
        "Pretax Income": -60255000.0,
        "Other Income Expense": 1356000.0,
        "Other Non Operating Income Expenses": 916000.0,
        "Special Income Charges": NaN,
        "Restructuring And Mergern Acquisition": NaN,
        "Gain On Sale Of Security": 440000.0,
        "Net Non Operating Interest Income Expense": 2494000.0,
        "Interest Income Non Operating": 2494000.0,
        "Operating Income": -64105000.0,
        "Operating Expense": 61695000.0,
        "Research And Development": 12597000.0,
        "Selling General And Administration": 49098000.0,
        "Gross Profit": -2410000.0,
        "Cost Of Revenue": 2410000.0,
        "Total Revenue": 0.0,
        "Operating Revenue": 0.0
    },
    "2023-09-30": {
        "Tax Effect Of Unusual Items": 0.0,
        "Tax Rate For Calcs": 0.0,
        "Normalized EBITDA": -25352000.0,
        "Total Unusual Items": -8868000.0,
        "Total Unusual Items Excluding Goodwill": -8868000.0,
        "Net Income From Continuing Operation Net Minority Interest": -44054000.0,
        "Reconciled Depreciation": 967000.0,
        "Reconciled Cost Of Revenue": 3286000.0,
        "EBITDA": -34220000.0,
        "EBIT": -35187000.0,
        "Net Interest Income": NaN,
        "Interest Income": NaN,
        "Normalized Income": -35186000.0,
        "Net Income From Continuing And Discontinued Operation": -44054000.0,
        "Total Expenses": 35187000.0,
        "Total Operating Income As Reported": -40072000.0,
        "Diluted Average Shares": 244885000.0,
        "Basic Average Shares": 244885000.0,
        "Diluted EPS": -0.18,
        "Basic EPS": -0.18,
        "Diluted NI Availto Com Stockholders": -44054000.0,
        "Net Income Common Stockholders": -44054000.0,
        "Net Income": -44054000.0,
        "Minority Interests": 1000.0,
        "Net Income Including Noncontrolling Interests": -44055000.0,
        "Net Income Continuous Operations": -44055000.0,
        "Tax Provision": 0.0,
        "Pretax Income": -44055000.0,
        "Other Income Expense": -8868000.0,
        "Other Non Operating Income Expenses": NaN,
        "Special Income Charges": -6192000.0,
        "Restructuring And Mergern Acquisition": 6192000.0,
        "Gain On Sale Of Security": -2676000.0,
        "Net Non Operating Interest Income Expense": NaN,
        "Interest Income Non Operating": NaN,
        "Operating Income": -35187000.0,
        "Operating Expense": 31901000.0,
        "Research And Development": 10857000.0,
        "Selling General And Administration": 21044000.0,
        "Gross Profit": -3286000.0,
        "Cost Of Revenue": 3286000.0,
        "Total Revenue": 0.0,
        "Operating Revenue": 0.0
    },
    "2023-12-31": {
        "Tax Effect Of Unusual Items": -187432.792793,
        "Tax Rate For Calcs": 0.00985,
        "Normalized EBITDA": -20081000.0,
        "Total Unusual Items": -19029000.0,
        "Total Unusual Items Excluding Goodwill": -19029000.0,
        "Net Income From Continuing Operation Net Minority Interest": -49492000.0,
        "Reconciled Depreciation": 817000.0,
        "Reconciled Cost Of Revenue": 9122000.0,
        "EBITDA": -39110000.0,
        "EBIT": -39927000.0,
        "Net Interest Income": NaN,
        "Interest Income": NaN,
        "Normalized Income": -30650432.792793,
        "Net Income From Continuing And Discontinued Operation": -49492000.0,
        "Total Expenses": 40222000.0,
        "Total Operating Income As Reported": -42807000.0,
        "Diluted Average Shares": NaN,
        "Basic Average Shares": NaN,
        "Diluted EPS": NaN,
        "Basic EPS": NaN,
        "Diluted NI Availto Com Stockholders": -49492000.0,
        "Net Income Common Stockholders": -49492000.0,
        "Net Income": -49492000.0,
        "Minority Interests": -34000.0,
        "Net Income Including Noncontrolling Interests": -49458000.0,
        "Net Income Continuous Operations": -49458000.0,
        "Tax Provision": -492000.0,
        "Pretax Income": -49950000.0,
        "Other Income Expense": -19029000.0,
        "Other Non Operating Income Expenses": NaN,
        "Special Income Charges": 293000.0,
        "Restructuring And Mergern Acquisition": -293000.0,
        "Gain On Sale Of Security": -19322000.0,
        "Net Non Operating Interest Income Expense": NaN,
        "Interest Income Non Operating": NaN,
        "Operating Income": -39927000.0,
        "Operating Expense": 31100000.0,
        "Research And Development": 10935000.0,
        "Selling General And Administration": 20165000.0,
        "Gross Profit": -8827000.0,
        "Cost Of Revenue": 9122000.0,
        "Total Revenue": 295000.0,
        "Operating Revenue": 295000.0
    }
}