{
    "2023-12-31": {
        "Tax Effect Of Unusual Items": -3553600.0,
        "Tax Rate For Calcs": 0.4,
        "Normalized EBITDA": -12525000.0,
        "Total Unusual Items": -8884000.0,
        "Total Unusual Items Excluding Goodwill": -8884000.0,
        "Net Income From Continuing Operation Net Minority Interest": -31918000.0,
        "Reconciled Depreciation": 2011000.0,
        "Reconciled Cost Of Revenue": 23490000.0,
        "EBITDA": -21409000.0,
        "EBIT": -23420000.0,
        "Net Interest Income": -8545000.0,
        "Interest Expense": 8270000.0,
        "Normalized Income": -26587600.0,
        "Net Income From Continuing And Discontinued Operation": -31918000.0,
        "Total Expenses": 40754000.0,
        "Diluted Average Shares": NaN,
        "Basic Average Shares": NaN,
        "Diluted EPS": NaN,
        "Basic EPS": NaN,
        "Diluted NI Availto Com Stockholders": -31918000.0,
        "Net Income Common Stockholders": -31918000.0,
        "Net Income": -31918000.0,
        "Net Income Including Noncontrolling Interests": -31918000.0,
        "Net Income Continuous Operations": -31918000.0,
        "Tax Provision": 228000.0,
        "Pretax Income": -31690000.0,
        "Other Income Expense": -8228000.0,
        "Other Non Operating Income Expenses": 656000.0,
        "Special Income Charges": -36000.0,
        "Gain On Sale Of Ppe": 23000.0,
        "Restructuring And Mergern Acquisition": 59000.0,
        "Gain On Sale Of Security": -8848000.0,
        "Net Non Operating Interest Income Expense": -8545000.0,
        "Total Other Finance Cost": 275000.0,
        "Interest Expense Non Operating": 8270000.0,
        "Operating Income": -14917000.0,
        "Operating Expense": 17264000.0,
        "Other Operating Expenses": 9488000.0,
        "Selling General And Administration": 5455000.0,
        "General And Administrative Expense": 5455000.0,
        "Other Gand A": 2228000.0,
        "Salaries And Wages": 3227000.0,
        "Gross Profit": 2347000.0,
        "Cost Of Revenue": 23490000.0,
        "Total Revenue": 25837000.0,
        "Operating Revenue": 25837000.0
    },
    "2023-09-30": {
        "Tax Effect Of Unusual Items": 422986.666667,
        "Tax Rate For Calcs": 0.017778,
        "Normalized EBITDA": -19045000.0,
        "Total Unusual Items": 23793000.0,
        "Total Unusual Items Excluding Goodwill": 23793000.0,
        "Net Income From Continuing Operation Net Minority Interest": -4199000.0,
        "Reconciled Depreciation": 1852000.0,
        "Reconciled Cost Of Revenue": 13688000.0,
        "EBITDA": 4748000.0,
        "EBIT": 2896000.0,
        "Net Interest Income": -7413000.0,
        "Interest Expense": 7171000.0,
        "Normalized Income": -27569013.333333,
        "Net Income From Continuing And Discontinued Operation": -4199000.0,
        "Total Expenses": 31565000.0,
        "Diluted Average Shares": 287128970.0,
        "Basic Average Shares": 287128970.0,
        "Diluted EPS": -0.01,
        "Basic EPS": -0.01,
        "Diluted NI Availto Com Stockholders": -4199000.0,
        "Net Income Common Stockholders": -4199000.0,
        "Net Income": -4199000.0,
        "Net Income Including Noncontrolling Interests": -4199000.0,
        "Net Income Continuous Operations": -4199000.0,
        "Tax Provision": -76000.0,
        "Pretax Income": -4275000.0,
        "Other Income Expense": 21488000.0,
        "Other Non Operating Income Expenses": -2305000.0,
        "Special Income Charges": -73000.0,
        "Gain On Sale Of Ppe": 284000.0,
        "Restructuring And Mergern Acquisition": 357000.0,
        "Gain On Sale Of Security": 23866000.0,
        "Net Non Operating Interest Income Expense": -7413000.0,
        "Total Other Finance Cost": 242000.0,
        "Interest Expense Non Operating": 7171000.0,
        "Operating Income": -18350000.0,
        "Operating Expense": 17877000.0,
        "Other Operating Expenses": 10734000.0,
        "Selling General And Administration": 4380000.0,
        "General And Administrative Expense": 4380000.0,
        "Other Gand A": 1830000.0,
        "Salaries And Wages": 2550000.0,
        "Gross Profit": -473000.0,
        "Cost Of Revenue": 13688000.0,
        "Total Revenue": 13215000.0,
        "Operating Revenue": 13215000.0
    },
    "2023-06-30": {
        "Tax Effect Of Unusual Items": 2064451.485149,
        "Tax Rate For Calcs": 0.209802,
        "Normalized EBITDA": -19943000.0,
        "Total Unusual Items": 9840000.0,
        "Total Unusual Items Excluding Goodwill": 9840000.0,
        "Net Income From Continuing Operation Net Minority Interest": -15962000.0,
        "Reconciled Depreciation": 3140000.0,
        "Reconciled Cost Of Revenue": 14912000.0,
        "EBITDA": -10103000.0,
        "EBIT": -13243000.0,
        "Net Interest Income": -7178000.0,
        "Interest Expense": 6957000.0,
        "Normalized Income": -23737548.514851,
        "Net Income From Continuing And Discontinued Operation": -15962000.0,
        "Total Expenses": 34808000.0,
        "Diluted Average Shares": 265433411.0,
        "Basic Average Shares": 265433411.0,
        "Diluted EPS": -0.06,
        "Basic EPS": -0.06,
        "Diluted NI Availto Com Stockholders": -15962000.0,
        "Net Income Common Stockholders": -15962000.0,
        "Net Income": -15962000.0,
        "Net Income Including Noncontrolling Interests": -15962000.0,
        "Net Income Continuous Operations": -15962000.0,
        "Tax Provision": -4238000.0,
        "Pretax Income": -20200000.0,
        "Other Income Expense": 10476000.0,
        "Other Non Operating Income Expenses": 636000.0,
        "Special Income Charges": -193000.0,
        "Gain On Sale Of Ppe": 158000.0,
        "Restructuring And Mergern Acquisition": 351000.0,
        "Gain On Sale Of Security": 10033000.0,
        "Net Non Operating Interest Income Expense": -7178000.0,
        "Total Other Finance Cost": 221000.0,
        "Interest Expense Non Operating": 6957000.0,
        "Operating Income": -23498000.0,
        "Operating Expense": 19896000.0,
        "Other Operating Expenses": 11815000.0,
        "Selling General And Administration": 5300000.0,
        "General And Administrative Expense": 5300000.0,
        "Other Gand A": 2080000.0,
        "Salaries And Wages": 3220000.0,
        "Gross Profit": -3602000.0,
        "Cost Of Revenue": 14912000.0,
        "Total Revenue": 11310000.0,
        "Operating Revenue": 11310000.0
    },
    "2023-03-31": {
        "Tax Effect Of Unusual Items": NaN,
        "Tax Rate For Calcs": NaN,
        "Normalized EBITDA": NaN,
        "Total Unusual Items": NaN,
        "Total Unusual Items Excluding Goodwill": NaN,
        "Net Income From Continuing Operation Net Minority Interest": NaN,
        "Reconciled Depreciation": NaN,
        "Reconciled Cost Of Revenue": NaN,
        "EBITDA": NaN,
        "EBIT": NaN,
        "Net Interest Income": NaN,
        "Interest Expense": NaN,
        "Normalized Income": NaN,
        "Net Income From Continuing And Discontinued Operation": NaN,
        "Total Expenses": NaN,
        "Diluted Average Shares": 245603313.0,
        "Basic Average Shares": 245603313.0,
        "Diluted EPS": -0.05,
        "Basic EPS": -0.05,
        "Diluted NI Availto Com Stockholders": NaN,
        "Net Income Common Stockholders": NaN,
        "Net Income": NaN,
        "Net Income Including Noncontrolling Interests": NaN,
        "Net Income Continuous Operations": NaN,
        "Tax Provision": NaN,
        "Pretax Income": NaN,
        "Other Income Expense": NaN,
        "Other Non Operating Income Expenses": NaN,
        "Special Income Charges": NaN,
        "Gain On Sale Of Ppe": NaN,
        "Restructuring And Mergern Acquisition": NaN,
        "Gain On Sale Of Security": NaN,
        "Net Non Operating Interest Income Expense": NaN,
        "Total Other Finance Cost": NaN,
        "Interest Expense Non Operating": NaN,
        "Operating Income": NaN,
        "Operating Expense": NaN,
        "Other Operating Expenses": NaN,
        "Selling General And Administration": NaN,
        "General And Administrative Expense": NaN,
        "Other Gand A": NaN,
        "Salaries And Wages": NaN,
        "Gross Profit": NaN,
        "Cost Of Revenue": NaN,
        "Total Revenue": NaN,
        "Operating Revenue": NaN
    },
    "2024-03-31": {
        "Tax Effect Of Unusual Items": 0.0,
        "Tax Rate For Calcs": 0.0,
        "Normalized EBITDA": -10858000.0,
        "Total Unusual Items": 4322000.0,
        "Total Unusual Items Excluding Goodwill": 4322000.0,
        "Net Income From Continuing Operation Net Minority Interest": -15716000.0,
        "Reconciled Depreciation": 897000.0,
        "Reconciled Cost Of Revenue": 8281000.0,
        "EBITDA": -6536000.0,
        "EBIT": -7433000.0,
        "Net Interest Income": -8577000.0,
        "Interest Expense": 8283000.0,
        "Normalized Income": -20038000.0,
        "Net Income From Continuing And Discontinued Operation": -15716000.0,
        "Total Expenses": 20305000.0,
        "Diluted Average Shares": 305323881.0,
        "Basic Average Shares": 305323881.0,
        "Diluted EPS": -0.05,
        "Basic EPS": -0.05,
        "Diluted NI Availto Com Stockholders": -15716000.0,
        "Net Income Common Stockholders": -15716000.0,
        "Net Income": -15716000.0,
        "Net Income Including Noncontrolling Interests": -15716000.0,
        "Net Income Continuous Operations": -15716000.0,
        "Tax Provision": 0.0,
        "Pretax Income": -15716000.0,
        "Other Income Expense": 4753000.0,
        "Other Non Operating Income Expenses": 431000.0,
        "Special Income Charges": 0.0,
        "Gain On Sale Of Ppe": 0.0,
        "Restructuring And Mergern Acquisition": 0.0,
        "Gain On Sale Of Security": 4322000.0,
        "Net Non Operating Interest Income Expense": -8577000.0,
        "Total Other Finance Cost": 294000.0,
        "Interest Expense Non Operating": 8283000.0,
        "Operating Income": -11892000.0,
        "Operating Expense": 12024000.0,
        "Other Operating Expenses": 3511000.0,
        "Selling General And Administration": 5108000.0,
        "General And Administrative Expense": 5108000.0,
        "Other Gand A": 2147000.0,
        "Salaries And Wages": 2961000.0,
        "Gross Profit": 132000.0,
        "Cost Of Revenue": 8281000.0,
        "Total Revenue": 8413000.0,
        "Operating Revenue": 8413000.0
    },
    "2022-12-31": {
        "Tax Effect Of Unusual Items": NaN,
        "Tax Rate For Calcs": NaN,
        "Normalized EBITDA": NaN,
        "Total Unusual Items": NaN,
        "Total Unusual Items Excluding Goodwill": NaN,
        "Net Income From Continuing Operation Net Minority Interest": NaN,
        "Reconciled Depreciation": NaN,
        "Reconciled Cost Of Revenue": NaN,
        "EBITDA": NaN,
        "EBIT": NaN,
        "Net Interest Income": NaN,
        "Interest Expense": NaN,
        "Normalized Income": NaN,
        "Net Income From Continuing And Discontinued Operation": NaN,
        "Total Expenses": NaN,
        "Diluted Average Shares": NaN,
        "Basic Average Shares": NaN,
        "Diluted EPS": NaN,
        "Basic EPS": NaN,
        "Diluted NI Availto Com Stockholders": NaN,
        "Net Income Common Stockholders": NaN,
        "Net Income": NaN,
        "Net Income Including Noncontrolling Interests": NaN,
        "Net Income Discontinuous Operations": 0.0,
        "Net Income Continuous Operations": NaN,
        "Tax Provision": NaN,
        "Pretax Income": NaN,
        "Other Income Expense": NaN,
        "Other Non Operating Income Expenses": NaN,
        "Special Income Charges": NaN,
        "Gain On Sale Of Ppe": NaN,
        "Restructuring And Mergern Acquisition": NaN,
        "Gain On Sale Of Security": NaN,
        "Net Non Operating Interest Income Expense": NaN,
        "Total Other Finance Cost": NaN,
        "Interest Expense Non Operating": NaN,
        "Operating Income": NaN,
        "Operating Expense": NaN,
        "Other Operating Expenses": NaN,
        "Selling General And Administration": NaN,
        "General And Administrative Expense": NaN,
        "Other Gand A": NaN,
        "Salaries And Wages": NaN,
        "Gross Profit": NaN,
        "Cost Of Revenue": NaN,
        "Total Revenue": NaN,
        "Operating Revenue": NaN
    },
    "2022-09-30": {
        "Tax Effect Of Unusual Items": NaN,
        "Tax Rate For Calcs": NaN,
        "Normalized EBITDA": NaN,
        "Total Unusual Items": NaN,
        "Total Unusual Items Excluding Goodwill": NaN,
        "Net Income From Continuing Operation Net Minority Interest": NaN,
        "Reconciled Depreciation": NaN,
        "Reconciled Cost Of Revenue": NaN,
        "EBITDA": NaN,
        "EBIT": NaN,
        "Net Interest Income": NaN,
        "Interest Expense": NaN,
        "Normalized Income": NaN,
        "Net Income From Continuing And Discontinued Operation": NaN,
        "Total Expenses": NaN,
        "Diluted Average Shares": 240368617.0,
        "Basic Average Shares": 240368617.0,
        "Diluted EPS": -0.05,
        "Basic EPS": -0.05,
        "Diluted NI Availto Com Stockholders": NaN,
        "Net Income Common Stockholders": NaN,
        "Net Income": NaN,
        "Net Income Including Noncontrolling Interests": NaN,
        "Net Income Discontinuous Operations": 0.0,
        "Net Income Continuous Operations": NaN,
        "Tax Provision": NaN,
        "Pretax Income": NaN,
        "Other Income Expense": NaN,
        "Other Non Operating Income Expenses": NaN,
        "Special Income Charges": NaN,
        "Gain On Sale Of Ppe": NaN,
        "Restructuring And Mergern Acquisition": NaN,
        "Gain On Sale Of Security": NaN,
        "Net Non Operating Interest Income Expense": NaN,
        "Total Other Finance Cost": NaN,
        "Interest Expense Non Operating": NaN,
        "Operating Income": NaN,
        "Operating Expense": NaN,
        "Other Operating Expenses": NaN,
        "Selling General And Administration": NaN,
        "General And Administrative Expense": NaN,
        "Other Gand A": NaN,
        "Salaries And Wages": NaN,
        "Gross Profit": NaN,
        "Cost Of Revenue": NaN,
        "Total Revenue": NaN,
        "Operating Revenue": NaN
    },
    "2024-06-30": {
        "Tax Effect Of Unusual Items": 0.0,
        "Tax Rate For Calcs": 0.0,
        "Normalized EBITDA": -25625000.0,
        "Total Unusual Items": -1799000.0,
        "Total Unusual Items Excluding Goodwill": -1799000.0,
        "Net Income From Continuing Operation Net Minority Interest": -36831000.0,
        "Reconciled Depreciation": 643000.0,
        "Reconciled Cost Of Revenue": 19068000.0,
        "EBITDA": -27424000.0,
        "EBIT": -28067000.0,
        "Net Interest Income": -9105000.0,
        "Interest Expense": 8764000.0,
        "Normalized Income": -35032000.0,
        "Net Income From Continuing And Discontinued Operation": -36831000.0,
        "Total Expenses": 33391000.0,
        "Diluted Average Shares": 361145495.0,
        "Basic Average Shares": 361145495.0,
        "Diluted EPS": -0.1,
        "Basic EPS": -0.1,
        "Diluted NI Availto Com Stockholders": -36831000.0,
        "Net Income Common Stockholders": -36831000.0,
        "Net Income": -36831000.0,
        "Net Income Including Noncontrolling Interests": -36831000.0,
        "Net Income Continuous Operations": -36831000.0,
        "Tax Provision": 0.0,
        "Pretax Income": -36831000.0,
        "Other Income Expense": -1519000.0,
        "Other Non Operating Income Expenses": 280000.0,
        "Special Income Charges": -1061000.0,
        "Gain On Sale Of Ppe": -1061000.0,
        "Restructuring And Mergern Acquisition": 0.0,
        "Gain On Sale Of Security": -738000.0,
        "Net Non Operating Interest Income Expense": -9105000.0,
        "Total Other Finance Cost": 341000.0,
        "Interest Expense Non Operating": 8764000.0,
        "Operating Income": -26207000.0,
        "Operating Expense": 14323000.0,
        "Other Operating Expenses": 5840000.0,
        "Selling General And Administration": 6619000.0,
        "General And Administrative Expense": 6619000.0,
        "Other Gand A": 3628000.0,
        "Salaries And Wages": 2991000.0,
        "Gross Profit": -11884000.0,
        "Cost Of Revenue": 19068000.0,
        "Total Revenue": 7184000.0,
        "Operating Revenue": 7184000.0
    }
}