{
    "2023-06-30": {
        "Tax Effect Of Unusual Items": 5040000.0,
        "Tax Rate For Calcs": 0.21,
        "Normalized EBITDA": 3476000000.0,
        "Total Unusual Items": 24000000.0,
        "Total Unusual Items Excluding Goodwill": 24000000.0,
        "Net Income From Continuing Operation Net Minority Interest": 1581000000.0,
        "Reconciled Depreciation": 1077000000.0,
        "Reconciled Cost Of Revenue": 6136000000.0,
        "EBITDA": 3500000000.0,
        "EBIT": 2423000000.0,
        "Net Interest Income": -222000000.0,
        "Interest Expense": 423000000.0,
        "Interest Income": 201000000.0,
        "Normalized Income": 1562040000.0,
        "Net Income From Continuing And Discontinued Operation": 1583000000.0,
        "Total Expenses": 13316000000.0,
        "Diluted Average Shares": 919500000.0,
        "Basic Average Shares": 909900000.0,
        "Diluted EPS": 1.72,
        "Basic EPS": 1.74,
        "Diluted NI Availto Com Stockholders": 1583000000.0,
        "Net Income Common Stockholders": 1583000000.0,
        "Net Income": 1583000000.0,
        "Net Income Including Noncontrolling Interests": 1583000000.0,
        "Net Income Discontinuous Operations": 2000000.0,
        "Net Income Continuous Operations": 1581000000.0,
        "Tax Provision": 419000000.0,
        "Pretax Income": 2000000000.0,
        "Other Income Expense": 62000000.0,
        "Other Non Operating Income Expenses": 38000000.0,
        "Special Income Charges": 2000000.0,
        "Gain On Sale Of Ppe": 2000000.0,
        "Gain On Sale Of Security": 22000000.0,
        "Net Non Operating Interest Income Expense": -222000000.0,
        "Interest Expense Non Operating": 423000000.0,
        "Interest Income Non Operating": 201000000.0,
        "Operating Income": 2159000000.0,
        "Operating Expense": 6342000000.0,
        "Other Operating Expenses": -246000000.0,
        "Provision For Doubtful Accounts": 14000000.0,
        "Depreciation Amortization Depletion Income Statement": 239000000.0,
        "Depreciation And Amortization In Income Statement": 239000000.0,
        "Amortization": 239000000.0,
        "Amortization Of Intangibles Income Statement": 239000000.0,
        "Research And Development": 1687000000.0,
        "Selling General And Administration": 4648000000.0,
        "Selling And Marketing Expense": 372000000.0,
        "General And Administrative Expense": 4276000000.0,
        "Other Gand A": 3991000000.0,
        "Salaries And Wages": 285000000.0,
        "Gross Profit": 8501000000.0,
        "Cost Of Revenue": 6974000000.0,
        "Total Revenue": 15475000000.0,
        "Operating Revenue": 15475000000.0
    },
    "2023-03-31": {
        "Tax Effect Of Unusual Items": 6201000.0,
        "Tax Rate For Calcs": 0.117,
        "Normalized EBITDA": 2446000000.0,
        "Total Unusual Items": 53000000.0,
        "Total Unusual Items Excluding Goodwill": 53000000.0,
        "Net Income From Continuing Operation Net Minority Interest": 934000000.0,
        "Reconciled Depreciation": 1074000000.0,
        "Reconciled Cost Of Revenue": 5912000000.0,
        "EBITDA": 2499000000.0,
        "EBIT": 1425000000.0,
        "Net Interest Income": -197000000.0,
        "Interest Expense": 367000000.0,
        "Interest Income": 170000000.0,
        "Normalized Income": 887201000.0,
        "Net Income From Continuing And Discontinued Operation": 927000000.0,
        "Total Expenses": 13075000000.0,
        "Diluted Average Shares": 917800000.0,
        "Basic Average Shares": 907500000.0,
        "Diluted EPS": 1.01,
        "Basic EPS": 1.02,
        "Diluted NI Availto Com Stockholders": 927000000.0,
        "Net Income Common Stockholders": 927000000.0,
        "Net Income": 927000000.0,
        "Net Income Including Noncontrolling Interests": 927000000.0,
        "Net Income Discontinuous Operations": -7000000.0,
        "Net Income Continuous Operations": 934000000.0,
        "Tax Provision": 124000000.0,
        "Pretax Income": 1058000000.0,
        "Other Income Expense": 80000000.0,
        "Other Non Operating Income Expenses": 27000000.0,
        "Special Income Charges": 4000000.0,
        "Gain On Sale Of Ppe": 4000000.0,
        "Gain On Sale Of Security": 49000000.0,
        "Net Non Operating Interest Income Expense": -197000000.0,
        "Interest Expense Non Operating": 367000000.0,
        "Interest Income Non Operating": 170000000.0,
        "Operating Income": 1177000000.0,
        "Operating Expense": 6332000000.0,
        "Other Operating Expenses": -176000000.0,
        "Provision For Doubtful Accounts": 2000000.0,
        "Depreciation Amortization Depletion Income Statement": 243000000.0,
        "Depreciation And Amortization In Income Statement": 243000000.0,
        "Amortization": 243000000.0,
        "Amortization Of Intangibles Income Statement": 243000000.0,
        "Research And Development": 1655000000.0,
        "Selling General And Administration": 4608000000.0,
        "Selling And Marketing Expense": 314000000.0,
        "General And Administrative Expense": 4294000000.0,
        "Other Gand A": 3886000000.0,
        "Salaries And Wages": 408000000.0,
        "Gross Profit": 7509000000.0,
        "Cost Of Revenue": 6743000000.0,
        "Total Revenue": 14252000000.0,
        "Operating Revenue": 14252000000.0
    },
    "2022-12-31": {
        "Tax Effect Of Unusual Items": 16623188.405797,
        "Tax Rate For Calcs": 0.134058,
        "Normalized EBITDA": 4638000000.0,
        "Total Unusual Items": 124000000.0,
        "Total Unusual Items Excluding Goodwill": 124000000.0,
        "Net Income From Continuing Operation Net Minority Interest": 2870000000.0,
        "Reconciled Depreciation": 1137000000.0,
        "Reconciled Cost Of Revenue": 6175000000.0,
        "EBITDA": 4762000000.0,
        "EBIT": 3625000000.0,
        "Net Interest Income": -249000000.0,
        "Interest Expense": 313000000.0,
        "Interest Income": 64000000.0,
        "Normalized Income": 2762623188.405797,
        "Net Income From Continuing And Discontinued Operation": 2711000000.0,
        "Total Expenses": 13195000000.0,
        "Diluted Average Shares": 915900000.0,
        "Basic Average Shares": 905800000.0,
        "Diluted EPS": 2.96,
        "Basic EPS": 2.99,
        "Diluted NI Availto Com Stockholders": 2710000000.0,
        "Net Income Common Stockholders": 2710000000.0,
        "Net Income": 2711000000.0,
        "Net Income Including Noncontrolling Interests": 2711000000.0,
        "Net Income Discontinuous Operations": -159000000.0,
        "Net Income Continuous Operations": 2870000000.0,
        "Tax Provision": 444000000.0,
        "Pretax Income": 3312000000.0,
        "Other Income Expense": 67000000.0,
        "Other Non Operating Income Expenses": -57000000.0,
        "Special Income Charges": 13000000.0,
        "Gain On Sale Of Ppe": 13000000.0,
        "Gain On Sale Of Security": 111000000.0,
        "Net Non Operating Interest Income Expense": -249000000.0,
        "Interest Expense Non Operating": 313000000.0,
        "Interest Income Non Operating": 64000000.0,
        "Operating Income": 3495000000.0,
        "Operating Expense": 6137000000.0,
        "Other Operating Expenses": -233000000.0,
        "Provision For Doubtful Accounts": 31000000.0,
        "Depreciation Amortization Depletion Income Statement": 254000000.0,
        "Depreciation And Amortization In Income Statement": 254000000.0,
        "Amortization": 254000000.0,
        "Amortization Of Intangibles Income Statement": 254000000.0,
        "Research And Development": 1604000000.0,
        "Selling General And Administration": 4481000000.0,
        "Selling And Marketing Expense": 302000000.0,
        "General And Administrative Expense": 4179000000.0,
        "Other Gand A": 4036000000.0,
        "Salaries And Wages": 143000000.0,
        "Gross Profit": 9632000000.0,
        "Cost Of Revenue": 7058000000.0,
        "Total Revenue": 16691000000.0,
        "Operating Revenue": 16691000000.0
    },
    "2022-09-30": {
        "Tax Effect Of Unusual Items": 0.0,
        "Tax Rate For Calcs": 0.286,
        "Normalized EBITDA": -3043000000.0,
        "Total Unusual Items": 175000000.0,
        "Total Unusual Items Excluding Goodwill": 175000000.0,
        "Net Income From Continuing Operation Net Minority Interest": -3214000000.0,
        "Reconciled Depreciation": 1163000000.0,
        "Reconciled Cost Of Revenue": 6677000000.0,
        "EBITDA": -3043000000.0,
        "EBIT": -4206000000.0,
        "Net Interest Income": -295000000.0,
        "Interest Expense": 295000000.0,
        "Interest Income": 53000000.0,
        "Normalized Income": -3214000000.0,
        "Net Income From Continuing And Discontinued Operation": -3196000000.0,
        "Total Expenses": 12558000000.0,
        "Diluted Average Shares": 904100000.0,
        "Basic Average Shares": 904100000.0,
        "Diluted EPS": -3.54,
        "Basic EPS": -3.54,
        "Diluted NI Availto Com Stockholders": -3196000000.0,
        "Net Income Common Stockholders": -3196000000.0,
        "Net Income": -3196000000.0,
        "Net Income Including Noncontrolling Interests": -3196000000.0,
        "Net Income Discontinuous Operations": 18000000.0,
        "Net Income Continuous Operations": -3214000000.0,
        "Tax Provision": -1287000000.0,
        "Pretax Income": -4501000000.0,
        "Other Income Expense": -5755000000.0,
        "Other Non Operating Income Expenses": -5755000000.0,
        "Special Income Charges": 1000000.0,
        "Gain On Sale Of Ppe": 1000000.0,
        "Gain On Sale Of Security": 174000000.0,
        "Net Non Operating Interest Income Expense": -295000000.0,
        "Interest Expense Non Operating": 295000000.0,
        "Interest Income Non Operating": 53000000.0,
        "Operating Income": 1549000000.0,
        "Operating Expense": 5881000000.0,
        "Other Operating Expenses": -121000000.0,
        "Provision For Doubtful Accounts": 11000000.0,
        "Depreciation Amortization Depletion Income Statement": 252000000.0,
        "Depreciation And Amortization In Income Statement": 252000000.0,
        "Amortization": 252000000.0,
        "Amortization Of Intangibles Income Statement": 252000000.0,
        "Research And Development": 1611000000.0,
        "Selling General And Administration": 4391000000.0,
        "Selling And Marketing Expense": 297000000.0,
        "General And Administrative Expense": 3832000000.0,
        "Other Gand A": 3681000000.0,
        "Salaries And Wages": 151000000.0,
        "Gross Profit": 7430000000.0,
        "Cost Of Revenue": 6677000000.0,
        "Total Revenue": 14107000000.0,
        "Operating Revenue": 14037000000.0
    },
    "2022-06-30": {
        "Tax Effect Of Unusual Items": 0.0,
        "Tax Rate For Calcs": 0.149,
        "Normalized EBITDA": 3264000000.0,
        "Total Unusual Items": 7000000.0,
        "Total Unusual Items Excluding Goodwill": 7000000.0,
        "Net Income From Continuing Operation Net Minority Interest": 1465000000.0,
        "Reconciled Depreciation": 1245000000.0,
        "Reconciled Cost Of Revenue": 7246000000.0,
        "EBITDA": 3264000000.0,
        "EBIT": 2019000000.0,
        "Net Interest Income": -297000000.0,
        "Interest Expense": 297000000.0,
        "Interest Income": 28000000.0,
        "Normalized Income": 1465000000.0,
        "Net Income From Continuing And Discontinued Operation": 1392000000.0,
        "Total Expenses": 13598000000.0,
        "Diluted Average Shares": 910700000.0,
        "Basic Average Shares": 901500000.0,
        "Diluted EPS": 1.53,
        "Basic EPS": 1.54,
        "Diluted NI Availto Com Stockholders": 1392000000.0,
        "Net Income Common Stockholders": 1392000000.0,
        "Net Income": 1392000000.0,
        "Net Income Including Noncontrolling Interests": 1392000000.0,
        "Net Income Discontinuous Operations": -73000000.0,
        "Net Income Continuous Operations": 1465000000.0,
        "Tax Provision": 257000000.0,
        "Pretax Income": 1722000000.0,
        "Other Income Expense": 81000000.0,
        "Other Non Operating Income Expenses": 81000000.0,
        "Special Income Charges": 6000000.0,
        "Gain On Sale Of Ppe": 6000000.0,
        "Gain On Sale Of Security": 1000000.0,
        "Net Non Operating Interest Income Expense": -297000000.0,
        "Interest Expense Non Operating": 297000000.0,
        "Interest Income Non Operating": 28000000.0,
        "Operating Income": 1938000000.0,
        "Operating Expense": 6352000000.0,
        "Other Operating Expenses": -176000000.0,
        "Provision For Doubtful Accounts": 6000000.0,
        "Depreciation Amortization Depletion Income Statement": 277000000.0,
        "Depreciation And Amortization In Income Statement": 277000000.0,
        "Amortization": 277000000.0,
        "Amortization Of Intangibles Income Statement": 277000000.0,
        "Research And Development": 1673000000.0,
        "Selling General And Administration": 4855000000.0,
        "Selling And Marketing Expense": 395000000.0,
        "General And Administrative Expense": 4177000000.0,
        "Other Gand A": 3996000000.0,
        "Salaries And Wages": 181000000.0,
        "Gross Profit": 8290000000.0,
        "Cost Of Revenue": 7246000000.0,
        "Total Revenue": 15536000000.0,
        "Operating Revenue": 15356000000.0
    },
    "2022-03-31": {
        "Diluted EPS": 0.81,
        "Total Revenue": NaN,
        "Gross Profit": NaN,
        "Operating Income": NaN,
        "EBIT": NaN,
        "Net Income": 733
    },
    "2021-12-31": {
        "Diluted EPS": 2.56,
        "Total Revenue": NaN,
        "Gross Profit": NaN,
        "Operating Income": NaN,
        "EBIT": NaN,
        "Net Income": NaN
    },
    "2021-09-30": {
        "Diluted EPS": 1.26,
        "Total Revenue": NaN,
        "Gross Profit": NaN,
        "Operating Income": NaN,
        "EBIT": NaN,
        "Net Income": NaN
    },
    "2021-06-30": {
        "Diluted EPS": 1.47,
        "Total Revenue": NaN,
        "Gross Profit": NaN,
        "Operating Income": NaN,
        "EBIT": NaN,
        "Net Income": NaN
    },
    "2021-03-31": {
        "Diluted EPS": 1.06,
        "Total Revenue": NaN,
        "Gross Profit": NaN,
        "Operating Income": 723,
        "EBIT": NaN,
        "Net Income": 955
    },
    "2020-12-31": {
        "Diluted EPS": 1.51,
        "Total Revenue": NaN,
        "Gross Profit": NaN,
        "Operating Income": -438,
        "EBIT": NaN,
        "Net Income": NaN
    },
    "2020-09-30": {
        "Diluted EPS": 1.89,
        "Total Revenue": NaN,
        "Gross Profit": NaN,
        "Operating Income": NaN,
        "EBIT": NaN,
        "Net Income": NaN
    },
    "2020-06-30": {
        "Diluted EPS": 1.52,
        "Total Revenue": NaN,
        "Gross Profit": NaN,
        "Operating Income": NaN,
        "EBIT": NaN,
        "Net Income": NaN
    },
    "2020-03-31": {
        "Diluted EPS": 1.31,
        "Total Revenue": NaN,
        "Gross Profit": NaN,
        "Operating Income": 343,
        "EBIT": NaN,
        "Net Income": NaN
    },
    "2019-12-31": {
        "Diluted EPS": 4.1,
        "Total Revenue": NaN,
        "Gross Profit": NaN,
        "Operating Income": NaN,
        "EBIT": NaN,
        "Net Income": NaN
    },
    "2019-09-30": {
        "Diluted EPS": 1.87,
        "Total Revenue": NaN,
        "Gross Profit": NaN,
        "Operating Income": NaN,
        "EBIT": NaN,
        "Net Income": NaN
    },
    "2019-06-30": {
        "Diluted EPS": 2.81,
        "Total Revenue": NaN,
        "Gross Profit": NaN,
        "Operating Income": NaN,
        "EBIT": NaN,
        "Net Income": NaN
    },
    "2019-03-31": {
        "Diluted EPS": 1.78,
        "Total Revenue": NaN,
        "Gross Profit": NaN,
        "Operating Income": NaN,
        "EBIT": NaN,
        "Net Income": NaN
    },
    "2018-12-31": {
        "Diluted EPS": 2.16,
        "Total Revenue": NaN,
        "Gross Profit": NaN,
        "Operating Income": NaN,
        "EBIT": NaN,
        "Net Income": NaN
    },
    "2018-09-30": {
        "Diluted EPS": 2.94,
        "Total Revenue": NaN,
        "Gross Profit": NaN,
        "Operating Income": NaN,
        "EBIT": NaN,
        "Net Income": NaN
    },
    "2018-06-30": {
        "Diluted EPS": 2.61,
        "Total Revenue": NaN,
        "Gross Profit": NaN,
        "Operating Income": NaN,
        "EBIT": NaN,
        "Net Income": NaN
    },
    "2018-03-31": {
        "Diluted EPS": 1.81,
        "Total Revenue": NaN,
        "Gross Profit": NaN,
        "Operating Income": NaN,
        "EBIT": NaN,
        "Net Income": NaN
    },
    "2017-12-31": {
        "Diluted EPS": -1.11,
        "Total Revenue": NaN,
        "Gross Profit": NaN,
        "Operating Income": NaN,
        "EBIT": NaN,
        "Net Income": NaN
    },
    "2017-09-30": {
        "Diluted EPS": 2.92,
        "Total Revenue": NaN,
        "Gross Profit": NaN,
        "Operating Income": NaN,
        "EBIT": NaN,
        "Net Income": NaN
    },
    "2017-06-30": {
        "Diluted EPS": 2.48,
        "Total Revenue": NaN,
        "Gross Profit": NaN,
        "Operating Income": NaN,
        "EBIT": NaN,
        "Net Income": NaN
    },
    "2017-03-31": {
        "Diluted EPS": 1.85,
        "Total Revenue": NaN,
        "Gross Profit": NaN,
        "Operating Income": NaN,
        "EBIT": NaN,
        "Net Income": NaN
    },
    "2016-12-31": {
        "Diluted EPS": 4.7,
        "Total Revenue": NaN,
        "Gross Profit": NaN,
        "Operating Income": NaN,
        "EBIT": NaN,
        "Net Income": NaN
    },
    "2016-09-30": {
        "Diluted EPS": 2.98,
        "Total Revenue": NaN,
        "Gross Profit": NaN,
        "Operating Income": NaN,
        "EBIT": NaN,
        "Net Income": NaN
    },
    "2016-06-30": {
        "Diluted EPS": 2.61,
        "Total Revenue": NaN,
        "Gross Profit": NaN,
        "Operating Income": NaN,
        "EBIT": NaN,
        "Net Income": NaN
    },
    "2016-03-31": {
        "Diluted EPS": 2.09,
        "Total Revenue": NaN,
        "Gross Profit": NaN,
        "Operating Income": NaN,
        "EBIT": NaN,
        "Net Income": NaN
    },
    "2015-12-31": {
        "Diluted EPS": 4.56,
        "Total Revenue": NaN,
        "Gross Profit": NaN,
        "Operating Income": NaN,
        "EBIT": NaN,
        "Net Income": NaN
    },
    "2015-09-30": {
        "Diluted EPS": 3.01,
        "Total Revenue": NaN,
        "Gross Profit": NaN,
        "Operating Income": NaN,
        "EBIT": NaN,
        "Net Income": NaN
    },
    "2015-06-30": {
        "Diluted EPS": 3.5,
        "Total Revenue": NaN,
        "Gross Profit": NaN,
        "Operating Income": NaN,
        "EBIT": NaN,
        "Net Income": NaN
    },
    "2015-03-31": {
        "Diluted EPS": 2.35,
        "Total Revenue": NaN,
        "Gross Profit": NaN,
        "Operating Income": NaN,
        "EBIT": NaN,
        "Net Income": NaN
    },
    "2014-12-31": {
        "Diluted EPS": 5.47,
        "Total Revenue": NaN,
        "Gross Profit": NaN,
        "Operating Income": NaN,
        "EBIT": NaN,
        "Net Income": NaN
    },
    "2014-09-30": {
        "Diluted EPS": 0.02,
        "Total Revenue": NaN,
        "Gross Profit": NaN,
        "Operating Income": NaN,
        "EBIT": NaN,
        "Net Income": 18
    },
    "2014-06-30": {
        "Diluted EPS": 4.12,
        "Total Revenue": NaN,
        "Gross Profit": NaN,
        "Operating Income": NaN,
        "EBIT": NaN,
        "Net Income": NaN
    },
    "2014-03-31": {
        "Diluted EPS": 2.29,
        "Total Revenue": NaN,
        "Gross Profit": NaN,
        "Operating Income": NaN,
        "EBIT": NaN,
        "Net Income": NaN
    },
    "2013-12-31": {
        "Diluted EPS": 5.65,
        "Total Revenue": NaN,
        "Gross Profit": NaN,
        "Operating Income": NaN,
        "EBIT": NaN,
        "Net Income": NaN
    },
    "2013-09-30": {
        "Diluted EPS": 3.68,
        "Total Revenue": NaN,
        "Gross Profit": NaN,
        "Operating Income": NaN,
        "EBIT": NaN,
        "Net Income": NaN
    },
    "2013-06-30": {
        "Diluted EPS": 2.91,
        "Total Revenue": NaN,
        "Gross Profit": NaN,
        "Operating Income": NaN,
        "EBIT": NaN,
        "Net Income": NaN
    },
    "2013-03-31": {
        "Diluted EPS": 2.7,
        "Total Revenue": NaN,
        "Gross Profit": NaN,
        "Operating Income": NaN,
        "EBIT": NaN,
        "Net Income": NaN
    },
    "2012-12-31": {
        "Diluted EPS": 5.09,
        "Total Revenue": NaN,
        "Gross Profit": NaN,
        "Operating Income": NaN,
        "EBIT": NaN,
        "Net Income": NaN
    },
    "2012-09-30": {
        "Diluted EPS": 3.33,
        "Total Revenue": NaN,
        "Gross Profit": NaN,
        "Operating Income": NaN,
        "EBIT": NaN,
        "Net Income": NaN
    },
    "2012-06-30": {
        "Diluted EPS": 3.34,
        "Total Revenue": NaN,
        "Gross Profit": NaN,
        "Operating Income": NaN,
        "EBIT": NaN,
        "Net Income": NaN
    },
    "2012-03-31": {
        "Diluted EPS": 2.61,
        "Total Revenue": NaN,
        "Gross Profit": NaN,
        "Operating Income": NaN,
        "EBIT": NaN,
        "Net Income": NaN
    },
    "2011-12-31": {
        "Diluted EPS": 4.56,
        "Total Revenue": NaN,
        "Gross Profit": NaN,
        "Operating Income": NaN,
        "EBIT": NaN,
        "Net Income": NaN
    },
    "2011-09-30": {
        "Diluted EPS": 3.19,
        "Total Revenue": NaN,
        "Gross Profit": NaN,
        "Operating Income": NaN,
        "EBIT": NaN,
        "Net Income": NaN
    },
    "2011-06-30": {
        "Diluted EPS": 3.0,
        "Total Revenue": NaN,
        "Gross Profit": NaN,
        "Operating Income": NaN,
        "EBIT": NaN,
        "Net Income": NaN
    },
    "2011-03-31": {
        "Diluted EPS": 2.31,
        "Total Revenue": NaN,
        "Gross Profit": NaN,
        "Operating Income": NaN,
        "EBIT": NaN,
        "Net Income": NaN
    },
    "2010-12-31": {
        "Diluted EPS": 4.12,
        "Total Revenue": NaN,
        "Gross Profit": NaN,
        "Operating Income": NaN,
        "EBIT": NaN,
        "Net Income": NaN
    },
    "2010-09-30": {
        "Diluted EPS": 2.82,
        "Total Revenue": NaN,
        "Gross Profit": NaN,
        "Operating Income": NaN,
        "EBIT": NaN,
        "Net Income": NaN
    },
    "2010-06-30": {
        "Diluted EPS": 2.61,
        "Total Revenue": NaN,
        "Gross Profit": NaN,
        "Operating Income": NaN,
        "EBIT": NaN,
        "Net Income": NaN
    },
    "2010-03-31": {
        "Diluted EPS": 1.97,
        "Total Revenue": NaN,
        "Gross Profit": NaN,
        "Operating Income": NaN,
        "EBIT": NaN,
        "Net Income": NaN
    },
    "2009-12-31": {
        "Diluted EPS": 3.59,
        "Total Revenue": NaN,
        "Gross Profit": NaN,
        "Operating Income": NaN,
        "EBIT": NaN,
        "Net Income": NaN
    },
    "2009-09-30": {
        "Diluted EPS": 2.4,
        "Total Revenue": NaN,
        "Gross Profit": NaN,
        "Operating Income": NaN,
        "EBIT": NaN,
        "Net Income": NaN
    },
    "2009-06-30": {
        "Diluted EPS": 2.32,
        "Total Revenue": NaN,
        "Gross Profit": NaN,
        "Operating Income": NaN,
        "EBIT": NaN,
        "Net Income": NaN
    },
    "2009-03-31": {
        "Diluted EPS": 1.7,
        "Total Revenue": NaN,
        "Gross Profit": NaN,
        "Operating Income": NaN,
        "EBIT": NaN,
        "Net Income": NaN
    },
    "2023-09-30": {
        "Tax Effect Of Unusual Items": -4335000.0,
        "Tax Rate For Calcs": 0.085,
        "Normalized EBITDA": 3429000000.0,
        "Total Unusual Items": -51000000.0,
        "Total Unusual Items Excluding Goodwill": -51000000.0,
        "Net Income From Continuing Operation Net Minority Interest": 1714000000.0,
        "Reconciled Depreciation": 1093000000.0,
        "Reconciled Cost Of Revenue": 5888000000.0,
        "EBITDA": 3378000000.0,
        "EBIT": 2285000000.0,
        "Net Interest Income": -256000000.0,
        "Interest Expense": 412000000.0,
        "Interest Income": 156000000.0,
        "Normalized Income": 1760665000.0,
        "Net Income From Continuing And Discontinued Operation": 1704000000.0,
        "Total Expenses": 12682000000.0,
        "Diluted Average Shares": 923700000.0,
        "Basic Average Shares": 912800000.0,
        "Diluted EPS": 1.84,
        "Basic EPS": 1.87,
        "Diluted NI Availto Com Stockholders": 1704000000.0,
        "Net Income Common Stockholders": 1704000000.0,
        "Net Income": 1704000000.0,
        "Net Income Including Noncontrolling Interests": 1704000000.0,
        "Net Income Discontinuous Operations": -10000000.0,
        "Net Income Continuous Operations": 1714000000.0,
        "Tax Provision": 159000000.0,
        "Pretax Income": 1873000000.0,
        "Other Income Expense": 58000000.0,
        "Other Non Operating Income Expenses": 109000000.0,
        "Special Income Charges": 0.0,
        "Gain On Sale Of Ppe": 0.0,
        "Gain On Sale Of Security": -51000000.0,
        "Net Non Operating Interest Income Expense": -256000000.0,
        "Interest Expense Non Operating": 412000000.0,
        "Interest Income Non Operating": 156000000.0,
        "Operating Income": 2070000000.0,
        "Operating Expense": 5953000000.0,
        "Other Operating Expenses": -190000000.0,
        "Provision For Doubtful Accounts": -9000000.0,
        "Depreciation Amortization Depletion Income Statement": 252000000.0,
        "Depreciation And Amortization In Income Statement": 252000000.0,
        "Amortization": 252000000.0,
        "Amortization Of Intangibles Income Statement": 252000000.0,
        "Research And Development": 1685000000.0,
        "Selling General And Administration": 4215000000.0,
        "Selling And Marketing Expense": 303000000.0,
        "General And Administrative Expense": 3912000000.0,
        "Other Gand A": 3730000000.0,
        "Salaries And Wages": 182000000.0,
        "Gross Profit": 8023000000.0,
        "Cost Of Revenue": 6729000000.0,
        "Total Revenue": 14752000000.0,
        "Operating Revenue": 14752000000.0
    },
    "2023-12-31": {
        "Tax Effect Of Unusual Items": -9709497.206704,
        "Tax Rate For Calcs": 0.126097,
        "Normalized EBITDA": 5393000000.0,
        "Total Unusual Items": -77000000.0,
        "Total Unusual Items Excluding Goodwill": -77000000.0,
        "Net Income From Continuing Operation Net Minority Interest": 3285000000.0,
        "Reconciled Depreciation": 1152000000.0,
        "Reconciled Cost Of Revenue": 6223000000.0,
        "EBITDA": 5316000000.0,
        "EBIT": 4164000000.0,
        "Net Interest Income": -262000000.0,
        "Interest Expense": 405000000.0,
        "Interest Income": 143000000.0,
        "Normalized Income": 3352290502.793296,
        "Net Income From Continuing And Discontinued Operation": 3288000000.0,
        "Total Expenses": 13414000000.0,
        "Diluted Average Shares": 927300000.0,
        "Basic Average Shares": 914700000.0,
        "Diluted EPS": 3.55,
        "Basic EPS": 3.59,
        "Diluted NI Availto Com Stockholders": 3288000000.0,
        "Net Income Common Stockholders": 3288000000.0,
        "Net Income": 3288000000.0,
        "Net Income Including Noncontrolling Interests": 3288000000.0,
        "Net Income Discontinuous Operations": 3000000.0,
        "Net Income Continuous Operations": 3285000000.0,
        "Tax Provision": 474000000.0,
        "Pretax Income": 3759000000.0,
        "Other Income Expense": 54000000.0,
        "Other Non Operating Income Expenses": 131000000.0,
        "Special Income Charges": 3000000.0,
        "Gain On Sale Of Ppe": 3000000.0,
        "Gain On Sale Of Security": -80000000.0,
        "Net Non Operating Interest Income Expense": -262000000.0,
        "Interest Expense Non Operating": 405000000.0,
        "Interest Income Non Operating": 143000000.0,
        "Operating Income": 3967000000.0,
        "Operating Expense": 6300000000.0,
        "Other Operating Expenses": -238000000.0,
        "Provision For Doubtful Accounts": 3000000.0,
        "Depreciation Amortization Depletion Income Statement": 261000000.0,
        "Depreciation And Amortization In Income Statement": 261000000.0,
        "Amortization": 261000000.0,
        "Amortization Of Intangibles Income Statement": 261000000.0,
        "Research And Development": 1748000000.0,
        "Selling General And Administration": 4526000000.0,
        "Selling And Marketing Expense": 248000000.0,
        "General And Administrative Expense": 4278000000.0,
        "Other Gand A": 4099000000.0,
        "Salaries And Wages": 179000000.0,
        "Gross Profit": 10267000000.0,
        "Cost Of Revenue": 7114000000.0,
        "Total Revenue": 17380000000.0,
        "Operating Revenue": 17380000000.0
    },
    "2024-03-31": {
        "Tax Effect Of Unusual Items": -28800000.0,
        "Tax Rate For Calcs": 0.4,
        "Normalized EBITDA": 2709000000.0,
        "Total Unusual Items": -72000000.0,
        "Total Unusual Items Excluding Goodwill": -72000000.0,
        "Net Income From Continuing Operation Net Minority Interest": 1575000000.0,
        "Reconciled Depreciation": 1131000000.0,
        "Reconciled Cost Of Revenue": 5845000000.0,
        "EBITDA": 2637000000.0,
        "EBIT": 1506000000.0,
        "Net Interest Income": -222000000.0,
        "Interest Expense": 432000000.0,
        "Interest Income": 210000000.0,
        "Normalized Income": 1618200000.0,
        "Net Income From Continuing And Discontinued Operation": 1605000000.0,
        "Total Expenses": 13273000000.0,
        "Diluted Average Shares": 933400000.0,
        "Basic Average Shares": 917200000.0,
        "Diluted EPS": 1.72,
        "Basic EPS": 1.75,
        "Diluted NI Availto Com Stockholders": 1605000000.0,
        "Net Income Common Stockholders": 1605000000.0,
        "Net Income": 1605000000.0,
        "Net Income Including Noncontrolling Interests": 1605000000.0,
        "Net Income Discontinuous Operations": 30000000.0,
        "Net Income Continuous Operations": 1575000000.0,
        "Tax Provision": -502000000.0,
        "Pretax Income": 1074000000.0,
        "Other Income Expense": 106000000.0,
        "Other Non Operating Income Expenses": 178000000.0,
        "Special Income Charges": 0.0,
        "Gain On Sale Of Ppe": 0.0,
        "Gain On Sale Of Security": -72000000.0,
        "Net Non Operating Interest Income Expense": -222000000.0,
        "Interest Expense Non Operating": 432000000.0,
        "Interest Income Non Operating": 210000000.0,
        "Operating Income": 1188000000.0,
        "Operating Expense": 6554000000.0,
        "Other Operating Expenses": -216000000.0,
        "Provision For Doubtful Accounts": -23000000.0,
        "Depreciation Amortization Depletion Income Statement": 257000000.0,
        "Depreciation And Amortization In Income Statement": 257000000.0,
        "Amortization": 257000000.0,
        "Amortization Of Intangibles Income Statement": 257000000.0,
        "Research And Development": 1796000000.0,
        "Selling General And Administration": 4740000000.0,
        "Selling And Marketing Expense": 279000000.0,
        "General And Administrative Expense": 4461000000.0,
        "Other Gand A": 3915000000.0,
        "Salaries And Wages": 546000000.0,
        "Gross Profit": 7742000000.0,
        "Cost Of Revenue": 6719000000.0,
        "Total Revenue": 14461000000.0,
        "Operating Revenue": 14461000000.0
    }
}