{
    "2023-06-30": {
        "Tax Effect Of Unusual Items": 0.0,
        "Tax Rate For Calcs": 0.243808,
        "Total Unusual Items": 0.0,
        "Total Unusual Items Excluding Goodwill": 0.0,
        "Net Income From Continuing Operation Net Minority Interest": 106361200000.0,
        "Net Interest Income": 207382300000.0,
        "Interest Expense": 163676600000.0,
        "Interest Income": 371058900000.0,
        "Normalized Income": 106361200000.0,
        "Net Income From Continuing And Discontinued Operation": 106361200000.0,
        "Diluted Average Shares": 3566773977.0,
        "Basic Average Shares": 3494126150.0,
        "Diluted EPS": 29.82,
        "Basic EPS": 30.44,
        "Diluted NI Availto Com Stockholders": 106361200000.0,
        "Net Income Common Stockholders": 106361200000.0,
        "Net Income": 106361200000.0,
        "Minority Interests": -3783300000.0,
        "Net Income Including Noncontrolling Interests": 110144500000.0,
        "Net Income Extraordinary": NaN,
        "Net Income Continuous Operations": 110144500000.0,
        "Tax Provision": 35512200000.0,
        "Pretax Income": 145656700000.0,
        "Special Income Charges": 0.0,
        "Gain On Sale Of Security": NaN,
        "Selling General And Administration": 48113300000.0,
        "General And Administrative Expense": 48113300000.0,
        "Salaries And Wages": 48113300000.0,
        "Total Revenue": 357163400000.0,
        "Operating Revenue": 357163400000.0,
        "Other Non Interest Expense": 152453400000.0
    },
    "2023-03-31": {
        "Tax Effect Of Unusual Items": NaN,
        "Tax Rate For Calcs": NaN,
        "Total Unusual Items": NaN,
        "Total Unusual Items Excluding Goodwill": NaN,
        "Net Income From Continuing Operation Net Minority Interest": NaN,
        "Net Interest Income": NaN,
        "Interest Expense": NaN,
        "Interest Income": NaN,
        "Normalized Income": NaN,
        "Net Income From Continuing And Discontinued Operation": NaN,
        "Diluted Average Shares": NaN,
        "Basic Average Shares": NaN,
        "Diluted EPS": NaN,
        "Basic EPS": NaN,
        "Diluted NI Availto Com Stockholders": NaN,
        "Net Income Common Stockholders": NaN,
        "Net Income": NaN,
        "Minority Interests": NaN,
        "Net Income Including Noncontrolling Interests": NaN,
        "Net Income Extraordinary": 0.0,
        "Net Income Continuous Operations": NaN,
        "Tax Provision": NaN,
        "Pretax Income": NaN,
        "Special Income Charges": NaN,
        "Gain On Sale Of Security": NaN,
        "Selling General And Administration": NaN,
        "General And Administrative Expense": NaN,
        "Insurance And Claims": NaN,
        "Salaries And Wages": NaN,
        "Total Revenue": NaN,
        "Operating Revenue": NaN,
        "Other Non Interest Expense": NaN
    },
    "2022-12-31": {
        "Tax Effect Of Unusual Items": NaN,
        "Tax Rate For Calcs": NaN,
        "Total Unusual Items": NaN,
        "Total Unusual Items Excluding Goodwill": NaN,
        "Net Income From Continuing Operation Net Minority Interest": NaN,
        "Net Interest Income": NaN,
        "Interest Expense": NaN,
        "Interest Income": NaN,
        "Normalized Income": NaN,
        "Net Income From Continuing And Discontinued Operation": NaN,
        "Diluted Average Shares": NaN,
        "Basic Average Shares": NaN,
        "Diluted EPS": NaN,
        "Basic EPS": NaN,
        "Diluted NI Availto Com Stockholders": NaN,
        "Net Income Common Stockholders": NaN,
        "Net Income": NaN,
        "Minority Interests": NaN,
        "Net Income Including Noncontrolling Interests": NaN,
        "Net Income Extraordinary": 0.0,
        "Net Income Continuous Operations": NaN,
        "Tax Provision": NaN,
        "Pretax Income": NaN,
        "Special Income Charges": NaN,
        "Gain On Sale Of Security": NaN,
        "Selling General And Administration": NaN,
        "General And Administrative Expense": NaN,
        "Salaries And Wages": NaN,
        "Total Revenue": NaN,
        "Operating Revenue": NaN,
        "Other Non Interest Expense": NaN
    },
    "2022-09-30": {
        "Tax Effect Of Unusual Items": 0.0,
        "Tax Rate For Calcs": 0.250214,
        "Total Unusual Items": NaN,
        "Total Unusual Items Excluding Goodwill": NaN,
        "Net Income From Continuing Operation Net Minority Interest": 80069900000.0,
        "Net Interest Income": 168535200000.0,
        "Interest Expense": 119969700000.0,
        "Interest Income": 288504900000.0,
        "Normalized Income": 80069900000.0,
        "Net Income From Continuing And Discontinued Operation": 80069900000.0,
        "Diluted Average Shares": 3558662222.0,
        "Basic Average Shares": 3481300000.0,
        "Diluted EPS": 22.5,
        "Basic EPS": 23.0,
        "Diluted NI Availto Com Stockholders": 80069900000.0,
        "Net Income Common Stockholders": 80069900000.0,
        "Net Income": 80069900000.0,
        "Minority Interests": -3542200000.0,
        "Net Income Including Noncontrolling Interests": 83612100000.0,
        "Net Income Extraordinary": NaN,
        "Net Income Continuous Operations": 83612100000.0,
        "Tax Provision": 27902500000.0,
        "Pretax Income": 111514600000.0,
        "Special Income Charges": NaN,
        "Selling General And Administration": 36758900000.0,
        "General And Administrative Expense": 36758900000.0,
        "Salaries And Wages": 36758900000.0,
        "Total Revenue": 331812500000.0,
        "Operating Revenue": 331812500000.0
    },
    "2022-06-30": {
        "Tax Effect Of Unusual Items": 0.0,
        "Tax Rate For Calcs": 0.245501,
        "Total Unusual Items": NaN,
        "Total Unusual Items Excluding Goodwill": NaN,
        "Net Income From Continuing Operation Net Minority Interest": 73845300000.0,
        "Net Interest Income": 150695400000.0,
        "Interest Expense": 110890600000.0,
        "Interest Income": 261586000000.0,
        "Normalized Income": 73845300000.0,
        "Net Income From Continuing And Discontinued Operation": 73845300000.0,
        "Diluted Average Shares": 3546844380.0,
        "Basic Average Shares": 3476709040.0,
        "Diluted EPS": 20.82,
        "Basic EPS": 21.24,
        "Diluted NI Availto Com Stockholders": 73845300000.0,
        "Net Income Common Stockholders": 73845300000.0,
        "Net Income": 73845300000.0,
        "Minority Interests": -3136600000.0,
        "Net Income Including Noncontrolling Interests": 76981900000.0,
        "Net Income Extraordinary": NaN,
        "Net Income Continuous Operations": 76981900000.0,
        "Tax Provision": 25048600000.0,
        "Pretax Income": 102030500000.0,
        "Special Income Charges": NaN,
        "Selling General And Administration": 35871800000.0,
        "General And Administrative Expense": 35871800000.0,
        "Salaries And Wages": 35871800000.0,
        "Total Revenue": 281292700000.0,
        "Operating Revenue": 281292700000.0
    },
    "2022-03-31": {
        "Diluted EPS": 0.29,
        "Total Revenue": NaN,
        "Gross Profit": NaN,
        "Operating Income": 770,
        "EBIT": NaN,
        "Net Income": NaN
    },
    "2021-12-31": {
        "Diluted EPS": 0.24,
        "Total Revenue": NaN,
        "Gross Profit": NaN,
        "Operating Income": NaN,
        "EBIT": NaN,
        "Net Income": 824
    },
    "2021-09-30": {
        "Diluted EPS": 0.23,
        "Total Revenue": NaN,
        "Gross Profit": NaN,
        "Operating Income": NaN,
        "EBIT": NaN,
        "Net Income": 822
    },
    "2021-06-30": {
        "Diluted EPS": 0.18,
        "Total Revenue": NaN,
        "Gross Profit": NaN,
        "Operating Income": 908,
        "EBIT": NaN,
        "Net Income": 646
    },
    "2021-03-31": {
        "Diluted EPS": 0.19,
        "Total Revenue": NaN,
        "Gross Profit": NaN,
        "Operating Income": 551,
        "EBIT": NaN,
        "Net Income": 660
    },
    "2020-12-31": {
        "Diluted EPS": 0.21,
        "Total Revenue": NaN,
        "Gross Profit": NaN,
        "Operating Income": NaN,
        "EBIT": NaN,
        "Net Income": 748
    },
    "2020-09-30": {
        "Diluted EPS": 0.2,
        "Total Revenue": NaN,
        "Gross Profit": NaN,
        "Operating Income": 928,
        "EBIT": NaN,
        "Net Income": 659
    },
    "2020-06-30": {
        "Diluted EPS": 0.13,
        "Total Revenue": NaN,
        "Gross Profit": NaN,
        "Operating Income": 610,
        "EBIT": NaN,
        "Net Income": 415
    },
    "2019-09-30": {
        "Diluted EPS": 0.05,
        "Total Revenue": NaN,
        "Gross Profit": NaN,
        "Operating Income": 801,
        "EBIT": NaN,
        "Net Income": 161
    },
    "2019-06-30": {
        "Diluted EPS": 0.11,
        "Total Revenue": NaN,
        "Gross Profit": NaN,
        "Operating Income": 606,
        "EBIT": NaN,
        "Net Income": 362
    },
    "2019-03-31": {
        "Diluted EPS": 0.04,
        "Total Revenue": NaN,
        "Gross Profit": NaN,
        "Operating Income": NaN,
        "EBIT": NaN,
        "Net Income": 140
    },
    "2018-12-31": {
        "Diluted EPS": 0.07,
        "Total Revenue": NaN,
        "Gross Profit": NaN,
        "Operating Income": NaN,
        "EBIT": NaN,
        "Net Income": 230
    },
    "2018-09-30": {
        "Diluted EPS": 0.04,
        "Total Revenue": NaN,
        "Gross Profit": NaN,
        "Operating Income": NaN,
        "EBIT": NaN,
        "Net Income": 125
    },
    "2018-06-30": {
        "Diluted EPS": -0.01,
        "Total Revenue": NaN,
        "Gross Profit": NaN,
        "Operating Income": NaN,
        "EBIT": NaN,
        "Net Income": -17
    },
    "2018-03-31": {
        "Diluted EPS": 0.05,
        "Total Revenue": NaN,
        "Gross Profit": NaN,
        "Operating Income": NaN,
        "EBIT": NaN,
        "Net Income": 159
    },
    "2017-12-31": {
        "Diluted EPS": 0.08,
        "Total Revenue": NaN,
        "Gross Profit": NaN,
        "Operating Income": NaN,
        "EBIT": NaN,
        "Net Income": 255
    },
    "2017-09-30": {
        "Diluted EPS": 0.1,
        "Total Revenue": NaN,
        "Gross Profit": NaN,
        "Operating Income": NaN,
        "EBIT": NaN,
        "Net Income": 315
    },
    "2017-06-30": {
        "Diluted EPS": 0.1,
        "Total Revenue": NaN,
        "Gross Profit": NaN,
        "Operating Income": NaN,
        "EBIT": NaN,
        "Net Income": 317
    },
    "2017-03-31": {
        "Diluted EPS": 0.09,
        "Total Revenue": NaN,
        "Gross Profit": NaN,
        "Operating Income": NaN,
        "EBIT": NaN,
        "Net Income": 302
    },
    "2016-12-31": {
        "Diluted EPS": 0.11,
        "Total Revenue": NaN,
        "Gross Profit": NaN,
        "Operating Income": NaN,
        "EBIT": NaN,
        "Net Income": 362
    },
    "2016-09-30": {
        "Diluted EPS": 0.15,
        "Total Revenue": NaN,
        "Gross Profit": NaN,
        "Operating Income": NaN,
        "EBIT": NaN,
        "Net Income": 463
    },
    "2016-06-30": {
        "Diluted EPS": 0.1,
        "Total Revenue": NaN,
        "Gross Profit": NaN,
        "Operating Income": NaN,
        "EBIT": NaN,
        "Net Income": 334
    },
    "2016-03-31": {
        "Diluted EPS": 0.04,
        "Total Revenue": NaN,
        "Gross Profit": NaN,
        "Operating Income": NaN,
        "EBIT": NaN,
        "Net Income": 104
    },
    "2015-12-31": {
        "Diluted EPS": 0.15,
        "Total Revenue": NaN,
        "Gross Profit": NaN,
        "Operating Income": NaN,
        "EBIT": NaN,
        "Net Income": 456
    },
    "2015-09-30": {
        "Diluted EPS": 0.15,
        "Total Revenue": NaN,
        "Gross Profit": NaN,
        "Operating Income": NaN,
        "EBIT": NaN,
        "Net Income": 462
    },
    "2015-06-30": {
        "Diluted EPS": 0.15,
        "Total Revenue": NaN,
        "Gross Profit": NaN,
        "Operating Income": NaN,
        "EBIT": NaN,
        "Net Income": 468
    },
    "2015-03-31": {
        "Diluted EPS": 0.15,
        "Total Revenue": NaN,
        "Gross Profit": NaN,
        "Operating Income": NaN,
        "EBIT": NaN,
        "Net Income": 461
    },
    "2014-09-30": {
        "Diluted EPS": 0.14,
        "Total Revenue": NaN,
        "Gross Profit": NaN,
        "Operating Income": NaN,
        "EBIT": NaN,
        "Net Income": 439
    },
    "2014-06-30": {
        "Diluted EPS": 0.14,
        "Total Revenue": NaN,
        "Gross Profit": NaN,
        "Operating Income": NaN,
        "EBIT": NaN,
        "Net Income": 441
    },
    "2014-03-31": {
        "Diluted EPS": 0.14,
        "Total Revenue": NaN,
        "Gross Profit": NaN,
        "Operating Income": NaN,
        "EBIT": NaN,
        "Net Income": 437
    },
    "2013-12-31": {
        "Diluted EPS": 0.13,
        "Total Revenue": NaN,
        "Gross Profit": NaN,
        "Operating Income": NaN,
        "EBIT": NaN,
        "Net Income": 410
    },
    "2013-09-30": {
        "Diluted EPS": 0.12,
        "Total Revenue": NaN,
        "Gross Profit": NaN,
        "Operating Income": NaN,
        "EBIT": NaN,
        "Net Income": 376
    },
    "2013-06-30": {
        "Diluted EPS": 0.07,
        "Total Revenue": NaN,
        "Gross Profit": NaN,
        "Operating Income": NaN,
        "EBIT": NaN,
        "Net Income": 463
    },
    "2013-03-31": {
        "Diluted EPS": 0.15,
        "Total Revenue": NaN,
        "Gross Profit": NaN,
        "Operating Income": NaN,
        "EBIT": NaN,
        "Net Income": 459
    },
    "2012-12-31": {
        "Diluted EPS": 0.13,
        "Total Revenue": NaN,
        "Gross Profit": NaN,
        "Operating Income": NaN,
        "EBIT": NaN,
        "Net Income": 409
    },
    "2012-09-30": {
        "Diluted EPS": 0.12,
        "Total Revenue": NaN,
        "Gross Profit": NaN,
        "Operating Income": NaN,
        "EBIT": NaN,
        "Net Income": 370
    },
    "2012-06-30": {
        "Diluted EPS": 0.1,
        "Total Revenue": NaN,
        "Gross Profit": NaN,
        "Operating Income": NaN,
        "EBIT": NaN,
        "Net Income": 327
    },
    "2012-03-31": {
        "Diluted EPS": 0.11,
        "Total Revenue": NaN,
        "Gross Profit": NaN,
        "Operating Income": NaN,
        "EBIT": NaN,
        "Net Income": 356
    },
    "2011-12-31": {
        "Diluted EPS": 0.1,
        "Total Revenue": NaN,
        "Gross Profit": NaN,
        "Operating Income": NaN,
        "EBIT": NaN,
        "Net Income": 325
    },
    "2011-09-30": {
        "Diluted EPS": 0.13,
        "Total Revenue": NaN,
        "Gross Profit": 716,
        "Operating Income": 299,
        "EBIT": NaN,
        "Net Income": 407
    },
    "2011-06-30": {
        "Diluted EPS": 0.1,
        "Total Revenue": NaN,
        "Gross Profit": 826,
        "Operating Income": 426,
        "EBIT": NaN,
        "Net Income": 298
    },
    "2011-03-31": {
        "Diluted EPS": 0.11,
        "Total Revenue": NaN,
        "Gross Profit": NaN,
        "Operating Income": NaN,
        "EBIT": NaN,
        "Net Income": 352
    },
    "2010-12-31": {
        "Diluted EPS": 0.25,
        "Total Revenue": NaN,
        "Gross Profit": 922,
        "Operating Income": 442,
        "EBIT": NaN,
        "Net Income": 321
    },
    "2010-09-30": {
        "Diluted EPS": 0.09,
        "Total Revenue": NaN,
        "Gross Profit": 852,
        "Operating Income": 365,
        "EBIT": NaN,
        "Net Income": 275
    },
    "2010-06-30": {
        "Diluted EPS": 0.07,
        "Total Revenue": NaN,
        "Gross Profit": NaN,
        "Operating Income": NaN,
        "EBIT": NaN,
        "Net Income": 221
    },
    "2010-03-31": {
        "Diluted EPS": 0.07,
        "Total Revenue": 757,
        "Gross Profit": NaN,
        "Operating Income": NaN,
        "EBIT": NaN,
        "Net Income": 224
    },
    "2009-12-31": {
        "Diluted EPS": 0.08,
        "Total Revenue": NaN,
        "Gross Profit": NaN,
        "Operating Income": NaN,
        "EBIT": NaN,
        "Net Income": 237
    },
    "2009-09-30": {
        "Diluted EPS": 0.07,
        "Total Revenue": NaN,
        "Gross Profit": NaN,
        "Operating Income": NaN,
        "EBIT": NaN,
        "Net Income": 216
    },
    "2009-06-30": {
        "Diluted EPS": 0.06,
        "Total Revenue": NaN,
        "Gross Profit": NaN,
        "Operating Income": NaN,
        "EBIT": NaN,
        "Net Income": 183
    },
    "2009-03-31": {
        "Diluted EPS": 0.05,
        "Total Revenue": NaN,
        "Gross Profit": -856,
        "Operating Income": NaN,
        "EBIT": NaN,
        "Net Income": 147
    },
    "2023-09-30": {
        "Tax Effect Of Unusual Items": 0.0,
        "Tax Rate For Calcs": 0.251247,
        "Total Unusual Items": 0.0,
        "Total Unusual Items Excluding Goodwill": 0.0,
        "Net Income From Continuing Operation Net Minority Interest": 108961300000.0,
        "Net Interest Income": 210300700000.0,
        "Interest Expense": 179080100000.0,
        "Interest Income": 389380800000.0,
        "Normalized Income": 108961300000.0,
        "Net Income From Continuing And Discontinued Operation": 108961300000.0,
        "Diluted Average Shares": 3567822528.0,
        "Basic Average Shares": 3499078356.0,
        "Diluted EPS": 30.54,
        "Basic EPS": 31.14,
        "Diluted NI Availto Com Stockholders": 108961300000.0,
        "Net Income Common Stockholders": 108961300000.0,
        "Net Income": 108961300000.0,
        "Minority Interests": -4547300000.0,
        "Net Income Including Noncontrolling Interests": 113508600000.0,
        "Net Income Extraordinary": 0.0,
        "Net Income Continuous Operations": 113508600000.0,
        "Tax Provision": 38088200000.0,
        "Pretax Income": 151596800000.0,
        "Special Income Charges": 0.0,
        "Gain On Sale Of Security": NaN,
        "Selling General And Administration": 165504400000.0,
        "General And Administrative Expense": 165504400000.0,
        "Insurance And Claims": 118882100000.0,
        "Salaries And Wages": 46622300000.0,
        "Total Revenue": 393842500000.0,
        "Operating Revenue": 393842500000.0,
        "Other Non Interest Expense": 73605700000.0
    },
    "2023-12-31": {
        "Tax Effect Of Unusual Items": 0.0,
        "Tax Rate For Calcs": 0.252351,
        "Total Unusual Items": 0.0,
        "Total Unusual Items Excluding Goodwill": 0.0,
        "Net Income From Continuing Operation Net Minority Interest": 110526000000.0,
        "Net Interest Income": 214564700000.0,
        "Interest Expense": 194087600000.0,
        "Interest Income": 408652300000.0,
        "Normalized Income": 110526000000.0,
        "Net Income From Continuing And Discontinued Operation": 110526000000.0,
        "Diluted Average Shares": 3572268908.0,
        "Basic Average Shares": 3504311985.0,
        "Diluted EPS": 30.94,
        "Basic EPS": 31.54,
        "Diluted NI Availto Com Stockholders": 110526000000.0,
        "Net Income Common Stockholders": 110526000000.0,
        "Net Income": 110526000000.0,
        "Minority Interests": -4625500000.0,
        "Net Income Including Noncontrolling Interests": 115151500000.0,
        "Net Income Extraordinary": 0.0,
        "Net Income Continuous Operations": 115151500000.0,
        "Tax Provision": 38866700000.0,
        "Pretax Income": 154018200000.0,
        "Special Income Charges": 0.0,
        "Gain On Sale Of Security": -6270300000.0,
        "Selling General And Administration": 47491900000.0,
        "General And Administrative Expense": 47491900000.0,
        "Insurance And Claims": NaN,
        "Salaries And Wages": 47491900000.0,
        "Total Revenue": 394439700000.0,
        "Operating Revenue": 394439700000.0,
        "Other Non Interest Expense": 191595000000.0
    },
    "2024-03-31": {
        "Tax Effect Of Unusual Items": 36776834.422216,
        "Tax Rate For Calcs": 0.25523,
        "Total Unusual Items": 144093000.0,
        "Total Unusual Items Excluding Goodwill": 144093000.0,
        "Net Income From Continuing Operation Net Minority Interest": 116715235000.0,
        "Net Interest Income": 221829925000.0,
        "Interest Expense": 204237327000.0,
        "Interest Income": 426067252000.0,
        "Normalized Income": 116607918834.42221,
        "Net Income From Continuing And Discontinued Operation": 116715235000.0,
        "Diluted Average Shares": 3575833333.0,
        "Basic Average Shares": 3509176188.0,
        "Diluted EPS": 32.64,
        "Basic EPS": 33.26,
        "Diluted NI Availto Com Stockholders": 116715235000.0,
        "Net Income Common Stockholders": 116715235000.0,
        "Net Income": 116715235000.0,
        "Minority Interests": -5285292000.0,
        "Net Income Including Noncontrolling Interests": 122000503000.0,
        "Net Income Extraordinary": NaN,
        "Net Income Continuous Operations": 122000503000.0,
        "Tax Provision": 41809100000.0,
        "Pretax Income": 163809603000.0,
        "Special Income Charges": 144093000.0,
        "Gain On Sale Of Security": NaN,
        "Selling General And Administration": 228098392000.0,
        "General And Administrative Expense": 161818847000.0,
        "Insurance And Claims": NaN,
        "Salaries And Wages": 49638283000.0,
        "Total Revenue": 460386052000.0,
        "Operating Revenue": 460386052000.0,
        "Other Non Interest Expense": 13682210000.0
    },
    "2024-06-30": {
        "Tax Effect Of Unusual Items": 0.0,
        "Tax Rate For Calcs": 0.258971,
        "Total Unusual Items": 0.0,
        "Total Unusual Items Excluding Goodwill": 0.0,
        "Net Income From Continuing Operation Net Minority Interest": 116958400000.0,
        "Net Interest Income": 234600300000.0,
        "Interest Expense": 211216200000.0,
        "Interest Income": 445816500000.0,
        "Normalized Income": 116958400000.0,
        "Net Income From Continuing And Discontinued Operation": 116958400000.0,
        "Diluted Average Shares": 3583284314.0,
        "Basic Average Shares": 3514375000.0,
        "Diluted EPS": 32.64,
        "Basic EPS": 33.28,
        "Diluted NI Availto Com Stockholders": 116958400000.0,
        "Net Income Common Stockholders": 116958400000.0,
        "Net Income": 116958400000.0,
        "Minority Interests": -7669700000.0,
        "Net Income Including Noncontrolling Interests": 124628100000.0,
        "Net Income Extraordinary": NaN,
        "Net Income Continuous Operations": 124628100000.0,
        "Tax Provision": 43554500000.0,
        "Pretax Income": 168182600000.0,
        "Special Income Charges": 0.0,
        "Gain On Sale Of Security": NaN,
        "Selling General And Administration": 61658500000.0,
        "General And Administrative Expense": 61658500000.0,
        "Insurance And Claims": NaN,
        "Salaries And Wages": 61658500000.0,
        "Total Revenue": 461484400000.0,
        "Operating Revenue": 461484400000.0,
        "Other Non Interest Expense": 219053100000.0
    },
    "2024-09-30": {
        "Tax Effect Of Unusual Items": 0.0,
        "Tax Rate For Calcs": 0.250013,
        "Total Unusual Items": 0.0,
        "Total Unusual Items Excluding Goodwill": 0.0,
        "Net Income From Continuing Operation Net Minority Interest": 129477700000.0,
        "Net Interest Income": 241004800000.0,
        "Interest Expense": 222253000000.0,
        "Interest Income": 463257800000.0,
        "Normalized Income": 129477700000.0,
        "Net Income From Continuing And Discontinued Operation": 129477700000.0,
        "Diluted Average Shares": 3586639889.0,
        "Basic Average Shares": 3520328983.0,
        "Diluted EPS": 36.1,
        "Basic EPS": 36.78,
        "Diluted NI Availto Com Stockholders": 129477700000.0,
        "Net Income Common Stockholders": 129477700000.0,
        "Net Income": 129477700000.0,
        "Minority Interests": -9582200000.0,
        "Net Income Including Noncontrolling Interests": 139059900000.0,
        "Net Income Extraordinary": 0.0,
        "Net Income Continuous Operations": 139059900000.0,
        "Tax Provision": 46356600000.0,
        "Pretax Income": 185416500000.0,
        "Special Income Charges": 0.0,
        "Gain On Sale Of Security": NaN,
        "Selling General And Administration": 233347900000.0,
        "General And Administrative Expense": 233347900000.0,
        "Insurance And Claims": 173416000000.0,
        "Salaries And Wages": 59931900000.0,
        "Total Revenue": 507172500000.0,
        "Operating Revenue": 507172500000.0,
        "Other Non Interest Expense": 75041200000.0
    }
}