{
    "2023-03-31": {
        "Tax Effect Of Unusual Items": NaN,
        "Tax Rate For Calcs": NaN,
        "Normalized EBITDA": NaN,
        "Total Unusual Items": NaN,
        "Total Unusual Items Excluding Goodwill": NaN,
        "Net Income From Continuing Operation Net Minority Interest": NaN,
        "Reconciled Depreciation": NaN,
        "Reconciled Cost Of Revenue": NaN,
        "EBITDA": NaN,
        "EBIT": NaN,
        "Net Interest Income": NaN,
        "Interest Expense": NaN,
        "Interest Income": NaN,
        "Normalized Income": NaN,
        "Net Income From Continuing And Discontinued Operation": NaN,
        "Total Expenses": NaN,
        "Total Operating Income As Reported": NaN,
        "Diluted Average Shares": NaN,
        "Basic Average Shares": NaN,
        "Diluted EPS": NaN,
        "Basic EPS": NaN,
        "Diluted NI Availto Com Stockholders": NaN,
        "Average Dilution Earnings": NaN,
        "Net Income Common Stockholders": NaN,
        "Net Income": NaN,
        "Minority Interests": NaN,
        "Net Income Including Noncontrolling Interests": NaN,
        "Net Income Continuous Operations": NaN,
        "Tax Provision": NaN,
        "Pretax Income": NaN,
        "Other Income Expense": NaN,
        "Other Non Operating Income Expenses": NaN,
        "Securities Amortization": -260000.0,
        "Earnings From Equity Interest": NaN,
        "Gain On Sale Of Security": NaN,
        "Net Non Operating Interest Income Expense": NaN,
        "Total Other Finance Cost": 20000.0,
        "Interest Expense Non Operating": NaN,
        "Interest Income Non Operating": NaN,
        "Operating Income": NaN,
        "Operating Expense": NaN,
        "Research And Development": NaN,
        "Selling General And Administration": NaN,
        "Gross Profit": NaN,
        "Cost Of Revenue": NaN,
        "Total Revenue": NaN,
        "Operating Revenue": NaN
    },
    "2022-12-31": {
        "Tax Effect Of Unusual Items": 1769040.0,
        "Tax Rate For Calcs": 0.21,
        "Normalized EBITDA": -82928000.0,
        "Total Unusual Items": 8424000.0,
        "Total Unusual Items Excluding Goodwill": 8424000.0,
        "Net Income From Continuing Operation Net Minority Interest": -108215000.0,
        "Reconciled Depreciation": 5226000.0,
        "EBITDA": -74504000.0,
        "EBIT": -79730000.0,
        "Net Interest Income": -28047000.0,
        "Interest Expense": 28562000.0,
        "Interest Income": 515000.0,
        "Normalized Income": -114869960.0,
        "Net Income From Continuing And Discontinued Operation": -108215000.0,
        "Total Expenses": 84292000.0,
        "Total Operating Income As Reported": -84900000.0,
        "Diluted Average Shares": NaN,
        "Basic Average Shares": NaN,
        "Diluted EPS": NaN,
        "Basic EPS": NaN,
        "Diluted NI Availto Com Stockholders": -108215000.0,
        "Net Income Common Stockholders": -108215000.0,
        "Net Income": -108215000.0,
        "Minority Interests": 111000.0,
        "Net Income Including Noncontrolling Interests": -108326000.0,
        "Net Income Continuous Operations": -108326000.0,
        "Tax Provision": 34000.0,
        "Pretax Income": -108292000.0,
        "Other Income Expense": 3974000.0,
        "Other Non Operating Income Expenses": -923000.0,
        "Securities Amortization": -27000.0,
        "Earnings From Equity Interest": -3554000.0,
        "Gain On Sale Of Security": 9105000.0,
        "Net Non Operating Interest Income Expense": -28047000.0,
        "Total Other Finance Cost": NaN,
        "Interest Expense Non Operating": 28562000.0,
        "Interest Income Non Operating": 515000.0,
        "Operating Income": -84219000.0,
        "Operating Expense": 84292000.0,
        "Research And Development": 58077000.0,
        "Selling General And Administration": 26215000.0,
        "Total Revenue": 73000.0,
        "Operating Revenue": 73000.0
    },
    "2022-09-30": {
        "Tax Effect Of Unusual Items": NaN,
        "Tax Rate For Calcs": NaN,
        "Normalized EBITDA": NaN,
        "Total Unusual Items": NaN,
        "Total Unusual Items Excluding Goodwill": NaN,
        "Net Income From Continuing Operation Net Minority Interest": NaN,
        "Reconciled Depreciation": NaN,
        "EBITDA": NaN,
        "EBIT": NaN,
        "Net Interest Income": NaN,
        "Interest Expense": NaN,
        "Interest Income": NaN,
        "Normalized Income": NaN,
        "Net Income From Continuing And Discontinued Operation": NaN,
        "Total Expenses": NaN,
        "Total Operating Income As Reported": NaN,
        "Diluted Average Shares": 400059707.0,
        "Basic Average Shares": 400059707.0,
        "Diluted EPS": -0.28,
        "Basic EPS": -0.28,
        "Diluted NI Availto Com Stockholders": NaN,
        "Net Income Common Stockholders": NaN,
        "Net Income": NaN,
        "Minority Interests": NaN,
        "Net Income Including Noncontrolling Interests": NaN,
        "Net Income Continuous Operations": NaN,
        "Tax Provision": NaN,
        "Pretax Income": NaN,
        "Other Income Expense": NaN,
        "Other Non Operating Income Expenses": NaN,
        "Securities Amortization": NaN,
        "Earnings From Equity Interest": NaN,
        "Gain On Sale Of Security": NaN,
        "Net Non Operating Interest Income Expense": NaN,
        "Total Other Finance Cost": NaN,
        "Interest Expense Non Operating": NaN,
        "Interest Income Non Operating": NaN,
        "Operating Income": NaN,
        "Operating Expense": NaN,
        "Research And Development": NaN,
        "Selling General And Administration": NaN,
        "Total Revenue": NaN,
        "Operating Revenue": NaN
    },
    "2022-06-30": {
        "Tax Effect Of Unusual Items": 0.0,
        "Tax Rate For Calcs": 0.0,
        "Normalized EBITDA": -78703000.0,
        "Total Unusual Items": -1990000.0,
        "Total Unusual Items Excluding Goodwill": -1990000.0,
        "Net Income From Continuing Operation Net Minority Interest": -94588000.0,
        "Reconciled Depreciation": 4444000.0,
        "EBITDA": -80693000.0,
        "EBIT": -85137000.0,
        "Net Interest Income": -9054000.0,
        "Interest Expense": 9698000.0,
        "Interest Income": 644000.0,
        "Normalized Income": -92598000.0,
        "Net Income From Continuing And Discontinued Operation": -94588000.0,
        "Total Expenses": 79657000.0,
        "Total Operating Income As Reported": -79622000.0,
        "Diluted Average Shares": 397991630.0,
        "Basic Average Shares": 397991630.0,
        "Diluted EPS": -0.24,
        "Basic EPS": -0.24,
        "Diluted NI Availto Com Stockholders": -94588000.0,
        "Net Income Common Stockholders": -94588000.0,
        "Net Income": -94588000.0,
        "Minority Interests": 247000.0,
        "Net Income Including Noncontrolling Interests": -94835000.0,
        "Net Income Continuous Operations": -94835000.0,
        "Tax Provision": 0.0,
        "Pretax Income": -94835000.0,
        "Other Income Expense": -6159000.0,
        "Other Non Operating Income Expenses": 185000.0,
        "Securities Amortization": 454000.0,
        "Earnings From Equity Interest": -3900000.0,
        "Gain On Sale Of Security": -1990000.0,
        "Net Non Operating Interest Income Expense": -9054000.0,
        "Total Other Finance Cost": NaN,
        "Interest Expense Non Operating": 9698000.0,
        "Interest Income Non Operating": 644000.0,
        "Operating Income": -79622000.0,
        "Operating Expense": 79657000.0,
        "Research And Development": 63082000.0,
        "Selling General And Administration": 16575000.0,
        "Total Revenue": 35000.0,
        "Operating Revenue": 35000.0
    },
    "2022-03-31": {
        "Diluted EPS": -0.26,
        "Total Revenue": 0,
        "Gross Profit": 0,
        "Operating Income": -96,
        "EBIT": -92,
        "Net Income": -103
    },
    "2021-12-31": {
        "Diluted EPS": -0.23,
        "Total Revenue": 0,
        "Gross Profit": 0,
        "Operating Income": -79,
        "EBIT": -76,
        "Net Income": -91
    },
    "2021-09-30": {
        "Diluted EPS": -0.22,
        "Total Revenue": 0,
        "Gross Profit": 0,
        "Operating Income": -79,
        "EBIT": -75,
        "Net Income": -88
    },
    "2021-06-30": {
        "Diluted EPS": -0.23,
        "Total Revenue": 0,
        "Gross Profit": 0,
        "Operating Income": -86,
        "EBIT": -82,
        "Net Income": -88
    },
    "2021-03-31": {
        "Diluted EPS": -0.21,
        "Total Revenue": 0,
        "Gross Profit": 0,
        "Operating Income": -86,
        "EBIT": -83,
        "Net Income": -80
    },
    "2020-12-31": {
        "Diluted EPS": -0.18,
        "Total Revenue": 0,
        "Gross Profit": 0,
        "Operating Income": -67,
        "EBIT": -66,
        "Net Income": -68
    },
    "2020-09-30": {
        "Diluted EPS": -0.17,
        "Total Revenue": 0,
        "Gross Profit": 0,
        "Operating Income": -66,
        "EBIT": -62,
        "Net Income": -66
    },
    "2020-06-30": {
        "Diluted EPS": -0.14,
        "Total Revenue": 0,
        "Gross Profit": 0,
        "Operating Income": -51,
        "EBIT": -47,
        "Net Income": -51
    },
    "2020-03-31": {
        "Diluted EPS": -0.1,
        "Total Revenue": 0,
        "Gross Profit": 0,
        "Operating Income": -37,
        "EBIT": -33,
        "Net Income": -37
    },
    "2019-12-31": {
        "Diluted EPS": 0.12,
        "Total Revenue": 2,
        "Gross Profit": 2,
        "Operating Income": -105,
        "EBIT": -97,
        "Net Income": -108
    },
    "2019-09-30": {
        "Diluted EPS": -0.16,
        "Total Revenue": 0,
        "Gross Profit": 0,
        "Operating Income": -16,
        "EBIT": -14,
        "Net Income": -16
    },
    "2019-06-30": {
        "Diluted EPS": -0.17,
        "Total Revenue": 0,
        "Gross Profit": 0,
        "Operating Income": -17,
        "EBIT": -15,
        "Net Income": -17
    },
    "2019-03-31": {
        "Diluted EPS": -0.22,
        "Total Revenue": 0,
        "Gross Profit": -13,
        "Operating Income": -18,
        "EBIT": -16,
        "Net Income": -18
    },
    "2018-12-31": {
        "Diluted EPS": -0.22,
        "Total Revenue": 0,
        "Gross Profit": 0,
        "Operating Income": -18,
        "EBIT": -15,
        "Net Income": -17
    },
    "2018-09-30": {
        "Diluted EPS": -0.3,
        "Total Revenue": 0,
        "Gross Profit": 0,
        "Operating Income": -24,
        "EBIT": -21,
        "Net Income": -24
    },
    "2018-06-30": {
        "Diluted EPS": -0.35,
        "Total Revenue": 0,
        "Gross Profit": 0,
        "Operating Income": -28,
        "EBIT": -26,
        "Net Income": -28
    },
    "2018-03-31": {
        "Diluted EPS": -0.35,
        "Total Revenue": 0,
        "Gross Profit": 0,
        "Operating Income": -28,
        "EBIT": -27,
        "Net Income": -28
    },
    "2017-12-31": {
        "Diluted EPS": -0.31,
        "Total Revenue": 0,
        "Gross Profit": 0,
        "Operating Income": -25,
        "EBIT": -24,
        "Net Income": -24
    },
    "2017-09-30": {
        "Diluted EPS": -0.3,
        "Total Revenue": 0,
        "Gross Profit": 0,
        "Operating Income": -24,
        "EBIT": -23,
        "Net Income": -24
    },
    "2017-06-30": {
        "Diluted EPS": -0.29,
        "Total Revenue": 0,
        "Gross Profit": 0,
        "Operating Income": -24,
        "EBIT": -22,
        "Net Income": -23
    },
    "2017-03-31": {
        "Diluted EPS": -0.3,
        "Total Revenue": 0,
        "Gross Profit": 0,
        "Operating Income": -25,
        "EBIT": -24,
        "Net Income": -25
    },
    "2016-12-31": {
        "Diluted EPS": -0.29,
        "Total Revenue": 0,
        "Gross Profit": 0,
        "Operating Income": -25,
        "EBIT": -23,
        "Net Income": -24
    },
    "2016-09-30": {
        "Diluted EPS": -0.39,
        "Total Revenue": 0,
        "Gross Profit": 0,
        "Operating Income": -33,
        "EBIT": -31,
        "Net Income": -32
    },
    "2016-06-30": {
        "Diluted EPS": -0.41,
        "Total Revenue": 0,
        "Gross Profit": 0,
        "Operating Income": -35,
        "EBIT": -34,
        "Net Income": -34
    },
    "2016-03-31": {
        "Diluted EPS": -0.38,
        "Total Revenue": 0,
        "Gross Profit": 0,
        "Operating Income": -32,
        "EBIT": -31,
        "Net Income": -31
    },
    "2015-12-31": {
        "Diluted EPS": -0.19,
        "Total Revenue": 0,
        "Gross Profit": 0,
        "Operating Income": -30,
        "EBIT": -29,
        "Net Income": -27
    },
    "2015-09-30": {
        "Diluted EPS": -0.59,
        "Total Revenue": 0,
        "Gross Profit": 0,
        "Operating Income": -46,
        "EBIT": -46,
        "Net Income": -46
    },
    "2015-06-30": {
        "Diluted EPS": -1.99,
        "Total Revenue": 0,
        "Gross Profit": 0,
        "Operating Income": -130,
        "EBIT": -129,
        "Net Income": -131
    },
    "2015-03-31": {
        "Diluted EPS": -0.54,
        "Total Revenue": 0,
        "Gross Profit": 0,
        "Operating Income": -32,
        "EBIT": -32,
        "Net Income": -33
    },
    "2014-12-31": {
        "Diluted EPS": -0.05,
        "Total Revenue": 0,
        "Gross Profit": 0,
        "Operating Income": -3,
        "EBIT": -2,
        "Net Income": -3
    },
    "2014-09-30": {
        "Diluted EPS": -0.11,
        "Total Revenue": 0,
        "Gross Profit": 0,
        "Operating Income": -1,
        "EBIT": -1,
        "Net Income": -1
    },
    "2014-06-30": {
        "Diluted EPS": -0.19,
        "Total Revenue": 0,
        "Gross Profit": 0,
        "Operating Income": -1,
        "EBIT": -1,
        "Net Income": -1
    },
    "2014-03-31": {
        "Diluted EPS": -0.4,
        "Total Revenue": 0,
        "Gross Profit": 0,
        "Operating Income": -1,
        "EBIT": -1,
        "Net Income": -1
    },
    "2013-12-31": {
        "Diluted EPS": 0.0,
        "Total Revenue": NaN,
        "Gross Profit": NaN,
        "Operating Income": NaN,
        "EBIT": NaN,
        "Net Income": NaN
    },
    "2023-06-30": {
        "Tax Effect Of Unusual Items": NaN,
        "Tax Rate For Calcs": NaN,
        "Normalized EBITDA": NaN,
        "Total Unusual Items": NaN,
        "Total Unusual Items Excluding Goodwill": NaN,
        "Net Income From Continuing Operation Net Minority Interest": NaN,
        "Reconciled Depreciation": NaN,
        "Reconciled Cost Of Revenue": 0.0,
        "EBITDA": NaN,
        "EBIT": NaN,
        "Net Interest Income": NaN,
        "Interest Expense": NaN,
        "Interest Income": NaN,
        "Normalized Income": NaN,
        "Net Income From Continuing And Discontinued Operation": NaN,
        "Total Expenses": NaN,
        "Total Operating Income As Reported": NaN,
        "Diluted Average Shares": 437456657.0,
        "Basic Average Shares": 437456657.0,
        "Diluted EPS": -0.32,
        "Basic EPS": -0.32,
        "Diluted NI Availto Com Stockholders": NaN,
        "Average Dilution Earnings": NaN,
        "Net Income Common Stockholders": NaN,
        "Net Income": NaN,
        "Minority Interests": NaN,
        "Net Income Including Noncontrolling Interests": NaN,
        "Net Income Continuous Operations": NaN,
        "Tax Provision": NaN,
        "Pretax Income": NaN,
        "Other Income Expense": NaN,
        "Other Non Operating Income Expenses": NaN,
        "Securities Amortization": 260000.0,
        "Earnings From Equity Interest": NaN,
        "Gain On Sale Of Security": NaN,
        "Net Non Operating Interest Income Expense": NaN,
        "Total Other Finance Cost": NaN,
        "Interest Expense Non Operating": NaN,
        "Interest Income Non Operating": NaN,
        "Operating Income": NaN,
        "Operating Expense": NaN,
        "Research And Development": NaN,
        "Selling General And Administration": NaN,
        "Gross Profit": 41000.0,
        "Cost Of Revenue": 0.0,
        "Total Revenue": NaN,
        "Operating Revenue": NaN
    },
    "2023-09-30": {
        "Tax Effect Of Unusual Items": 0.0,
        "Tax Rate For Calcs": 0.0,
        "Normalized EBITDA": -69774000.0,
        "Total Unusual Items": 13690000.0,
        "Total Unusual Items Excluding Goodwill": 13690000.0,
        "Net Income From Continuing Operation Net Minority Interest": -95582000.0,
        "Reconciled Depreciation": 4537000.0,
        "Reconciled Cost Of Revenue": 0.0,
        "EBITDA": -56084000.0,
        "EBIT": -60621000.0,
        "Net Interest Income": -34411000.0,
        "Interest Expense": 35021000.0,
        "Interest Income": 610000.0,
        "Normalized Income": -109272000.0,
        "Net Income From Continuing And Discontinued Operation": -95582000.0,
        "Total Expenses": 80218000.0,
        "Total Operating Income As Reported": -80136000.0,
        "Diluted Average Shares": 498375000.0,
        "Basic Average Shares": 498375000.0,
        "Diluted EPS": -0.19,
        "Basic EPS": -0.19,
        "Diluted NI Availto Com Stockholders": -95582000.0,
        "Average Dilution Earnings": 0.0,
        "Net Income Common Stockholders": -95582000.0,
        "Net Income": -95582000.0,
        "Minority Interests": 60000.0,
        "Net Income Including Noncontrolling Interests": -95642000.0,
        "Net Income Continuous Operations": -95642000.0,
        "Tax Provision": 0.0,
        "Pretax Income": -95642000.0,
        "Other Income Expense": 18905000.0,
        "Other Non Operating Income Expenses": 6470000.0,
        "Securities Amortization": 0.0,
        "Earnings From Equity Interest": -1255000.0,
        "Gain On Sale Of Security": 13690000.0,
        "Net Non Operating Interest Income Expense": -34411000.0,
        "Total Other Finance Cost": NaN,
        "Interest Expense Non Operating": 35021000.0,
        "Interest Income Non Operating": 610000.0,
        "Operating Income": -80136000.0,
        "Operating Expense": 80218000.0,
        "Research And Development": 48402000.0,
        "Selling General And Administration": 31816000.0,
        "Gross Profit": 82000.0,
        "Cost Of Revenue": 0.0,
        "Total Revenue": 82000.0,
        "Operating Revenue": 0.0
    },
    "2023-12-31": {
        "Tax Effect Of Unusual Items": -13566.527025,
        "Tax Rate For Calcs": 0.000171,
        "Normalized EBITDA": -117585000.0,
        "Total Unusual Items": -79179000.0,
        "Total Unusual Items Excluding Goodwill": -79179000.0,
        "Net Income From Continuing Operation Net Minority Interest": -233392000.0,
        "Reconciled Depreciation": 4564000.0,
        "Reconciled Cost Of Revenue": NaN,
        "EBITDA": -196764000.0,
        "EBIT": -201328000.0,
        "Net Interest Income": -32749000.0,
        "Interest Expense": 32126000.0,
        "Interest Income": -623000.0,
        "Normalized Income": -154226566.527025,
        "Net Income From Continuing And Discontinued Operation": -233392000.0,
        "Total Expenses": 84642000.0,
        "Total Operating Income As Reported": -85389000.0,
        "Diluted Average Shares": NaN,
        "Basic Average Shares": NaN,
        "Diluted EPS": NaN,
        "Basic EPS": NaN,
        "Diluted NI Availto Com Stockholders": -233392000.0,
        "Average Dilution Earnings": NaN,
        "Net Income Common Stockholders": -233392000.0,
        "Net Income": -233392000.0,
        "Minority Interests": 22000.0,
        "Net Income Including Noncontrolling Interests": -233414000.0,
        "Net Income Continuous Operations": -233414000.0,
        "Tax Provision": -40000.0,
        "Pretax Income": -233454000.0,
        "Other Income Expense": -116202000.0,
        "Other Non Operating Income Expenses": -37023000.0,
        "Securities Amortization": -1844000.0,
        "Earnings From Equity Interest": 0.0,
        "Gain On Sale Of Security": -78293000.0,
        "Net Non Operating Interest Income Expense": -32749000.0,
        "Total Other Finance Cost": NaN,
        "Interest Expense Non Operating": 32126000.0,
        "Interest Income Non Operating": -623000.0,
        "Operating Income": -84503000.0,
        "Operating Expense": 84642000.0,
        "Research And Development": 51532000.0,
        "Selling General And Administration": 33110000.0,
        "Gross Profit": NaN,
        "Cost Of Revenue": NaN,
        "Total Revenue": 139000.0,
        "Operating Revenue": 139000.0
    },
    "2024-03-31": {
        "Tax Effect Of Unusual Items": 0.0,
        "Tax Rate For Calcs": 0.0,
        "Normalized EBITDA": -90501000.0,
        "Total Unusual Items": -1587000.0,
        "Total Unusual Items Excluding Goodwill": -1587000.0,
        "Net Income From Continuing Operation Net Minority Interest": -134109000.0,
        "Reconciled Depreciation": 4555000.0,
        "Reconciled Cost Of Revenue": NaN,
        "EBITDA": -92088000.0,
        "EBIT": -96643000.0,
        "Net Interest Income": -37327000.0,
        "Interest Expense": 37487000.0,
        "Interest Income": 160000.0,
        "Normalized Income": -132522000.0,
        "Net Income From Continuing And Discontinued Operation": -134109000.0,
        "Total Expenses": 95236000.0,
        "Total Operating Income As Reported": -95196000.0,
        "Diluted Average Shares": 672831258.0,
        "Basic Average Shares": 672831258.0,
        "Diluted EPS": -0.2,
        "Basic EPS": -0.2,
        "Diluted NI Availto Com Stockholders": -134109000.0,
        "Average Dilution Earnings": NaN,
        "Net Income Common Stockholders": -134109000.0,
        "Net Income": -134109000.0,
        "Minority Interests": 21000.0,
        "Net Income Including Noncontrolling Interests": -134130000.0,
        "Net Income Continuous Operations": -134130000.0,
        "Tax Provision": 0.0,
        "Pretax Income": -134130000.0,
        "Other Income Expense": -1607000.0,
        "Other Non Operating Income Expenses": -20000.0,
        "Securities Amortization": -2263000.0,
        "Earnings From Equity Interest": 0.0,
        "Gain On Sale Of Security": -1587000.0,
        "Net Non Operating Interest Income Expense": -37327000.0,
        "Total Other Finance Cost": NaN,
        "Interest Expense Non Operating": 37487000.0,
        "Interest Income Non Operating": 160000.0,
        "Operating Income": -95196000.0,
        "Operating Expense": 95236000.0,
        "Research And Development": 53351000.0,
        "Selling General And Administration": 41885000.0,
        "Gross Profit": NaN,
        "Cost Of Revenue": NaN,
        "Total Revenue": 40000.0,
        "Operating Revenue": 40000.0
    },
    "2024-06-30": {
        "Tax Effect Of Unusual Items": 0.0,
        "Tax Rate For Calcs": 0.0,
        "Normalized EBITDA": -94111000.0,
        "Total Unusual Items": 2952000.0,
        "Total Unusual Items Excluding Goodwill": 2952000.0,
        "Net Income From Continuing Operation Net Minority Interest": -134564000.0,
        "Reconciled Depreciation": 4406000.0,
        "Reconciled Cost Of Revenue": 0.0,
        "EBITDA": -91159000.0,
        "EBIT": -95565000.0,
        "Net Interest Income": -38186000.0,
        "Interest Expense": 39019000.0,
        "Interest Income": 833000.0,
        "Normalized Income": -137516000.0,
        "Net Income From Continuing And Discontinued Operation": -134564000.0,
        "Total Expenses": 100380000.0,
        "Total Operating Income As Reported": -99333000.0,
        "Diluted Average Shares": 686938120.0,
        "Basic Average Shares": 686938120.0,
        "Diluted EPS": -0.2,
        "Basic EPS": -0.2,
        "Diluted NI Availto Com Stockholders": -134564000.0,
        "Average Dilution Earnings": NaN,
        "Net Income Common Stockholders": -134564000.0,
        "Net Income": -134564000.0,
        "Minority Interests": 20000.0,
        "Net Income Including Noncontrolling Interests": -134584000.0,
        "Net Income Continuous Operations": -134584000.0,
        "Tax Provision": 0.0,
        "Pretax Income": -134584000.0,
        "Other Income Expense": 2935000.0,
        "Other Non Operating Income Expenses": -17000.0,
        "Securities Amortization": NaN,
        "Earnings From Equity Interest": 0.0,
        "Gain On Sale Of Security": 2952000.0,
        "Net Non Operating Interest Income Expense": -38186000.0,
        "Total Other Finance Cost": NaN,
        "Interest Expense Non Operating": 39019000.0,
        "Interest Income Non Operating": 833000.0,
        "Operating Income": -99333000.0,
        "Operating Expense": 100380000.0,
        "Research And Development": 51129000.0,
        "Selling General And Administration": 49251000.0,
        "Gross Profit": 1047000.0,
        "Cost Of Revenue": 0.0,
        "Total Revenue": 1047000.0,
        "Operating Revenue": 990000.0
    },
    "2024-09-30": {
        "Tax Effect Of Unusual Items": 0.0,
        "Tax Rate For Calcs": 0.0,
        "Normalized EBITDA": -75164000.0,
        "Total Unusual Items": 34098000.0,
        "Total Unusual Items Excluding Goodwill": 34098000.0,
        "Net Income From Continuing Operation Net Minority Interest": -85729000.0,
        "Reconciled Depreciation": 4439000.0,
        "Reconciled Cost Of Revenue": 0.0,
        "EBITDA": -41066000.0,
        "EBIT": -45505000.0,
        "Net Interest Income": -39609000.0,
        "Interest Expense": 40247000.0,
        "Interest Income": 638000.0,
        "Normalized Income": -119827000.0,
        "Net Income From Continuing And Discontinued Operation": -85729000.0,
        "Total Expenses": 86359000.0,
        "Total Operating Income As Reported": -80253000.0,
        "Diluted Average Shares": 697961000.0,
        "Basic Average Shares": 695895000.0,
        "Diluted EPS": -0.12,
        "Basic EPS": -0.12,
        "Diluted NI Availto Com Stockholders": -100234000.0,
        "Average Dilution Earnings": -14505000.0,
        "Net Income Common Stockholders": -85729000.0,
        "Net Income": -85729000.0,
        "Minority Interests": 23000.0,
        "Net Income Including Noncontrolling Interests": -85752000.0,
        "Net Income Continuous Operations": -85752000.0,
        "Tax Provision": 0.0,
        "Pretax Income": -85752000.0,
        "Other Income Expense": 34110000.0,
        "Other Non Operating Income Expenses": 12000.0,
        "Securities Amortization": NaN,
        "Earnings From Equity Interest": 0.0,
        "Gain On Sale Of Security": 34098000.0,
        "Net Non Operating Interest Income Expense": -39609000.0,
        "Total Other Finance Cost": NaN,
        "Interest Expense Non Operating": 40247000.0,
        "Interest Income Non Operating": 638000.0,
        "Operating Income": -80253000.0,
        "Operating Expense": 86359000.0,
        "Research And Development": 50443000.0,
        "Selling General And Administration": 35916000.0,
        "Gross Profit": 6106000.0,
        "Cost Of Revenue": 0.0,
        "Total Revenue": 6106000.0,
        "Operating Revenue": 5954000.0
    }
}