{
    "2023-03-31": {
        "Tax Effect Of Unusual Items": 0.0,
        "Tax Rate For Calcs": 0.21,
        "Normalized EBITDA": -2962000.0,
        "Total Unusual Items": NaN,
        "Total Unusual Items Excluding Goodwill": NaN,
        "Net Income From Continuing Operation Net Minority Interest": -3091000.0,
        "Reconciled Depreciation": 124000.0,
        "Reconciled Cost Of Revenue": 721000.0,
        "EBITDA": -2962000.0,
        "EBIT": -3086000.0,
        "Net Interest Income": 151000.0,
        "Interest Expense": 0.0,
        "Interest Income": 151000.0,
        "Normalized Income": -3091000.0,
        "Net Income From Continuing And Discontinued Operation": -3778000.0,
        "Total Expenses": 7574000.0,
        "Total Operating Income As Reported": -3240000.0,
        "Diluted Average Shares": 25261000.0,
        "Basic Average Shares": 25261000.0,
        "Diluted EPS": -0.15,
        "Basic EPS": -0.15,
        "Diluted NI Availto Com Stockholders": -3778000.0,
        "Net Income Common Stockholders": -3778000.0,
        "Net Income": -3778000.0,
        "Net Income Including Noncontrolling Interests": -3778000.0,
        "Net Income Discontinuous Operations": -687000.0,
        "Net Income Continuous Operations": -3091000.0,
        "Tax Provision": 5000.0,
        "Pretax Income": -3086000.0,
        "Other Income Expense": 3000.0,
        "Other Non Operating Income Expenses": 3000.0,
        "Special Income Charges": NaN,
        "Net Non Operating Interest Income Expense": 151000.0,
        "Interest Expense Non Operating": 0.0,
        "Interest Income Non Operating": 151000.0,
        "Operating Income": -3240000.0,
        "Operating Expense": 6783000.0,
        "Depreciation Amortization Depletion Income Statement": 54000.0,
        "Depreciation And Amortization In Income Statement": 54000.0,
        "Research And Development": 1516000.0,
        "Selling General And Administration": 5213000.0,
        "Selling And Marketing Expense": 2360000.0,
        "General And Administrative Expense": 2853000.0,
        "Other Gand A": 2853000.0,
        "Gross Profit": 3543000.0,
        "Cost Of Revenue": 791000.0,
        "Total Revenue": 4334000.0,
        "Operating Revenue": 4334000.0
    },
    "2022-12-31": {
        "Tax Effect Of Unusual Items": NaN,
        "Tax Rate For Calcs": NaN,
        "Normalized EBITDA": NaN,
        "Total Unusual Items": 0.0,
        "Total Unusual Items Excluding Goodwill": 0.0,
        "Net Income From Continuing Operation Net Minority Interest": NaN,
        "Reconciled Depreciation": NaN,
        "Reconciled Cost Of Revenue": NaN,
        "EBITDA": NaN,
        "EBIT": NaN,
        "Net Interest Income": NaN,
        "Interest Expense": NaN,
        "Interest Income": NaN,
        "Normalized Income": NaN,
        "Net Income From Continuing And Discontinued Operation": NaN,
        "Total Expenses": NaN,
        "Total Operating Income As Reported": NaN,
        "Diluted Average Shares": NaN,
        "Basic Average Shares": NaN,
        "Diluted EPS": NaN,
        "Basic EPS": NaN,
        "Diluted NI Availto Com Stockholders": NaN,
        "Net Income Common Stockholders": NaN,
        "Net Income": NaN,
        "Net Income Including Noncontrolling Interests": NaN,
        "Net Income Discontinuous Operations": NaN,
        "Net Income Continuous Operations": NaN,
        "Tax Provision": NaN,
        "Pretax Income": NaN,
        "Other Income Expense": NaN,
        "Other Non Operating Income Expenses": NaN,
        "Special Income Charges": 0.0,
        "Net Non Operating Interest Income Expense": NaN,
        "Interest Expense Non Operating": NaN,
        "Interest Income Non Operating": NaN,
        "Operating Income": NaN,
        "Operating Expense": NaN,
        "Depreciation Amortization Depletion Income Statement": NaN,
        "Depreciation And Amortization In Income Statement": NaN,
        "Research And Development": NaN,
        "Selling General And Administration": NaN,
        "Selling And Marketing Expense": NaN,
        "General And Administrative Expense": NaN,
        "Other Gand A": NaN,
        "Gross Profit": NaN,
        "Cost Of Revenue": NaN,
        "Total Revenue": NaN,
        "Operating Revenue": NaN
    },
    "2022-09-30": {
        "Tax Effect Of Unusual Items": NaN,
        "Tax Rate For Calcs": NaN,
        "Normalized EBITDA": NaN,
        "Total Unusual Items": 0.0,
        "Total Unusual Items Excluding Goodwill": 0.0,
        "Net Income From Continuing Operation Net Minority Interest": NaN,
        "Reconciled Depreciation": NaN,
        "Reconciled Cost Of Revenue": NaN,
        "EBITDA": NaN,
        "EBIT": NaN,
        "Net Interest Income": NaN,
        "Interest Expense": NaN,
        "Interest Income": NaN,
        "Normalized Income": NaN,
        "Net Income From Continuing And Discontinued Operation": NaN,
        "Total Expenses": NaN,
        "Total Operating Income As Reported": NaN,
        "Diluted Average Shares": NaN,
        "Basic Average Shares": NaN,
        "Diluted EPS": NaN,
        "Basic EPS": NaN,
        "Diluted NI Availto Com Stockholders": NaN,
        "Net Income Common Stockholders": NaN,
        "Net Income": NaN,
        "Net Income Including Noncontrolling Interests": NaN,
        "Net Income Discontinuous Operations": -795000.0,
        "Net Income Continuous Operations": NaN,
        "Tax Provision": NaN,
        "Pretax Income": NaN,
        "Other Income Expense": NaN,
        "Other Non Operating Income Expenses": NaN,
        "Special Income Charges": 0.0,
        "Net Non Operating Interest Income Expense": NaN,
        "Interest Expense Non Operating": NaN,
        "Interest Income Non Operating": NaN,
        "Operating Income": NaN,
        "Operating Expense": NaN,
        "Depreciation Amortization Depletion Income Statement": NaN,
        "Depreciation And Amortization In Income Statement": NaN,
        "Research And Development": NaN,
        "Selling General And Administration": NaN,
        "Selling And Marketing Expense": NaN,
        "General And Administrative Expense": NaN,
        "Other Gand A": NaN,
        "Gross Profit": NaN,
        "Cost Of Revenue": NaN,
        "Total Revenue": NaN,
        "Operating Revenue": NaN
    },
    "2022-06-30": {
        "Tax Effect Of Unusual Items": 0.0,
        "Tax Rate For Calcs": 0.0,
        "Normalized EBITDA": -3057000.0,
        "Total Unusual Items": 0.0,
        "Total Unusual Items Excluding Goodwill": 0.0,
        "Net Income From Continuing Operation Net Minority Interest": -3118000.0,
        "Reconciled Depreciation": 61000.0,
        "Reconciled Cost Of Revenue": 2084000.0,
        "EBITDA": -3057000.0,
        "EBIT": -3118000.0,
        "Net Interest Income": 14000.0,
        "Interest Expense": 0.0,
        "Interest Income": 14000.0,
        "Normalized Income": -3118000.0,
        "Net Income From Continuing And Discontinued Operation": -3118000.0,
        "Total Expenses": 10689000.0,
        "Total Operating Income As Reported": -3114000.0,
        "Diluted Average Shares": 25185000.0,
        "Basic Average Shares": 25185000.0,
        "Diluted EPS": -0.12,
        "Basic EPS": -0.12,
        "Diluted NI Availto Com Stockholders": -3118000.0,
        "Net Income Common Stockholders": -3118000.0,
        "Net Income": -3118000.0,
        "Net Income Including Noncontrolling Interests": -3118000.0,
        "Net Income Continuous Operations": -3118000.0,
        "Tax Provision": 0.0,
        "Pretax Income": -3118000.0,
        "Other Income Expense": -18000.0,
        "Other Non Operating Income Expenses": -18000.0,
        "Special Income Charges": 0.0,
        "Net Non Operating Interest Income Expense": 14000.0,
        "Interest Expense Non Operating": 0.0,
        "Interest Income Non Operating": 14000.0,
        "Operating Income": -3114000.0,
        "Operating Expense": 8605000.0,
        "Depreciation Amortization Depletion Income Statement": 61000.0,
        "Depreciation And Amortization In Income Statement": 61000.0,
        "Research And Development": 2367000.0,
        "Selling General And Administration": 6177000.0,
        "Selling And Marketing Expense": 3435000.0,
        "General And Administrative Expense": 2742000.0,
        "Other Gand A": 2742000.0,
        "Gross Profit": 5491000.0,
        "Cost Of Revenue": 2084000.0,
        "Total Revenue": 7575000.0,
        "Operating Revenue": 7575000.0
    },
    "2022-03-31": {
        "Diluted EPS": -0.14,
        "Total Revenue": 8,
        "Gross Profit": 5,
        "Operating Income": -4,
        "EBIT": -3,
        "Net Income": -4
    },
    "2021-12-31": {
        "Diluted EPS": -0.16,
        "Total Revenue": 8,
        "Gross Profit": 6,
        "Operating Income": -4,
        "EBIT": -4,
        "Net Income": -4
    },
    "2021-09-30": {
        "Diluted EPS": -0.09,
        "Total Revenue": 9,
        "Gross Profit": 7,
        "Operating Income": -2,
        "EBIT": -2,
        "Net Income": -2
    },
    "2021-06-30": {
        "Diluted EPS": -0.13,
        "Total Revenue": 8,
        "Gross Profit": 6,
        "Operating Income": -3,
        "EBIT": -3,
        "Net Income": -3
    },
    "2021-03-31": {
        "Diluted EPS": -0.07,
        "Total Revenue": 9,
        "Gross Profit": 6,
        "Operating Income": -2,
        "EBIT": -1,
        "Net Income": -2
    },
    "2020-12-31": {
        "Diluted EPS": -0.02,
        "Total Revenue": 10,
        "Gross Profit": 7,
        "Operating Income": -1,
        "EBIT": -1,
        "Net Income": -2
    },
    "2020-09-30": {
        "Diluted EPS": -0.08,
        "Total Revenue": 7,
        "Gross Profit": 5,
        "Operating Income": -2,
        "EBIT": -2,
        "Net Income": -2
    },
    "2020-06-30": {
        "Diluted EPS": -0.11,
        "Total Revenue": 6,
        "Gross Profit": 4,
        "Operating Income": -2,
        "EBIT": -2,
        "Net Income": -2
    },
    "2020-03-31": {
        "Diluted EPS": -0.59,
        "Total Revenue": 7,
        "Gross Profit": 5,
        "Operating Income": -4,
        "EBIT": -4,
        "Net Income": -12
    },
    "2019-12-31": {
        "Diluted EPS": -0.17,
        "Total Revenue": 9,
        "Gross Profit": 7,
        "Operating Income": -2,
        "EBIT": -2,
        "Net Income": -3
    },
    "2019-09-30": {
        "Diluted EPS": -0.15,
        "Total Revenue": 8,
        "Gross Profit": 6,
        "Operating Income": -2,
        "EBIT": -2,
        "Net Income": -3
    },
    "2019-06-30": {
        "Diluted EPS": -0.2,
        "Total Revenue": 7,
        "Gross Profit": 6,
        "Operating Income": -1,
        "EBIT": -1,
        "Net Income": -4
    },
    "2019-03-31": {
        "Diluted EPS": -0.22,
        "Total Revenue": 7,
        "Gross Profit": 5,
        "Operating Income": -1,
        "EBIT": -1,
        "Net Income": -4
    },
    "2018-12-31": {
        "Diluted EPS": -0.2,
        "Total Revenue": 7,
        "Gross Profit": 5,
        "Operating Income": -3,
        "EBIT": -3,
        "Net Income": -3
    },
    "2018-09-30": {
        "Diluted EPS": -0.08,
        "Total Revenue": 6,
        "Gross Profit": 5,
        "Operating Income": -1,
        "EBIT": -1,
        "Net Income": -1
    },
    "2018-06-30": {
        "Diluted EPS": -0.06,
        "Total Revenue": 6,
        "Gross Profit": 5,
        "Operating Income": -1,
        "EBIT": -1,
        "Net Income": -1
    },
    "2018-03-31": {
        "Diluted EPS": -0.2,
        "Total Revenue": 6,
        "Gross Profit": 4,
        "Operating Income": -3,
        "EBIT": -3,
        "Net Income": -3
    },
    "2017-12-31": {
        "Diluted EPS": -0.26,
        "Total Revenue": 8,
        "Gross Profit": 4,
        "Operating Income": -4,
        "EBIT": -4,
        "Net Income": -4
    },
    "2017-09-30": {
        "Diluted EPS": -0.42,
        "Total Revenue": 7,
        "Gross Profit": 5,
        "Operating Income": -7,
        "EBIT": -7,
        "Net Income": -7
    },
    "2017-06-30": {
        "Diluted EPS": -0.16,
        "Total Revenue": 6,
        "Gross Profit": 5,
        "Operating Income": -3,
        "EBIT": -2,
        "Net Income": -3
    },
    "2017-03-31": {
        "Diluted EPS": -0.03,
        "Total Revenue": 7,
        "Gross Profit": 5,
        "Operating Income": 0,
        "EBIT": 0,
        "Net Income": 0
    },
    "2016-12-31": {
        "Diluted EPS": -0.2,
        "Total Revenue": 7,
        "Gross Profit": 5,
        "Operating Income": -3,
        "EBIT": -3,
        "Net Income": -3
    },
    "2016-09-30": {
        "Diluted EPS": -0.17,
        "Total Revenue": 6,
        "Gross Profit": 4,
        "Operating Income": -3,
        "EBIT": -2,
        "Net Income": -3
    },
    "2016-06-30": {
        "Diluted EPS": -0.1,
        "Total Revenue": 7,
        "Gross Profit": 6,
        "Operating Income": -2,
        "EBIT": -1,
        "Net Income": -2
    },
    "2016-03-31": {
        "Diluted EPS": -0.16,
        "Total Revenue": 6,
        "Gross Profit": 4,
        "Operating Income": -2,
        "EBIT": -2,
        "Net Income": -3
    },
    "2015-12-31": {
        "Diluted EPS": -0.15,
        "Total Revenue": 8,
        "Gross Profit": 5,
        "Operating Income": -2,
        "EBIT": -2,
        "Net Income": -2
    },
    "2015-09-30": {
        "Diluted EPS": -0.03,
        "Total Revenue": 10,
        "Gross Profit": 7,
        "Operating Income": 0,
        "EBIT": 0,
        "Net Income": 0
    },
    "2015-06-30": {
        "Diluted EPS": -1.77,
        "Total Revenue": 11,
        "Gross Profit": 8,
        "Operating Income": -28,
        "EBIT": -27,
        "Net Income": -28
    },
    "2015-03-31": {
        "Diluted EPS": -0.12,
        "Total Revenue": 13,
        "Gross Profit": 9,
        "Operating Income": 0,
        "EBIT": 2,
        "Net Income": -2
    },
    "2014-12-31": {
        "Diluted EPS": 0.0,
        "Total Revenue": 13,
        "Gross Profit": 9,
        "Operating Income": 1,
        "EBIT": 2,
        "Net Income": 0
    },
    "2014-09-30": {
        "Diluted EPS": 0.02,
        "Total Revenue": 13,
        "Gross Profit": 9,
        "Operating Income": 1,
        "EBIT": 2,
        "Net Income": 0
    },
    "2014-06-30": {
        "Diluted EPS": -0.07,
        "Total Revenue": 10,
        "Gross Profit": 7,
        "Operating Income": 0,
        "EBIT": 1,
        "Net Income": -1
    },
    "2014-03-31": {
        "Diluted EPS": -0.02,
        "Total Revenue": 9,
        "Gross Profit": 6,
        "Operating Income": 0,
        "EBIT": 0,
        "Net Income": 0
    },
    "2013-12-31": {
        "Diluted EPS": -0.41,
        "Total Revenue": 9,
        "Gross Profit": 6,
        "Operating Income": -1,
        "EBIT": 0,
        "Net Income": -4
    },
    "2013-09-30": {
        "Diluted EPS": -0.05,
        "Total Revenue": 8,
        "Gross Profit": 6,
        "Operating Income": 0,
        "EBIT": 0,
        "Net Income": -1
    },
    "2013-06-30": {
        "Diluted EPS": -0.17,
        "Total Revenue": 8,
        "Gross Profit": 5,
        "Operating Income": 0,
        "EBIT": 0,
        "Net Income": -2
    },
    "2013-03-31": {
        "Diluted EPS": -0.07,
        "Total Revenue": 8,
        "Gross Profit": 6,
        "Operating Income": 0,
        "EBIT": 0,
        "Net Income": -1
    },
    "2012-12-31": {
        "Diluted EPS": -0.25,
        "Total Revenue": 8,
        "Gross Profit": 6,
        "Operating Income": -1,
        "EBIT": 0,
        "Net Income": -3
    },
    "2012-09-30": {
        "Diluted EPS": -0.14,
        "Total Revenue": 8,
        "Gross Profit": 6,
        "Operating Income": -1,
        "EBIT": 0,
        "Net Income": -1
    },
    "2012-06-30": {
        "Diluted EPS": -0.27,
        "Total Revenue": 6,
        "Gross Profit": 4,
        "Operating Income": -2,
        "EBIT": -1,
        "Net Income": -3
    },
    "2012-03-31": {
        "Diluted EPS": -0.21,
        "Total Revenue": 6,
        "Gross Profit": 4,
        "Operating Income": -2,
        "EBIT": -1,
        "Net Income": -2
    },
    "2011-12-31": {
        "Diluted EPS": -0.21,
        "Total Revenue": 7,
        "Gross Profit": 5,
        "Operating Income": -2,
        "EBIT": -1,
        "Net Income": -2
    },
    "2011-09-30": {
        "Diluted EPS": -2.34,
        "Total Revenue": 8,
        "Gross Profit": 6,
        "Operating Income": -26,
        "EBIT": -25,
        "Net Income": -26
    },
    "2011-06-30": {
        "Diluted EPS": -0.5,
        "Total Revenue": 7,
        "Gross Profit": 5,
        "Operating Income": -5,
        "EBIT": -5,
        "Net Income": -5
    },
    "2011-03-31": {
        "Diluted EPS": -0.4,
        "Total Revenue": 7,
        "Gross Profit": 5,
        "Operating Income": -4,
        "EBIT": -3,
        "Net Income": -4
    },
    "2010-12-31": {
        "Diluted EPS": -0.28,
        "Total Revenue": 6,
        "Gross Profit": 5,
        "Operating Income": -3,
        "EBIT": -2,
        "Net Income": -3
    },
    "2010-09-30": {
        "Diluted EPS": -0.15,
        "Total Revenue": 6,
        "Gross Profit": 4,
        "Operating Income": -1,
        "EBIT": -1,
        "Net Income": -1
    },
    "2010-06-30": {
        "Diluted EPS": -0.1,
        "Total Revenue": 6,
        "Gross Profit": 5,
        "Operating Income": -1,
        "EBIT": -1,
        "Net Income": -1
    },
    "2010-03-31": {
        "Diluted EPS": -0.15,
        "Total Revenue": 7,
        "Gross Profit": 5,
        "Operating Income": -1,
        "EBIT": -1,
        "Net Income": -1
    },
    "2009-12-31": {
        "Diluted EPS": 0.05,
        "Total Revenue": 8,
        "Gross Profit": 5,
        "Operating Income": 0,
        "EBIT": 1,
        "Net Income": 0
    },
    "2009-09-30": {
        "Diluted EPS": 0.0,
        "Total Revenue": 7,
        "Gross Profit": 6,
        "Operating Income": 0,
        "EBIT": 1,
        "Net Income": 0
    },
    "2009-06-30": {
        "Diluted EPS": -0.15,
        "Total Revenue": 6,
        "Gross Profit": 5,
        "Operating Income": -1,
        "EBIT": -1,
        "Net Income": -1
    },
    "2009-03-31": {
        "Diluted EPS": -0.1,
        "Total Revenue": 7,
        "Gross Profit": 6,
        "Operating Income": -1,
        "EBIT": -1,
        "Net Income": -1
    },
    "2023-06-30": {
        "Tax Effect Of Unusual Items": 0.0,
        "Tax Rate For Calcs": 0.21,
        "Normalized EBITDA": -2226000.0,
        "Net Income From Continuing Operation Net Minority Interest": -2340000.0,
        "Reconciled Depreciation": 108000.0,
        "Reconciled Cost Of Revenue": 740000.0,
        "EBITDA": -2226000.0,
        "EBIT": -2334000.0,
        "Net Interest Income": 180000.0,
        "Interest Expense": 2000.0,
        "Interest Income": 182000.0,
        "Normalized Income": -2340000.0,
        "Net Income From Continuing And Discontinued Operation": -1750000.0,
        "Total Expenses": 6684000.0,
        "Total Operating Income As Reported": -2513000.0,
        "Diluted Average Shares": 25261000.0,
        "Basic Average Shares": 25261000.0,
        "Diluted EPS": -0.07,
        "Basic EPS": -0.07,
        "Diluted NI Availto Com Stockholders": -1750000.0,
        "Net Income Common Stockholders": -1750000.0,
        "Net Income": -1750000.0,
        "Net Income Including Noncontrolling Interests": -1750000.0,
        "Net Income Discontinuous Operations": 590000.0,
        "Net Income Continuous Operations": -2340000.0,
        "Tax Provision": 4000.0,
        "Pretax Income": -2336000.0,
        "Other Income Expense": -3000.0,
        "Other Non Operating Income Expenses": -3000.0,
        "Net Non Operating Interest Income Expense": 180000.0,
        "Interest Expense Non Operating": 2000.0,
        "Interest Income Non Operating": 182000.0,
        "Operating Income": -2513000.0,
        "Operating Expense": 5911000.0,
        "Depreciation Amortization Depletion Income Statement": 75000.0,
        "Depreciation And Amortization In Income Statement": 75000.0,
        "Research And Development": 1245000.0,
        "Selling General And Administration": 4591000.0,
        "Selling And Marketing Expense": 1836000.0,
        "General And Administrative Expense": 2755000.0,
        "Other Gand A": 2755000.0,
        "Gross Profit": 3398000.0,
        "Cost Of Revenue": 773000.0,
        "Total Revenue": 4171000.0,
        "Operating Revenue": 4171000.0
    },
    "2023-09-30": {
        "Tax Effect Of Unusual Items": 0.0,
        "Tax Rate For Calcs": 0.21,
        "Normalized EBITDA": -921000.0,
        "Net Income From Continuing Operation Net Minority Interest": -1037000.0,
        "Reconciled Depreciation": 112000.0,
        "Reconciled Cost Of Revenue": 496000.0,
        "EBITDA": -921000.0,
        "EBIT": -1033000.0,
        "Net Interest Income": 195000.0,
        "Interest Expense": 0.0,
        "Interest Income": 195000.0,
        "Normalized Income": -1037000.0,
        "Net Income From Continuing And Discontinued Operation": -1374000.0,
        "Total Expenses": 5292000.0,
        "Total Operating Income As Reported": -1219000.0,
        "Diluted Average Shares": 25597000.0,
        "Basic Average Shares": 25597000.0,
        "Diluted EPS": -0.05,
        "Basic EPS": -0.05,
        "Diluted NI Availto Com Stockholders": -1374000.0,
        "Net Income Common Stockholders": -1374000.0,
        "Net Income": -1374000.0,
        "Net Income Including Noncontrolling Interests": -1374000.0,
        "Net Income Discontinuous Operations": -337000.0,
        "Net Income Continuous Operations": -1037000.0,
        "Tax Provision": 4000.0,
        "Pretax Income": -1033000.0,
        "Other Income Expense": -9000.0,
        "Other Non Operating Income Expenses": -9000.0,
        "Net Non Operating Interest Income Expense": 195000.0,
        "Interest Expense Non Operating": 0.0,
        "Interest Income Non Operating": 195000.0,
        "Operating Income": -1219000.0,
        "Operating Expense": 4740000.0,
        "Depreciation Amortization Depletion Income Statement": 56000.0,
        "Depreciation And Amortization In Income Statement": 56000.0,
        "Research And Development": 1147000.0,
        "Selling General And Administration": 3537000.0,
        "Selling And Marketing Expense": 1495000.0,
        "General And Administrative Expense": 2042000.0,
        "Other Gand A": 2042000.0,
        "Gross Profit": 3521000.0,
        "Cost Of Revenue": 552000.0,
        "Total Revenue": 4073000.0,
        "Operating Revenue": 4073000.0
    },
    "2023-12-31": {
        "Tax Effect Of Unusual Items": 0.0,
        "Tax Rate For Calcs": 0.21,
        "Normalized EBITDA": -457000.0,
        "Net Income From Continuing Operation Net Minority Interest": -543000.0,
        "Reconciled Depreciation": 65000.0,
        "Reconciled Cost Of Revenue": 416000.0,
        "EBITDA": -457000.0,
        "EBIT": -522000.0,
        "Net Interest Income": 187000.0,
        "Interest Expense": 14000.0,
        "Interest Income": 201000.0,
        "Normalized Income": -543000.0,
        "Net Income From Continuing And Discontinued Operation": 2055000.0,
        "Total Expenses": 5457000.0,
        "Total Operating Income As Reported": -717000.0,
        "Diluted Average Shares": 26323000.0,
        "Basic Average Shares": 26323000.0,
        "Diluted EPS": 0.05,
        "Basic EPS": 0.05,
        "Diluted NI Availto Com Stockholders": 2055000.0,
        "Net Income Common Stockholders": 2055000.0,
        "Net Income": 2055000.0,
        "Net Income Including Noncontrolling Interests": 2055000.0,
        "Net Income Discontinuous Operations": 2598000.0,
        "Net Income Continuous Operations": -543000.0,
        "Tax Provision": 7000.0,
        "Pretax Income": -536000.0,
        "Other Income Expense": -6000.0,
        "Other Non Operating Income Expenses": -6000.0,
        "Net Non Operating Interest Income Expense": 187000.0,
        "Interest Expense Non Operating": 14000.0,
        "Interest Income Non Operating": 201000.0,
        "Operating Income": -717000.0,
        "Operating Expense": 5039000.0,
        "Depreciation Amortization Depletion Income Statement": 63000.0,
        "Depreciation And Amortization In Income Statement": 63000.0,
        "Research And Development": 1252000.0,
        "Selling General And Administration": 3724000.0,
        "Selling And Marketing Expense": 2050000.0,
        "General And Administrative Expense": 1674000.0,
        "Other Gand A": 1674000.0,
        "Gross Profit": 4322000.0,
        "Cost Of Revenue": 418000.0,
        "Total Revenue": 4740000.0,
        "Operating Revenue": 4740000.0
    },
    "2024-03-31": {
        "Tax Effect Of Unusual Items": 0.0,
        "Tax Rate For Calcs": 0.21,
        "Normalized EBITDA": -1115000.0,
        "Net Income From Continuing Operation Net Minority Interest": -1222000.0,
        "Reconciled Depreciation": 103000.0,
        "Reconciled Cost Of Revenue": 801000.0,
        "EBITDA": -1115000.0,
        "EBIT": -1218000.0,
        "Net Interest Income": 203000.0,
        "Interest Expense": 0.0,
        "Interest Income": 203000.0,
        "Normalized Income": -1222000.0,
        "Net Income From Continuing And Discontinued Operation": -1222000.0,
        "Total Expenses": 6395000.0,
        "Total Operating Income As Reported": -1441000.0,
        "Diluted Average Shares": 26354000.0,
        "Basic Average Shares": 26354000.0,
        "Diluted EPS": -0.05,
        "Basic EPS": -0.05,
        "Diluted NI Availto Com Stockholders": -1222000.0,
        "Net Income Common Stockholders": -1222000.0,
        "Net Income": -1222000.0,
        "Net Income Including Noncontrolling Interests": -1222000.0,
        "Net Income Discontinuous Operations": 0.0,
        "Net Income Continuous Operations": -1222000.0,
        "Tax Provision": 4000.0,
        "Pretax Income": -1218000.0,
        "Other Income Expense": 20000.0,
        "Other Non Operating Income Expenses": 20000.0,
        "Net Non Operating Interest Income Expense": 203000.0,
        "Interest Expense Non Operating": 0.0,
        "Interest Income Non Operating": 203000.0,
        "Operating Income": -1441000.0,
        "Operating Expense": 5554000.0,
        "Depreciation Amortization Depletion Income Statement": 63000.0,
        "Depreciation And Amortization In Income Statement": 63000.0,
        "Research And Development": 1507000.0,
        "Selling General And Administration": 3984000.0,
        "Selling And Marketing Expense": 2082000.0,
        "General And Administrative Expense": 1902000.0,
        "Other Gand A": 1902000.0,
        "Gross Profit": 4113000.0,
        "Cost Of Revenue": 841000.0,
        "Total Revenue": 4954000.0,
        "Operating Revenue": 4954000.0
    },
    "2024-06-30": {
        "Tax Effect Of Unusual Items": 0.0,
        "Tax Rate For Calcs": 0.21,
        "Normalized EBITDA": -1554000.0,
        "Net Income From Continuing Operation Net Minority Interest": -1739000.0,
        "Reconciled Depreciation": 177000.0,
        "Reconciled Cost Of Revenue": 699000.0,
        "EBITDA": -1554000.0,
        "EBIT": -1731000.0,
        "Net Interest Income": 206000.0,
        "Interest Expense": 0.0,
        "Interest Income": 206000.0,
        "Normalized Income": -1739000.0,
        "Net Income From Continuing And Discontinued Operation": -1739000.0,
        "Total Expenses": 6977000.0,
        "Total Operating Income As Reported": -1948000.0,
        "Diluted Average Shares": 26354000.0,
        "Basic Average Shares": 26354000.0,
        "Diluted EPS": -0.07,
        "Basic EPS": -0.07,
        "Diluted NI Availto Com Stockholders": -1739000.0,
        "Net Income Common Stockholders": -1739000.0,
        "Net Income": -1739000.0,
        "Net Income Including Noncontrolling Interests": -1739000.0,
        "Net Income Discontinuous Operations": 0.0,
        "Net Income Continuous Operations": -1739000.0,
        "Tax Provision": 8000.0,
        "Pretax Income": -1731000.0,
        "Other Income Expense": 11000.0,
        "Other Non Operating Income Expenses": 11000.0,
        "Net Non Operating Interest Income Expense": 206000.0,
        "Interest Expense Non Operating": 0.0,
        "Interest Income Non Operating": 206000.0,
        "Operating Income": -1948000.0,
        "Operating Expense": 6165000.0,
        "Depreciation Amortization Depletion Income Statement": 64000.0,
        "Depreciation And Amortization In Income Statement": 64000.0,
        "Research And Development": 1764000.0,
        "Selling General And Administration": 4337000.0,
        "Selling And Marketing Expense": 2267000.0,
        "General And Administrative Expense": 2070000.0,
        "Other Gand A": 2070000.0,
        "Gross Profit": 4217000.0,
        "Cost Of Revenue": 812000.0,
        "Total Revenue": 5029000.0,
        "Operating Revenue": 5029000.0
    },
    "2024-09-30": {
        "Tax Effect Of Unusual Items": 0.0,
        "Tax Rate For Calcs": 0.21,
        "Normalized EBITDA": -1626000.0,
        "Net Income From Continuing Operation Net Minority Interest": -1801000.0,
        "Reconciled Depreciation": 169000.0,
        "Reconciled Cost Of Revenue": 470000.0,
        "EBITDA": -1626000.0,
        "EBIT": -1795000.0,
        "Net Interest Income": 210000.0,
        "Interest Expense": 0.0,
        "Interest Income": 210000.0,
        "Normalized Income": -1801000.0,
        "Net Income From Continuing And Discontinued Operation": -1801000.0,
        "Total Expenses": 6232000.0,
        "Total Operating Income As Reported": -2015000.0,
        "Diluted Average Shares": 26354000.0,
        "Basic Average Shares": 26354000.0,
        "Diluted EPS": -0.07,
        "Basic EPS": -0.07,
        "Diluted NI Availto Com Stockholders": -1801000.0,
        "Net Income Common Stockholders": -1801000.0,
        "Net Income": -1801000.0,
        "Net Income Including Noncontrolling Interests": -1801000.0,
        "Net Income Discontinuous Operations": 0.0,
        "Net Income Continuous Operations": -1801000.0,
        "Tax Provision": 6000.0,
        "Pretax Income": -1795000.0,
        "Other Income Expense": 10000.0,
        "Other Non Operating Income Expenses": 10000.0,
        "Net Non Operating Interest Income Expense": 210000.0,
        "Interest Expense Non Operating": 0.0,
        "Interest Income Non Operating": 210000.0,
        "Operating Income": -2015000.0,
        "Operating Expense": 5649000.0,
        "Depreciation Amortization Depletion Income Statement": 56000.0,
        "Depreciation And Amortization In Income Statement": 56000.0,
        "Research And Development": 1926000.0,
        "Selling General And Administration": 3667000.0,
        "Selling And Marketing Expense": 1861000.0,
        "General And Administrative Expense": 1806000.0,
        "Other Gand A": 1806000.0,
        "Gross Profit": 3634000.0,
        "Cost Of Revenue": 583000.0,
        "Total Revenue": 4217000.0,
        "Operating Revenue": 4217000.0
    }
}