{
    "2023-03-31": {
        "Tax Effect Of Unusual Items": -1731.03,
        "Tax Rate For Calcs": 0.21,
        "Normalized EBITDA": -1558391.0,
        "Total Unusual Items": -8243.0,
        "Total Unusual Items Excluding Goodwill": -8243.0,
        "Net Income From Continuing Operation Net Minority Interest": -2315053.0,
        "Reconciled Depreciation": 656910.0,
        "Reconciled Cost Of Revenue": 3145752.0,
        "EBITDA": -1566634.0,
        "EBIT": -2223544.0,
        "Net Interest Income": -49353.0,
        "Interest Expense": 89984.0,
        "Interest Income": 40631.0,
        "Normalized Income": -2308541.03,
        "Net Income From Continuing And Discontinued Operation": -2315053.0,
        "Total Expenses": 5702566.0,
        "Total Operating Income As Reported": -2256039.0,
        "Diluted Average Shares": NaN,
        "Basic Average Shares": NaN,
        "Diluted EPS": NaN,
        "Basic EPS": NaN,
        "Diluted NI Availto Com Stockholders": -2315053.0,
        "Net Income Common Stockholders": -2315053.0,
        "Net Income": -2315053.0,
        "Net Income Including Noncontrolling Interests": -2315053.0,
        "Net Income Continuous Operations": -2315053.0,
        "Tax Provision": 1525.0,
        "Pretax Income": -2313528.0,
        "Other Income Expense": -8136.0,
        "Other Non Operating Income Expenses": 107.0,
        "Special Income Charges": -8243.0,
        "Gain On Sale Of Ppe": -8243.0,
        "Other Special Charges": NaN,
        "Net Non Operating Interest Income Expense": -49353.0,
        "Total Other Finance Cost": NaN,
        "Interest Expense Non Operating": 89984.0,
        "Interest Income Non Operating": 40631.0,
        "Operating Income": -2256039.0,
        "Operating Expense": 2556814.0,
        "Research And Development": 1110368.0,
        "Selling General And Administration": 1446446.0,
        "Selling And Marketing Expense": 879427.0,
        "General And Administrative Expense": 567019.0,
        "Other Gand A": 567019.0,
        "Gross Profit": 300775.0,
        "Cost Of Revenue": 3145752.0,
        "Total Revenue": 3446527.0,
        "Operating Revenue": 3446527.0
    },
    "2022-12-31": {
        "Tax Effect Of Unusual Items": NaN,
        "Tax Rate For Calcs": NaN,
        "Normalized EBITDA": NaN,
        "Total Unusual Items": NaN,
        "Total Unusual Items Excluding Goodwill": NaN,
        "Net Income From Continuing Operation Net Minority Interest": NaN,
        "Reconciled Depreciation": NaN,
        "Reconciled Cost Of Revenue": NaN,
        "EBITDA": NaN,
        "EBIT": NaN,
        "Net Interest Income": NaN,
        "Interest Expense": NaN,
        "Interest Income": NaN,
        "Normalized Income": NaN,
        "Net Income From Continuing And Discontinued Operation": NaN,
        "Total Expenses": NaN,
        "Total Operating Income As Reported": NaN,
        "Diluted Average Shares": NaN,
        "Basic Average Shares": NaN,
        "Diluted EPS": NaN,
        "Basic EPS": NaN,
        "Diluted NI Availto Com Stockholders": NaN,
        "Net Income Common Stockholders": NaN,
        "Net Income": NaN,
        "Net Income Including Noncontrolling Interests": NaN,
        "Net Income Continuous Operations": NaN,
        "Tax Provision": NaN,
        "Pretax Income": NaN,
        "Other Income Expense": -3666.0,
        "Other Non Operating Income Expenses": 0.0,
        "Special Income Charges": NaN,
        "Gain On Sale Of Ppe": NaN,
        "Other Special Charges": NaN,
        "Net Non Operating Interest Income Expense": NaN,
        "Total Other Finance Cost": NaN,
        "Interest Expense Non Operating": NaN,
        "Interest Income Non Operating": NaN,
        "Operating Income": NaN,
        "Operating Expense": NaN,
        "Research And Development": NaN,
        "Selling General And Administration": NaN,
        "Selling And Marketing Expense": NaN,
        "General And Administrative Expense": NaN,
        "Other Gand A": NaN,
        "Gross Profit": NaN,
        "Cost Of Revenue": NaN,
        "Total Revenue": NaN,
        "Operating Revenue": NaN
    },
    "2022-09-30": {
        "Tax Effect Of Unusual Items": NaN,
        "Tax Rate For Calcs": NaN,
        "Normalized EBITDA": NaN,
        "Total Unusual Items": NaN,
        "Total Unusual Items Excluding Goodwill": NaN,
        "Net Income From Continuing Operation Net Minority Interest": NaN,
        "Reconciled Depreciation": NaN,
        "Reconciled Cost Of Revenue": NaN,
        "EBITDA": NaN,
        "EBIT": NaN,
        "Net Interest Income": NaN,
        "Interest Expense": NaN,
        "Interest Income": NaN,
        "Normalized Income": NaN,
        "Net Income From Continuing And Discontinued Operation": NaN,
        "Total Expenses": NaN,
        "Total Operating Income As Reported": NaN,
        "Diluted Average Shares": NaN,
        "Basic Average Shares": NaN,
        "Diluted EPS": NaN,
        "Basic EPS": NaN,
        "Diluted NI Availto Com Stockholders": NaN,
        "Net Income Common Stockholders": NaN,
        "Net Income": NaN,
        "Net Income Including Noncontrolling Interests": NaN,
        "Net Income Continuous Operations": NaN,
        "Tax Provision": NaN,
        "Pretax Income": NaN,
        "Other Income Expense": NaN,
        "Other Non Operating Income Expenses": NaN,
        "Special Income Charges": NaN,
        "Gain On Sale Of Ppe": NaN,
        "Other Special Charges": NaN,
        "Net Non Operating Interest Income Expense": NaN,
        "Total Other Finance Cost": 1919.0,
        "Interest Expense Non Operating": NaN,
        "Interest Income Non Operating": NaN,
        "Operating Income": NaN,
        "Operating Expense": NaN,
        "Research And Development": NaN,
        "Selling General And Administration": NaN,
        "Selling And Marketing Expense": NaN,
        "General And Administrative Expense": NaN,
        "Other Gand A": NaN,
        "Gross Profit": NaN,
        "Cost Of Revenue": NaN,
        "Total Revenue": NaN,
        "Operating Revenue": NaN
    },
    "2022-06-30": {
        "Tax Effect Of Unusual Items": 0.0,
        "Tax Rate For Calcs": 0.4,
        "Normalized EBITDA": 36624.0,
        "Total Unusual Items": 0.0,
        "Total Unusual Items Excluding Goodwill": 0.0,
        "Net Income From Continuing Operation Net Minority Interest": -684148.0,
        "Reconciled Depreciation": 629384.0,
        "Reconciled Cost Of Revenue": 2154044.0,
        "EBITDA": 36624.0,
        "EBIT": -592760.0,
        "Net Interest Income": -64053.0,
        "Interest Expense": 90240.0,
        "Interest Income": 26187.0,
        "Normalized Income": -684148.0,
        "Net Income From Continuing And Discontinued Operation": -684148.0,
        "Total Expenses": 4480379.0,
        "Total Operating Income As Reported": -619007.0,
        "Diluted Average Shares": 7744567.0,
        "Basic Average Shares": 7744567.0,
        "Diluted EPS": -0.09,
        "Basic EPS": -0.09,
        "Diluted NI Availto Com Stockholders": -684148.0,
        "Net Income Common Stockholders": -684148.0,
        "Net Income": -684148.0,
        "Net Income Including Noncontrolling Interests": -684148.0,
        "Net Income Continuous Operations": -684148.0,
        "Tax Provision": 1148.0,
        "Pretax Income": -683000.0,
        "Other Income Expense": 60.0,
        "Other Non Operating Income Expenses": 60.0,
        "Special Income Charges": 0.0,
        "Gain On Sale Of Ppe": 0.0,
        "Net Non Operating Interest Income Expense": -64053.0,
        "Total Other Finance Cost": NaN,
        "Interest Expense Non Operating": 90240.0,
        "Interest Income Non Operating": 26187.0,
        "Operating Income": -619007.0,
        "Operating Expense": 2326335.0,
        "Research And Development": 1138767.0,
        "Selling General And Administration": 1187568.0,
        "Selling And Marketing Expense": 659239.0,
        "General And Administrative Expense": 528329.0,
        "Other Gand A": 528329.0,
        "Gross Profit": 1707328.0,
        "Cost Of Revenue": 2154044.0,
        "Total Revenue": 3861372.0,
        "Operating Revenue": 3861372.0
    },
    "2022-03-31": {
        "Diluted EPS": 0.07,
        "Total Revenue": 6,
        "Gross Profit": 3,
        "Operating Income": 1,
        "EBIT": 1,
        "Net Income": 1
    },
    "2021-12-31": {
        "Diluted EPS": 0.01,
        "Total Revenue": 5,
        "Gross Profit": 3,
        "Operating Income": 0,
        "EBIT": 1,
        "Net Income": 0
    },
    "2021-09-30": {
        "Diluted EPS": 0.02,
        "Total Revenue": 5,
        "Gross Profit": 2,
        "Operating Income": 0,
        "EBIT": 1,
        "Net Income": 0
    },
    "2021-06-30": {
        "Diluted EPS": 0.02,
        "Total Revenue": 5,
        "Gross Profit": 2,
        "Operating Income": 0,
        "EBIT": 1,
        "Net Income": 0
    },
    "2021-03-31": {
        "Diluted EPS": -0.06,
        "Total Revenue": 4,
        "Gross Profit": 2,
        "Operating Income": 0,
        "EBIT": 0,
        "Net Income": 0
    },
    "2020-12-31": {
        "Diluted EPS": 0.03,
        "Total Revenue": 4,
        "Gross Profit": 2,
        "Operating Income": -1,
        "EBIT": 0,
        "Net Income": 0
    },
    "2020-09-30": {
        "Diluted EPS": -0.04,
        "Total Revenue": 4,
        "Gross Profit": 2,
        "Operating Income": 0,
        "EBIT": 0,
        "Net Income": 0
    },
    "2020-06-30": {
        "Diluted EPS": -0.11,
        "Total Revenue": 3,
        "Gross Profit": 1,
        "Operating Income": -1,
        "EBIT": 0,
        "Net Income": -1
    },
    "2020-03-31": {
        "Diluted EPS": -0.02,
        "Total Revenue": 5,
        "Gross Profit": 2,
        "Operating Income": 0,
        "EBIT": 1,
        "Net Income": 0
    },
    "2019-12-31": {
        "Diluted EPS": -0.06,
        "Total Revenue": 4,
        "Gross Profit": 2,
        "Operating Income": 0,
        "EBIT": 0,
        "Net Income": 0
    },
    "2019-09-30": {
        "Diluted EPS": -0.07,
        "Total Revenue": 3,
        "Gross Profit": 1,
        "Operating Income": 0,
        "EBIT": 0,
        "Net Income": -1
    },
    "2019-06-30": {
        "Diluted EPS": -0.09,
        "Total Revenue": 3,
        "Gross Profit": 1,
        "Operating Income": -1,
        "EBIT": 0,
        "Net Income": -1
    },
    "2019-03-31": {
        "Diluted EPS": 0.03,
        "Total Revenue": 4,
        "Gross Profit": 2,
        "Operating Income": 0,
        "EBIT": 1,
        "Net Income": 0
    },
    "2018-12-31": {
        "Diluted EPS": -0.18,
        "Total Revenue": 3,
        "Gross Profit": 1,
        "Operating Income": -1,
        "EBIT": 0,
        "Net Income": -1
    },
    "2018-09-30": {
        "Diluted EPS": -0.05,
        "Total Revenue": 2,
        "Gross Profit": 1,
        "Operating Income": 0,
        "EBIT": 0,
        "Net Income": 0
    },
    "2018-06-30": {
        "Diluted EPS": -0.15,
        "Total Revenue": 3,
        "Gross Profit": 1,
        "Operating Income": 0,
        "EBIT": 0,
        "Net Income": -1
    },
    "2018-03-31": {
        "Diluted EPS": -0.04,
        "Total Revenue": 3,
        "Gross Profit": 1,
        "Operating Income": 0,
        "EBIT": 0,
        "Net Income": 0
    },
    "2017-12-31": {
        "Diluted EPS": -0.03,
        "Total Revenue": 3,
        "Gross Profit": 1,
        "Operating Income": 0,
        "EBIT": 0,
        "Net Income": 0
    },
    "2017-09-30": {
        "Diluted EPS": -0.07,
        "Total Revenue": 2,
        "Gross Profit": 1,
        "Operating Income": 0,
        "EBIT": 0,
        "Net Income": 0
    },
    "2017-06-30": {
        "Diluted EPS": -0.05,
        "Total Revenue": 2,
        "Gross Profit": 1,
        "Operating Income": 0,
        "EBIT": 0,
        "Net Income": 0
    },
    "2017-03-31": {
        "Diluted EPS": 0.12,
        "Total Revenue": 4,
        "Gross Profit": 2,
        "Operating Income": 1,
        "EBIT": 1,
        "Net Income": 1
    },
    "2016-12-31": {
        "Diluted EPS": 0.0,
        "Total Revenue": 2,
        "Gross Profit": 1,
        "Operating Income": 0,
        "EBIT": 0,
        "Net Income": 0
    },
    "2016-09-30": {
        "Diluted EPS": 0.01,
        "Total Revenue": 2,
        "Gross Profit": 1,
        "Operating Income": 0,
        "EBIT": 0,
        "Net Income": 0
    },
    "2016-06-30": {
        "Diluted EPS": 0.0,
        "Total Revenue": 2,
        "Gross Profit": 1,
        "Operating Income": 0,
        "EBIT": 0,
        "Net Income": 0
    },
    "2016-03-31": {
        "Diluted EPS": 0.11,
        "Total Revenue": 3,
        "Gross Profit": 2,
        "Operating Income": 1,
        "EBIT": 1,
        "Net Income": 0
    },
    "2015-12-31": {
        "Diluted EPS": 0.09,
        "Total Revenue": 3,
        "Gross Profit": 2,
        "Operating Income": 0,
        "EBIT": 1,
        "Net Income": 0
    },
    "2015-09-30": {
        "Diluted EPS": 0.11,
        "Total Revenue": 2,
        "Gross Profit": 2,
        "Operating Income": 1,
        "EBIT": 1,
        "Net Income": 0
    },
    "2015-06-30": {
        "Diluted EPS": 0.03,
        "Total Revenue": 2,
        "Gross Profit": 1,
        "Operating Income": 0,
        "EBIT": 0,
        "Net Income": 0
    },
    "2015-03-31": {
        "Diluted EPS": 0.15,
        "Total Revenue": 3,
        "Gross Profit": 2,
        "Operating Income": 1,
        "EBIT": 1,
        "Net Income": 0
    },
    "2014-12-31": {
        "Diluted EPS": 0.04,
        "Total Revenue": 2,
        "Gross Profit": 1,
        "Operating Income": 0,
        "EBIT": 0,
        "Net Income": 0
    },
    "2014-09-30": {
        "Diluted EPS": 0.0,
        "Total Revenue": 2,
        "Gross Profit": 1,
        "Operating Income": 0,
        "EBIT": 0,
        "Net Income": 0
    },
    "2014-06-30": {
        "Diluted EPS": -0.1,
        "Total Revenue": 2,
        "Gross Profit": 1,
        "Operating Income": 0,
        "EBIT": 0,
        "Net Income": 0
    },
    "2014-03-31": {
        "Diluted EPS": 0.0,
        "Total Revenue": 2,
        "Gross Profit": 1,
        "Operating Income": 0,
        "EBIT": 0,
        "Net Income": 0
    },
    "2013-12-31": {
        "Diluted EPS": -0.05,
        "Total Revenue": 2,
        "Gross Profit": 1,
        "Operating Income": 0,
        "EBIT": 0,
        "Net Income": 0
    },
    "2013-09-30": {
        "Diluted EPS": 0.02,
        "Total Revenue": 1,
        "Gross Profit": 1,
        "Operating Income": 0,
        "EBIT": 0,
        "Net Income": 0
    },
    "2013-06-30": {
        "Diluted EPS": 0.0,
        "Total Revenue": 1,
        "Gross Profit": 1,
        "Operating Income": 0,
        "EBIT": 0,
        "Net Income": 0
    },
    "2013-03-31": {
        "Diluted EPS": 0.07,
        "Total Revenue": 2,
        "Gross Profit": 1,
        "Operating Income": 0,
        "EBIT": 0,
        "Net Income": 0
    },
    "2012-12-31": {
        "Diluted EPS": 0.0,
        "Total Revenue": 1,
        "Gross Profit": 1,
        "Operating Income": 0,
        "EBIT": 0,
        "Net Income": 0
    },
    "2012-09-30": {
        "Diluted EPS": -0.02,
        "Total Revenue": 1,
        "Gross Profit": 1,
        "Operating Income": 0,
        "EBIT": 0,
        "Net Income": 0
    },
    "2012-06-30": {
        "Diluted EPS": 0.0,
        "Total Revenue": 1,
        "Gross Profit": 1,
        "Operating Income": 0,
        "EBIT": 0,
        "Net Income": 0
    },
    "2012-03-31": {
        "Diluted EPS": 0.05,
        "Total Revenue": 2,
        "Gross Profit": 1,
        "Operating Income": 0,
        "EBIT": 0,
        "Net Income": 0
    },
    "2011-12-31": {
        "Diluted EPS": 0.0,
        "Total Revenue": 1,
        "Gross Profit": 1,
        "Operating Income": 0,
        "EBIT": 0,
        "Net Income": 0
    },
    "2011-09-30": {
        "Diluted EPS": -0.04,
        "Total Revenue": 1,
        "Gross Profit": 1,
        "Operating Income": 0,
        "EBIT": 0,
        "Net Income": 0
    },
    "2011-06-30": {
        "Diluted EPS": -0.09,
        "Total Revenue": 1,
        "Gross Profit": 1,
        "Operating Income": 0,
        "EBIT": 0,
        "Net Income": 0
    },
    "2011-03-31": {
        "Diluted EPS": -0.01,
        "Total Revenue": 2,
        "Gross Profit": 1,
        "Operating Income": 0,
        "EBIT": 0,
        "Net Income": 0
    },
    "2010-12-31": {
        "Diluted EPS": 0.04,
        "Total Revenue": 1,
        "Gross Profit": 1,
        "Operating Income": -2,
        "EBIT": -2,
        "Net Income": 0
    },
    "2010-09-30": {
        "Diluted EPS": -0.07,
        "Total Revenue": 1,
        "Gross Profit": 0,
        "Operating Income": 0,
        "EBIT": 0,
        "Net Income": 0
    },
    "2010-06-30": {
        "Diluted EPS": 0.0,
        "Total Revenue": 1,
        "Gross Profit": 1,
        "Operating Income": 0,
        "EBIT": 0,
        "Net Income": 0
    },
    "2010-03-31": {
        "Diluted EPS": -0.02,
        "Total Revenue": 1,
        "Gross Profit": 1,
        "Operating Income": 0,
        "EBIT": 0,
        "Net Income": 0
    },
    "2009-12-31": {
        "Diluted EPS": -0.01,
        "Total Revenue": 1,
        "Gross Profit": 1,
        "Operating Income": 0,
        "EBIT": 0,
        "Net Income": 0
    },
    "2009-09-30": {
        "Diluted EPS": -0.01,
        "Total Revenue": 1,
        "Gross Profit": 1,
        "Operating Income": 0,
        "EBIT": 0,
        "Net Income": 0
    },
    "2009-06-30": {
        "Diluted EPS": -0.05,
        "Total Revenue": 1,
        "Gross Profit": 0,
        "Operating Income": 0,
        "EBIT": 0,
        "Net Income": 0
    },
    "2009-03-31": {
        "Diluted EPS": -0.01,
        "Total Revenue": 1,
        "Gross Profit": 1,
        "Operating Income": 0,
        "EBIT": 0,
        "Net Income": 0
    },
    "2023-06-30": {
        "Tax Effect Of Unusual Items": 0.77,
        "Tax Rate For Calcs": 0.01,
        "Normalized EBITDA": -604894.0,
        "Total Unusual Items": 77.0,
        "Total Unusual Items Excluding Goodwill": 77.0,
        "Net Income From Continuing Operation Net Minority Interest": -1379714.0,
        "Reconciled Depreciation": 684795.0,
        "Reconciled Cost Of Revenue": 2488793.0,
        "EBITDA": -604817.0,
        "EBIT": -1289612.0,
        "Net Interest Income": -73771.0,
        "Interest Expense": 88577.0,
        "Interest Income": 14806.0,
        "Normalized Income": -1379790.23,
        "Net Income From Continuing And Discontinued Operation": -1379714.0,
        "Total Expenses": 4837176.0,
        "Total Operating Income As Reported": -1304495.0,
        "Diluted Average Shares": 7746864.0,
        "Basic Average Shares": 7746864.0,
        "Diluted EPS": -0.18,
        "Basic EPS": -0.18,
        "Diluted NI Availto Com Stockholders": -1379714.0,
        "Net Income Common Stockholders": -1379714.0,
        "Net Income": -1379714.0,
        "Net Income Including Noncontrolling Interests": -1379714.0,
        "Net Income Continuous Operations": -1379714.0,
        "Tax Provision": 1525.0,
        "Pretax Income": -1378189.0,
        "Other Income Expense": 77.0,
        "Other Non Operating Income Expenses": NaN,
        "Special Income Charges": 77.0,
        "Gain On Sale Of Ppe": 77.0,
        "Other Special Charges": NaN,
        "Net Non Operating Interest Income Expense": -73771.0,
        "Total Other Finance Cost": 1919.0,
        "Interest Expense Non Operating": 88577.0,
        "Interest Income Non Operating": 14806.0,
        "Operating Income": -1304495.0,
        "Operating Expense": 2348383.0,
        "Research And Development": 1099538.0,
        "Selling General And Administration": 1248845.0,
        "Selling And Marketing Expense": 719789.0,
        "General And Administrative Expense": 529056.0,
        "Other Gand A": 529056.0,
        "Gross Profit": 1043888.0,
        "Cost Of Revenue": 2488793.0,
        "Total Revenue": 3532681.0,
        "Operating Revenue": 3532681.0
    },
    "2023-09-30": {
        "Tax Effect Of Unusual Items": 76690.95,
        "Tax Rate For Calcs": 0.21,
        "Normalized EBITDA": -468626.0,
        "Total Unusual Items": 365195.0,
        "Total Unusual Items Excluding Goodwill": 365195.0,
        "Net Income From Continuing Operation Net Minority Interest": -940000.0,
        "Reconciled Depreciation": 700411.0,
        "Reconciled Cost Of Revenue": 4129619.0,
        "EBITDA": -103431.0,
        "EBIT": -803842.0,
        "Net Interest Income": -120920.0,
        "Interest Expense": 135929.0,
        "Interest Income": 23696.0,
        "Normalized Income": -1228504.05,
        "Net Income From Continuing And Discontinued Operation": -940000.0,
        "Total Expenses": 6580546.0,
        "Total Operating Income As Reported": -1184046.0,
        "Diluted Average Shares": 7747000.0,
        "Basic Average Shares": 7747000.0,
        "Diluted EPS": -0.12,
        "Basic EPS": -0.12,
        "Diluted NI Availto Com Stockholders": -940000.0,
        "Net Income Common Stockholders": -940000.0,
        "Net Income": -940000.0,
        "Net Income Including Noncontrolling Interests": -940000.0,
        "Net Income Continuous Operations": -940000.0,
        "Tax Provision": 229.0,
        "Pretax Income": -939771.0,
        "Other Income Expense": 365195.0,
        "Other Non Operating Income Expenses": NaN,
        "Special Income Charges": 365195.0,
        "Gain On Sale Of Ppe": 68.0,
        "Other Special Charges": -365127.0,
        "Net Non Operating Interest Income Expense": -120920.0,
        "Total Other Finance Cost": 8687.0,
        "Interest Expense Non Operating": 135929.0,
        "Interest Income Non Operating": 23696.0,
        "Operating Income": -1184046.0,
        "Operating Expense": 2450927.0,
        "Research And Development": 1118489.0,
        "Selling General And Administration": 1332438.0,
        "Selling And Marketing Expense": 817486.0,
        "General And Administrative Expense": 514952.0,
        "Other Gand A": 514952.0,
        "Gross Profit": 1266881.0,
        "Cost Of Revenue": 4129619.0,
        "Total Revenue": 5396500.0,
        "Operating Revenue": 5396500.0
    },
    "2023-12-31": {
        "Tax Effect Of Unusual Items": NaN,
        "Tax Rate For Calcs": NaN,
        "Normalized EBITDA": NaN,
        "Total Unusual Items": NaN,
        "Total Unusual Items Excluding Goodwill": NaN,
        "Net Income From Continuing Operation Net Minority Interest": NaN,
        "Reconciled Depreciation": NaN,
        "Reconciled Cost Of Revenue": NaN,
        "EBITDA": NaN,
        "EBIT": NaN,
        "Net Interest Income": NaN,
        "Interest Expense": NaN,
        "Interest Income": NaN,
        "Normalized Income": NaN,
        "Net Income From Continuing And Discontinued Operation": NaN,
        "Total Expenses": NaN,
        "Total Operating Income As Reported": NaN,
        "Diluted Average Shares": 7750000.0,
        "Basic Average Shares": 7750000.0,
        "Diluted EPS": -0.15,
        "Basic EPS": -0.15,
        "Diluted NI Availto Com Stockholders": NaN,
        "Net Income Common Stockholders": NaN,
        "Net Income": NaN,
        "Net Income Including Noncontrolling Interests": NaN,
        "Net Income Continuous Operations": NaN,
        "Tax Provision": NaN,
        "Pretax Income": NaN,
        "Other Income Expense": NaN,
        "Other Non Operating Income Expenses": NaN,
        "Special Income Charges": NaN,
        "Gain On Sale Of Ppe": NaN,
        "Other Special Charges": NaN,
        "Net Non Operating Interest Income Expense": NaN,
        "Total Other Finance Cost": NaN,
        "Interest Expense Non Operating": NaN,
        "Interest Income Non Operating": NaN,
        "Operating Income": NaN,
        "Operating Expense": NaN,
        "Research And Development": NaN,
        "Selling General And Administration": NaN,
        "Selling And Marketing Expense": NaN,
        "General And Administrative Expense": NaN,
        "Other Gand A": NaN,
        "Gross Profit": NaN,
        "Cost Of Revenue": NaN,
        "Total Revenue": NaN,
        "Operating Revenue": NaN
    },
    "2024-03-31": {
        "Tax Effect Of Unusual Items": 0.0,
        "Tax Rate For Calcs": 0.21,
        "Normalized EBITDA": 376728.0,
        "Total Unusual Items": 0.0,
        "Total Unusual Items Excluding Goodwill": 0.0,
        "Net Income From Continuing Operation Net Minority Interest": -437868.0,
        "Reconciled Depreciation": 667253.0,
        "Reconciled Cost Of Revenue": 4962218.0,
        "EBITDA": 376728.0,
        "EBIT": -290525.0,
        "Net Interest Income": -136476.0,
        "Interest Expense": 146003.0,
        "Interest Income": 9527.0,
        "Normalized Income": -437868.0,
        "Net Income From Continuing And Discontinued Operation": -437868.0,
        "Total Expenses": 7557629.0,
        "Total Operating Income As Reported": -300052.0,
        "Diluted Average Shares": 7750864.0,
        "Basic Average Shares": 7750864.0,
        "Diluted EPS": -0.06,
        "Basic EPS": -0.06,
        "Diluted NI Availto Com Stockholders": -437868.0,
        "Net Income Common Stockholders": -437868.0,
        "Net Income": -437868.0,
        "Net Income Including Noncontrolling Interests": -437868.0,
        "Net Income Continuous Operations": -437868.0,
        "Tax Provision": 1340.0,
        "Pretax Income": -436528.0,
        "Other Income Expense": NaN,
        "Other Non Operating Income Expenses": NaN,
        "Special Income Charges": 0.0,
        "Gain On Sale Of Ppe": 0.0,
        "Other Special Charges": NaN,
        "Net Non Operating Interest Income Expense": -136476.0,
        "Total Other Finance Cost": NaN,
        "Interest Expense Non Operating": 146003.0,
        "Interest Income Non Operating": 9527.0,
        "Operating Income": -300052.0,
        "Operating Expense": 2595411.0,
        "Research And Development": 1262550.0,
        "Selling General And Administration": 1332861.0,
        "Selling And Marketing Expense": 800923.0,
        "General And Administrative Expense": 531938.0,
        "Other Gand A": 531938.0,
        "Gross Profit": 2295359.0,
        "Cost Of Revenue": 4962218.0,
        "Total Revenue": 7257577.0,
        "Operating Revenue": 7257577.0
    },
    "2024-06-30": {
        "Tax Effect Of Unusual Items": -145.57,
        "Tax Rate For Calcs": 0.01,
        "Normalized EBITDA": -702385.0,
        "Total Unusual Items": -14557.0,
        "Total Unusual Items Excluding Goodwill": -14557.0,
        "Net Income From Continuing Operation Net Minority Interest": -1531626.0,
        "Reconciled Depreciation": 670958.0,
        "Reconciled Cost Of Revenue": 4242404.0,
        "EBITDA": -716942.0,
        "EBIT": -1387900.0,
        "Net Interest Income": -129122.0,
        "Interest Expense": 142386.0,
        "Interest Income": 13264.0,
        "Normalized Income": -1517214.57,
        "Net Income From Continuing And Discontinued Operation": -1531626.0,
        "Total Expenses": 6859497.0,
        "Total Operating Income As Reported": -1386607.0,
        "Diluted Average Shares": 7810037.0,
        "Basic Average Shares": 7810037.0,
        "Diluted EPS": -0.2,
        "Basic EPS": -0.2,
        "Diluted NI Availto Com Stockholders": -1531626.0,
        "Net Income Common Stockholders": -1531626.0,
        "Net Income": -1531626.0,
        "Net Income Including Noncontrolling Interests": -1531626.0,
        "Net Income Continuous Operations": -1531626.0,
        "Tax Provision": 1340.0,
        "Pretax Income": -1530286.0,
        "Other Income Expense": -14557.0,
        "Other Non Operating Income Expenses": NaN,
        "Special Income Charges": -14557.0,
        "Gain On Sale Of Ppe": -14557.0,
        "Other Special Charges": NaN,
        "Net Non Operating Interest Income Expense": -129122.0,
        "Total Other Finance Cost": NaN,
        "Interest Expense Non Operating": 142386.0,
        "Interest Income Non Operating": 13264.0,
        "Operating Income": -1386607.0,
        "Operating Expense": 2617093.0,
        "Research And Development": 1030502.0,
        "Selling General And Administration": 1586591.0,
        "Selling And Marketing Expense": 984957.0,
        "General And Administrative Expense": 601634.0,
        "Other Gand A": 601634.0,
        "Gross Profit": 1230486.0,
        "Cost Of Revenue": 4242404.0,
        "Total Revenue": 5472890.0,
        "Operating Revenue": 5472890.0
    }
}