{
    "2023-03-31": {
        "Tax Effect Of Unusual Items": 0.0,
        "Tax Rate For Calcs": 0.301663,
        "Normalized EBITDA": 638000000.0,
        "Net Income From Continuing Operation Net Minority Interest": 280000000.0,
        "Reconciled Depreciation": 130000000.0,
        "Reconciled Cost Of Revenue": 1270000000.0,
        "EBITDA": 638000000.0,
        "EBIT": 508000000.0,
        "Net Interest Income": -44000000.0,
        "Interest Expense": 87000000.0,
        "Interest Income": 43000000.0,
        "Normalized Income": 280000000.0,
        "Net Income From Continuing And Discontinued Operation": 280000000.0,
        "Total Expenses": 1651000000.0,
        "Total Operating Income As Reported": 465000000.0,
        "Diluted Average Shares": 1290938000.0,
        "Basic Average Shares": 1289238000.0,
        "Diluted EPS": 0.22,
        "Basic EPS": 0.22,
        "Diluted NI Availto Com Stockholders": 280000000.0,
        "Net Income Common Stockholders": 280000000.0,
        "Net Income": 280000000.0,
        "Minority Interests": -14000000.0,
        "Net Income Including Noncontrolling Interests": 294000000.0,
        "Net Income Continuous Operations": 294000000.0,
        "Tax Provision": 127000000.0,
        "Pretax Income": 421000000.0,
        "Other Income Expense": NaN,
        "Earnings From Equity Interest": 0.0,
        "Net Non Operating Interest Income Expense": -44000000.0,
        "Interest Expense Non Operating": 87000000.0,
        "Interest Income Non Operating": 43000000.0,
        "Operating Income": 465000000.0,
        "Operating Expense": 381000000.0,
        "Other Operating Expenses": 31000000.0,
        "Research And Development": 18000000.0,
        "Selling General And Administration": 332000000.0,
        "Selling And Marketing Expense": 264000000.0,
        "General And Administrative Expense": 68000000.0,
        "Other Gand A": 68000000.0,
        "Gross Profit": 846000000.0,
        "Cost Of Revenue": 1270000000.0,
        "Total Revenue": 2116000000.0,
        "Operating Revenue": 2116000000.0
    },
    "2022-12-31": {
        "Tax Effect Of Unusual Items": NaN,
        "Tax Rate For Calcs": NaN,
        "Normalized EBITDA": NaN,
        "Net Income From Continuing Operation Net Minority Interest": NaN,
        "Reconciled Depreciation": NaN,
        "Reconciled Cost Of Revenue": NaN,
        "EBITDA": NaN,
        "EBIT": NaN,
        "Net Interest Income": NaN,
        "Interest Expense": NaN,
        "Interest Income": NaN,
        "Normalized Income": NaN,
        "Net Income From Continuing And Discontinued Operation": NaN,
        "Total Expenses": NaN,
        "Total Operating Income As Reported": NaN,
        "Diluted Average Shares": NaN,
        "Basic Average Shares": NaN,
        "Diluted EPS": NaN,
        "Basic EPS": NaN,
        "Diluted NI Availto Com Stockholders": NaN,
        "Net Income Common Stockholders": NaN,
        "Net Income": NaN,
        "Minority Interests": NaN,
        "Net Income Including Noncontrolling Interests": NaN,
        "Net Income Continuous Operations": NaN,
        "Tax Provision": NaN,
        "Pretax Income": NaN,
        "Other Income Expense": -32000000.0,
        "Earnings From Equity Interest": NaN,
        "Net Non Operating Interest Income Expense": NaN,
        "Interest Expense Non Operating": NaN,
        "Interest Income Non Operating": NaN,
        "Operating Income": NaN,
        "Operating Expense": NaN,
        "Other Operating Expenses": 65000000.0,
        "Research And Development": NaN,
        "Selling General And Administration": NaN,
        "Selling And Marketing Expense": NaN,
        "General And Administrative Expense": NaN,
        "Other Gand A": NaN,
        "Gross Profit": NaN,
        "Cost Of Revenue": NaN,
        "Total Revenue": NaN,
        "Operating Revenue": NaN
    },
    "2022-09-30": {
        "Tax Effect Of Unusual Items": NaN,
        "Tax Rate For Calcs": NaN,
        "Normalized EBITDA": NaN,
        "Net Income From Continuing Operation Net Minority Interest": NaN,
        "Reconciled Depreciation": NaN,
        "Reconciled Cost Of Revenue": NaN,
        "EBITDA": NaN,
        "EBIT": NaN,
        "Net Interest Income": NaN,
        "Interest Expense": NaN,
        "Interest Income": NaN,
        "Normalized Income": NaN,
        "Net Income From Continuing And Discontinued Operation": NaN,
        "Total Expenses": NaN,
        "Total Operating Income As Reported": NaN,
        "Diluted Average Shares": NaN,
        "Basic Average Shares": NaN,
        "Diluted EPS": NaN,
        "Basic EPS": NaN,
        "Diluted NI Availto Com Stockholders": NaN,
        "Net Income Common Stockholders": NaN,
        "Net Income": NaN,
        "Minority Interests": NaN,
        "Net Income Including Noncontrolling Interests": NaN,
        "Net Income Continuous Operations": NaN,
        "Tax Provision": NaN,
        "Pretax Income": NaN,
        "Other Income Expense": 8000000.0,
        "Other Non Operating Income Expenses": 8000000.0,
        "Earnings From Equity Interest": NaN,
        "Net Non Operating Interest Income Expense": NaN,
        "Interest Expense Non Operating": NaN,
        "Interest Income Non Operating": NaN,
        "Operating Income": NaN,
        "Operating Expense": NaN,
        "Other Operating Expenses": NaN,
        "Research And Development": NaN,
        "Selling General And Administration": NaN,
        "Selling And Marketing Expense": NaN,
        "General And Administrative Expense": NaN,
        "Other Gand A": NaN,
        "Gross Profit": NaN,
        "Cost Of Revenue": NaN,
        "Total Revenue": NaN,
        "Operating Revenue": NaN
    },
    "2022-06-30": {
        "Tax Effect Of Unusual Items": 0.0,
        "Tax Rate For Calcs": 0.4,
        "Normalized EBITDA": 1382000000.0,
        "Net Income From Continuing Operation Net Minority Interest": 563000000.0,
        "Reconciled Depreciation": 119000000.0,
        "Reconciled Cost Of Revenue": 1341000000.0,
        "EBITDA": 1382000000.0,
        "EBIT": 1263000000.0,
        "Net Interest Income": -14000000.0,
        "Interest Expense": 138000000.0,
        "Interest Income": 124000000.0,
        "Normalized Income": 563000000.0,
        "Net Income From Continuing And Discontinued Operation": 563000000.0,
        "Total Expenses": 1741000000.0,
        "Total Operating Income As Reported": 1139000000.0,
        "Diluted Average Shares": 1291696000.0,
        "Basic Average Shares": 1286380000.0,
        "Diluted EPS": 0.44,
        "Basic EPS": 0.44,
        "Diluted NI Availto Com Stockholders": 563000000.0,
        "Net Income Common Stockholders": 563000000.0,
        "Net Income": 563000000.0,
        "Minority Interests": -22000000.0,
        "Net Income Including Noncontrolling Interests": 585000000.0,
        "Net Income Continuous Operations": 585000000.0,
        "Tax Provision": 540000000.0,
        "Pretax Income": 1125000000.0,
        "Other Income Expense": NaN,
        "Earnings From Equity Interest": 0.0,
        "Net Non Operating Interest Income Expense": -14000000.0,
        "Interest Expense Non Operating": 138000000.0,
        "Interest Income Non Operating": 124000000.0,
        "Operating Income": 1139000000.0,
        "Operating Expense": 400000000.0,
        "Other Operating Expenses": -12000000.0,
        "Research And Development": 17000000.0,
        "Selling General And Administration": 395000000.0,
        "Selling And Marketing Expense": 321000000.0,
        "General And Administrative Expense": 74000000.0,
        "Other Gand A": 74000000.0,
        "Gross Profit": 1539000000.0,
        "Cost Of Revenue": 1341000000.0,
        "Total Revenue": 2880000000.0,
        "Operating Revenue": 2880000000.0
    },
    "2022-03-31": {
        "Diluted EPS": 0.49,
        "Total Revenue": NaN,
        "Gross Profit": NaN,
        "Operating Income": 902,
        "EBIT": NaN,
        "Net Income": 632
    },
    "2021-12-31": {
        "Diluted EPS": 0.21,
        "Total Revenue": NaN,
        "Gross Profit": 857,
        "Operating Income": 461,
        "EBIT": 587,
        "Net Income": 283
    },
    "2021-09-30": {
        "Diluted EPS": 0.17,
        "Total Revenue": NaN,
        "Gross Profit": 689,
        "Operating Income": 321,
        "EBIT": 444,
        "Net Income": 225
    },
    "2021-06-30": {
        "Diluted EPS": 0.11,
        "Total Revenue": NaN,
        "Gross Profit": 570,
        "Operating Income": 243,
        "EBIT": 367,
        "Net Income": 140
    },
    "2021-03-31": {
        "Diluted EPS": 0.11,
        "Total Revenue": NaN,
        "Gross Profit": 495,
        "Operating Income": 185,
        "EBIT": 302,
        "Net Income": 135
    },
    "2020-12-31": {
        "Diluted EPS": 0.05,
        "Total Revenue": NaN,
        "Gross Profit": 405,
        "Operating Income": 139,
        "EBIT": 268,
        "Net Income": 65
    },
    "2020-09-30": {
        "Diluted EPS": 0.04,
        "Total Revenue": NaN,
        "Gross Profit": 365,
        "Operating Income": 100,
        "EBIT": 223,
        "Net Income": 54
    },
    "2020-06-30": {
        "Diluted EPS": -0.13,
        "Total Revenue": NaN,
        "Gross Profit": 320,
        "Operating Income": -169,
        "EBIT": -50,
        "Net Income": -168
    },
    "2020-03-31": {
        "Diluted EPS": 0.05,
        "Total Revenue": NaN,
        "Gross Profit": 400,
        "Operating Income": 132,
        "EBIT": 250,
        "Net Income": 60
    },
    "2019-12-31": {
        "Diluted EPS": 0.04,
        "Total Revenue": NaN,
        "Gross Profit": 336,
        "Operating Income": 88,
        "EBIT": 211,
        "Net Income": 48
    },
    "2019-09-30": {
        "Diluted EPS": 0.1,
        "Total Revenue": NaN,
        "Gross Profit": 472,
        "Operating Income": 201,
        "EBIT": 301,
        "Net Income": 130
    },
    "2019-06-30": {
        "Diluted EPS": 0.12,
        "Total Revenue": NaN,
        "Gross Profit": 508,
        "Operating Income": 240,
        "EBIT": 349,
        "Net Income": 158
    },
    "2019-03-31": {
        "Diluted EPS": 0.11,
        "Total Revenue": NaN,
        "Gross Profit": 501,
        "Operating Income": 227,
        "EBIT": 338,
        "Net Income": 139
    },
    "2018-12-31": {
        "Diluted EPS": 0.06,
        "Total Revenue": NaN,
        "Gross Profit": 507,
        "Operating Income": 166,
        "EBIT": 273,
        "Net Income": 82
    },
    "2018-09-30": {
        "Diluted EPS": 0.1,
        "Total Revenue": NaN,
        "Gross Profit": 458,
        "Operating Income": 196,
        "EBIT": 290,
        "Net Income": 129
    },
    "2018-06-30": {
        "Diluted EPS": 0.08,
        "Total Revenue": NaN,
        "Gross Profit": 458,
        "Operating Income": 172,
        "EBIT": 277,
        "Net Income": 101
    },
    "2018-03-31": {
        "Diluted EPS": 0.73,
        "Total Revenue": NaN,
        "Gross Profit": 431,
        "Operating Income": 985,
        "EBIT": NaN,
        "Net Income": 928
    },
    "2017-12-31": {
        "Diluted EPS": 0.13,
        "Total Revenue": NaN,
        "Gross Profit": 429,
        "Operating Income": 189,
        "EBIT": 293,
        "Net Income": 155
    },
    "2017-09-30": {
        "Diluted EPS": 0.07,
        "Total Revenue": NaN,
        "Gross Profit": 470,
        "Operating Income": 180,
        "EBIT": 277,
        "Net Income": 84
    },
    "2017-06-30": {
        "Diluted EPS": 0.04,
        "Total Revenue": NaN,
        "Gross Profit": 415,
        "Operating Income": 144,
        "EBIT": 239,
        "Net Income": 57
    },
    "2017-03-31": {
        "Diluted EPS": 0.05,
        "Total Revenue": NaN,
        "Gross Profit": 358,
        "Operating Income": 116,
        "EBIT": 210,
        "Net Income": 68
    },
    "2016-12-31": {
        "Diluted EPS": 0.03,
        "Total Revenue": NaN,
        "Gross Profit": 416,
        "Operating Income": 72,
        "EBIT": 162,
        "Net Income": 32
    },
    "2016-09-30": {
        "Diluted EPS": -0.27,
        "Total Revenue": NaN,
        "Gross Profit": 461,
        "Operating Income": -331,
        "EBIT": -218,
        "Net Income": -340
    },
    "2016-06-30": {
        "Diluted EPS": 0.09,
        "Total Revenue": NaN,
        "Gross Profit": 417,
        "Operating Income": 149,
        "EBIT": 248,
        "Net Income": 120
    },
    "2016-03-31": {
        "Diluted EPS": 0.05,
        "Total Revenue": NaN,
        "Gross Profit": 366,
        "Operating Income": 107,
        "EBIT": 206,
        "Net Income": 66
    },
    "2015-12-31": {
        "Diluted EPS": 0.08,
        "Total Revenue": NaN,
        "Gross Profit": 533,
        "Operating Income": 146,
        "EBIT": 275,
        "Net Income": 96
    },
    "2015-09-30": {
        "Diluted EPS": 0.1,
        "Total Revenue": NaN,
        "Gross Profit": 488,
        "Operating Income": 197,
        "EBIT": 287,
        "Net Income": 121
    },
    "2015-06-30": {
        "Diluted EPS": 0.06,
        "Total Revenue": NaN,
        "Gross Profit": 336,
        "Operating Income": 107,
        "EBIT": 204,
        "Net Income": 75
    },
    "2015-03-31": {
        "Diluted EPS": 0.17,
        "Total Revenue": NaN,
        "Gross Profit": 446,
        "Operating Income": 315,
        "EBIT": 429,
        "Net Income": 217
    },
    "2014-12-31": {
        "Diluted EPS": 0.0,
        "Total Revenue": NaN,
        "Gross Profit": NaN,
        "Operating Income": NaN,
        "EBIT": NaN,
        "Net Income": NaN
    },
    "2014-09-30": {
        "Diluted EPS": 0.14,
        "Total Revenue": NaN,
        "Gross Profit": 577,
        "Operating Income": 262,
        "EBIT": 262,
        "Net Income": 180
    },
    "2014-06-30": {
        "Diluted EPS": 0.05,
        "Total Revenue": NaN,
        "Gross Profit": NaN,
        "Operating Income": NaN,
        "EBIT": NaN,
        "Net Income": 67
    },
    "2013-12-31": {
        "Diluted EPS": 0.0,
        "Total Revenue": NaN,
        "Gross Profit": NaN,
        "Operating Income": NaN,
        "EBIT": NaN,
        "Net Income": NaN
    },
    "2013-09-30": {
        "Diluted EPS": 0.06,
        "Total Revenue": NaN,
        "Gross Profit": NaN,
        "Operating Income": NaN,
        "EBIT": NaN,
        "Net Income": 78
    },
    "2013-06-30": {
        "Diluted EPS": 0.25,
        "Total Revenue": NaN,
        "Gross Profit": NaN,
        "Operating Income": NaN,
        "EBIT": NaN,
        "Net Income": 316
    },
    "2023-06-30": {
        "Tax Effect Of Unusual Items": 0.0,
        "Tax Rate For Calcs": 0.33,
        "Normalized EBITDA": 481000000.0,
        "Net Income From Continuing Operation Net Minority Interest": 163000000.0,
        "Reconciled Depreciation": 141000000.0,
        "Reconciled Cost Of Revenue": 1189000000.0,
        "EBITDA": 481000000.0,
        "EBIT": 340000000.0,
        "Net Interest Income": -49000000.0,
        "Interest Expense": 89000000.0,
        "Interest Income": 40000000.0,
        "Normalized Income": 163000000.0,
        "Net Income From Continuing And Discontinued Operation": 163000000.0,
        "Total Expenses": 1534000000.0,
        "Total Operating Income As Reported": 300000000.0,
        "Diluted Average Shares": 1290792000.0,
        "Basic Average Shares": 1289347000.0,
        "Diluted EPS": 0.13,
        "Basic EPS": 0.13,
        "Diluted NI Availto Com Stockholders": 163000000.0,
        "Net Income Common Stockholders": 163000000.0,
        "Net Income": 163000000.0,
        "Minority Interests": -4000000.0,
        "Net Income Including Noncontrolling Interests": 167000000.0,
        "Net Income Continuous Operations": 167000000.0,
        "Tax Provision": 84000000.0,
        "Pretax Income": 251000000.0,
        "Other Income Expense": NaN,
        "Earnings From Equity Interest": 0.0,
        "Net Non Operating Interest Income Expense": -49000000.0,
        "Interest Expense Non Operating": 89000000.0,
        "Interest Income Non Operating": 40000000.0,
        "Operating Income": 300000000.0,
        "Operating Expense": 345000000.0,
        "Other Operating Expenses": -8000000.0,
        "Research And Development": 19000000.0,
        "Selling General And Administration": 334000000.0,
        "Selling And Marketing Expense": 279000000.0,
        "General And Administrative Expense": 55000000.0,
        "Other Gand A": 55000000.0,
        "Gross Profit": 645000000.0,
        "Cost Of Revenue": 1189000000.0,
        "Total Revenue": 1834000000.0,
        "Operating Revenue": 1834000000.0
    },
    "2023-09-30": {
        "Tax Effect Of Unusual Items": 0.0,
        "Tax Rate For Calcs": 0.23,
        "Normalized EBITDA": 383000000.0,
        "Net Income From Continuing Operation Net Minority Interest": 137000000.0,
        "Reconciled Depreciation": 119000000.0,
        "Reconciled Cost Of Revenue": 1276000000.0,
        "EBITDA": 383000000.0,
        "EBIT": 264000000.0,
        "Net Interest Income": -42000000.0,
        "Interest Expense": 79000000.0,
        "Interest Income": 37000000.0,
        "Normalized Income": 137000000.0,
        "Net Income From Continuing And Discontinued Operation": 137000000.0,
        "Total Expenses": 1635000000.0,
        "Total Operating Income As Reported": 227000000.0,
        "Diluted Average Shares": 1290813000.0,
        "Basic Average Shares": 1289318000.0,
        "Diluted EPS": 0.11,
        "Basic EPS": 0.11,
        "Diluted NI Availto Com Stockholders": 137000000.0,
        "Net Income Common Stockholders": 137000000.0,
        "Net Income": 137000000.0,
        "Minority Interests": -5000000.0,
        "Net Income Including Noncontrolling Interests": 142000000.0,
        "Net Income Continuous Operations": 142000000.0,
        "Tax Provision": 43000000.0,
        "Pretax Income": 185000000.0,
        "Other Income Expense": NaN,
        "Earnings From Equity Interest": 0.0,
        "Net Non Operating Interest Income Expense": -42000000.0,
        "Interest Expense Non Operating": 79000000.0,
        "Interest Income Non Operating": 37000000.0,
        "Operating Income": 227000000.0,
        "Operating Expense": 359000000.0,
        "Other Operating Expenses": 12000000.0,
        "Research And Development": 17000000.0,
        "Selling General And Administration": 330000000.0,
        "Selling And Marketing Expense": 264000000.0,
        "General And Administrative Expense": 66000000.0,
        "Other Gand A": 66000000.0,
        "Gross Profit": 586000000.0,
        "Cost Of Revenue": 1276000000.0,
        "Total Revenue": 1862000000.0,
        "Operating Revenue": 1862000000.0
    },
    "2023-12-31": {
        "Tax Effect Of Unusual Items": 0.0,
        "Tax Rate For Calcs": 0.282051,
        "Normalized EBITDA": 168000000.0,
        "Net Income From Continuing Operation Net Minority Interest": 67000000.0,
        "Reconciled Depreciation": 146000000.0,
        "Reconciled Cost Of Revenue": 1130000000.0,
        "EBITDA": 168000000.0,
        "EBIT": 22000000.0,
        "Net Interest Income": 9000000.0,
        "Interest Expense": -95000000.0,
        "Interest Income": -73000000.0,
        "Normalized Income": 67000000.0,
        "Net Income From Continuing And Discontinued Operation": 67000000.0,
        "Total Expenses": 1473000000.0,
        "Total Operating Income As Reported": 149000000.0,
        "Diluted Average Shares": 1290575000.0,
        "Basic Average Shares": 1289449000.0,
        "Diluted EPS": 0.05,
        "Basic EPS": 0.05,
        "Diluted NI Availto Com Stockholders": 67000000.0,
        "Net Income Common Stockholders": 67000000.0,
        "Net Income": 67000000.0,
        "Minority Interests": -17000000.0,
        "Net Income Including Noncontrolling Interests": 84000000.0,
        "Net Income Continuous Operations": 84000000.0,
        "Tax Provision": 33000000.0,
        "Pretax Income": 117000000.0,
        "Other Income Expense": NaN,
        "Earnings From Equity Interest": 1000000.0,
        "Net Non Operating Interest Income Expense": 9000000.0,
        "Interest Expense Non Operating": -95000000.0,
        "Interest Income Non Operating": -73000000.0,
        "Operating Income": 217000000.0,
        "Operating Expense": 343000000.0,
        "Other Operating Expenses": -31000000.0,
        "Research And Development": 17000000.0,
        "Selling General And Administration": 357000000.0,
        "Selling And Marketing Expense": 110000000.0,
        "General And Administrative Expense": 247000000.0,
        "Other Gand A": -76000000.0,
        "Gross Profit": 560000000.0,
        "Cost Of Revenue": 1130000000.0,
        "Total Revenue": 1690000000.0,
        "Operating Revenue": 1690000000.0
    },
    "2024-03-31": {
        "Tax Effect Of Unusual Items": 0.0,
        "Tax Rate For Calcs": 0.25,
        "Normalized EBITDA": 375000000.0,
        "Net Income From Continuing Operation Net Minority Interest": 109000000.0,
        "Reconciled Depreciation": 147000000.0,
        "Reconciled Cost Of Revenue": 1178000000.0,
        "EBITDA": 375000000.0,
        "EBIT": 228000000.0,
        "Net Interest Income": -35000000.0,
        "Interest Expense": 60000000.0,
        "Interest Income": 25000000.0,
        "Normalized Income": 109000000.0,
        "Net Income From Continuing And Discontinued Operation": 109000000.0,
        "Total Expenses": 1532000000.0,
        "Total Operating Income As Reported": 203000000.0,
        "Diluted Average Shares": 1290362000.0,
        "Basic Average Shares": 1289530000.0,
        "Diluted EPS": 0.08,
        "Basic EPS": 0.08,
        "Diluted NI Availto Com Stockholders": 109000000.0,
        "Net Income Common Stockholders": 109000000.0,
        "Net Income": 109000000.0,
        "Minority Interests": -17000000.0,
        "Net Income Including Noncontrolling Interests": 126000000.0,
        "Net Income Continuous Operations": 126000000.0,
        "Tax Provision": 42000000.0,
        "Pretax Income": 168000000.0,
        "Other Income Expense": NaN,
        "Earnings From Equity Interest": 0.0,
        "Net Non Operating Interest Income Expense": -35000000.0,
        "Interest Expense Non Operating": 60000000.0,
        "Interest Income Non Operating": 25000000.0,
        "Operating Income": 203000000.0,
        "Operating Expense": 354000000.0,
        "Other Operating Expenses": NaN,
        "Research And Development": 17000000.0,
        "Selling General And Administration": 337000000.0,
        "Selling And Marketing Expense": 273000000.0,
        "General And Administrative Expense": 64000000.0,
        "Other Gand A": 64000000.0,
        "Gross Profit": 557000000.0,
        "Cost Of Revenue": 1178000000.0,
        "Total Revenue": 1735000000.0,
        "Operating Revenue": 1735000000.0
    }
}