{
    "2024-03-31": {
        "Tax Effect Of Unusual Items": -115.03468,
        "Tax Rate For Calcs": 0.000432,
        "Normalized EBITDA": -55993000.0,
        "Total Unusual Items": -266000.0,
        "Total Unusual Items Excluding Goodwill": -266000.0,
        "Net Income From Continuing Operation Net Minority Interest": -55511000.0,
        "Reconciled Depreciation": 622000.0,
        "Reconciled Cost Of Revenue": 100000.0,
        "EBITDA": -56259000.0,
        "EBIT": -56881000.0,
        "Net Interest Income": 35000.0,
        "Interest Expense": NaN,
        "Interest Income": 35000.0,
        "Normalized Income": -55245115.03468,
        "Net Income From Continuing And Discontinued Operation": -55511000.0,
        "Total Expenses": 57241000.0,
        "Total Operating Income As Reported": 56881000.0,
        "Diluted Average Shares": 120246430.0,
        "Basic Average Shares": 120246430.0,
        "Diluted EPS": -0.46,
        "Basic EPS": -0.46,
        "Diluted NI Availto Com Stockholders": -55511000.0,
        "Net Income Common Stockholders": -55511000.0,
        "Net Income": -55511000.0,
        "Minority Interests": 4584000.0,
        "Net Income Including Noncontrolling Interests": -60095000.0,
        "Net Income Continuous Operations": -60095000.0,
        "Tax Provision": -26000.0,
        "Pretax Income": -60121000.0,
        "Other Income Expense": -3275000.0,
        "Other Non Operating Income Expenses": 3000.0,
        "Earnings From Equity Interest": -3012000.0,
        "Gain On Sale Of Security": -266000.0,
        "Net Non Operating Interest Income Expense": 35000.0,
        "Interest Expense Non Operating": NaN,
        "Interest Income Non Operating": 35000.0,
        "Operating Income": -56881000.0,
        "Operating Expense": 57141000.0,
        "Other Operating Expenses": 43643000.0,
        "Research And Development": 810000.0,
        "Selling General And Administration": 12688000.0,
        "Selling And Marketing Expense": 87000.0,
        "General And Administrative Expense": 12601000.0,
        "Other Gand A": 12601000.0,
        "Gross Profit": 260000.0,
        "Cost Of Revenue": 100000.0,
        "Total Revenue": 360000.0,
        "Operating Revenue": 360000.0
    },
    "2023-12-31": {
        "Tax Effect Of Unusual Items": -16124.728763,
        "Tax Rate For Calcs": 0.007715,
        "Normalized EBITDA": -46613000.0,
        "Total Unusual Items": -2090000.0,
        "Total Unusual Items Excluding Goodwill": -2090000.0,
        "Net Income From Continuing Operation Net Minority Interest": -47160000.0,
        "Reconciled Depreciation": 507000.0,
        "Reconciled Cost Of Revenue": 1271000.0,
        "EBITDA": -48703000.0,
        "EBIT": -49210000.0,
        "Net Interest Income": -562000.0,
        "Interest Expense": 562000.0,
        "Interest Income": NaN,
        "Normalized Income": -45086124.728763,
        "Net Income From Continuing And Discontinued Operation": -47160000.0,
        "Total Expenses": 49127000.0,
        "Total Operating Income As Reported": -47456000.0,
        "Diluted Average Shares": NaN,
        "Basic Average Shares": NaN,
        "Diluted EPS": NaN,
        "Basic EPS": NaN,
        "Diluted NI Availto Com Stockholders": -47160000.0,
        "Net Income Common Stockholders": -47160000.0,
        "Net Income": -47160000.0,
        "Minority Interests": 2228000.0,
        "Net Income Including Noncontrolling Interests": -49388000.0,
        "Net Income Continuous Operations": -49388000.0,
        "Tax Provision": -384000.0,
        "Pretax Income": -49772000.0,
        "Other Income Expense": -1754000.0,
        "Other Non Operating Income Expenses": 844000.0,
        "Earnings From Equity Interest": -508000.0,
        "Gain On Sale Of Security": -2090000.0,
        "Net Non Operating Interest Income Expense": -562000.0,
        "Interest Expense Non Operating": 562000.0,
        "Interest Income Non Operating": NaN,
        "Operating Income": -47456000.0,
        "Operating Expense": 47856000.0,
        "Other Operating Expenses": 33401000.0,
        "Research And Development": 892000.0,
        "Selling General And Administration": 13563000.0,
        "Selling And Marketing Expense": 95000.0,
        "General And Administrative Expense": 13468000.0,
        "Other Gand A": 13468000.0,
        "Gross Profit": 400000.0,
        "Cost Of Revenue": 1271000.0,
        "Total Revenue": 1671000.0,
        "Operating Revenue": 1671000.0
    },
    "2023-09-30": {
        "Tax Effect Of Unusual Items": 0.0,
        "Tax Rate For Calcs": 0.0,
        "Normalized EBITDA": -81106000.0,
        "Total Unusual Items": -18000.0,
        "Total Unusual Items Excluding Goodwill": -18000.0,
        "Net Income From Continuing Operation Net Minority Interest": -77880000.0,
        "Reconciled Depreciation": 419000.0,
        "Reconciled Cost Of Revenue": 275000.0,
        "EBITDA": -81124000.0,
        "EBIT": -81543000.0,
        "Net Interest Income": -1717000.0,
        "Interest Expense": 1717000.0,
        "Interest Income": NaN,
        "Normalized Income": -77862000.0,
        "Net Income From Continuing And Discontinued Operation": -77880000.0,
        "Total Expenses": 47211000.0,
        "Total Operating Income As Reported": -46972000.0,
        "Diluted Average Shares": 104866006.0,
        "Basic Average Shares": 104866006.0,
        "Diluted EPS": -0.74,
        "Basic EPS": -0.74,
        "Diluted NI Availto Com Stockholders": -77880000.0,
        "Net Income Common Stockholders": -77880000.0,
        "Net Income": -77880000.0,
        "Minority Interests": 5380000.0,
        "Net Income Including Noncontrolling Interests": -83260000.0,
        "Net Income Continuous Operations": -83260000.0,
        "Tax Provision": 0.0,
        "Pretax Income": -83260000.0,
        "Other Income Expense": -34571000.0,
        "Other Non Operating Income Expenses": -337000.0,
        "Earnings From Equity Interest": -34216000.0,
        "Gain On Sale Of Security": -18000.0,
        "Net Non Operating Interest Income Expense": -1717000.0,
        "Interest Expense Non Operating": 1717000.0,
        "Interest Income Non Operating": NaN,
        "Operating Income": -46972000.0,
        "Operating Expense": 46936000.0,
        "Other Operating Expenses": 34208000.0,
        "Research And Development": 1247000.0,
        "Selling General And Administration": 11481000.0,
        "Selling And Marketing Expense": 36000.0,
        "General And Administrative Expense": 11445000.0,
        "Other Gand A": 11445000.0,
        "Gross Profit": -36000.0,
        "Cost Of Revenue": 275000.0,
        "Total Revenue": 239000.0,
        "Operating Revenue": 239000.0
    },
    "2023-06-30": {
        "Tax Effect Of Unusual Items": NaN,
        "Tax Rate For Calcs": NaN,
        "Normalized EBITDA": NaN,
        "Total Unusual Items": NaN,
        "Total Unusual Items Excluding Goodwill": NaN,
        "Net Income From Continuing Operation Net Minority Interest": NaN,
        "Reconciled Depreciation": NaN,
        "Reconciled Cost Of Revenue": NaN,
        "EBITDA": NaN,
        "EBIT": NaN,
        "Net Interest Income": NaN,
        "Interest Expense": 713000.0,
        "Interest Income": NaN,
        "Normalized Income": NaN,
        "Net Income From Continuing And Discontinued Operation": NaN,
        "Total Expenses": NaN,
        "Total Operating Income As Reported": NaN,
        "Diluted Average Shares": 93124994.0,
        "Basic Average Shares": 93124994.0,
        "Diluted EPS": -0.41,
        "Basic EPS": -0.41,
        "Diluted NI Availto Com Stockholders": NaN,
        "Net Income Common Stockholders": NaN,
        "Net Income": NaN,
        "Minority Interests": NaN,
        "Net Income Including Noncontrolling Interests": NaN,
        "Net Income Continuous Operations": NaN,
        "Tax Provision": NaN,
        "Pretax Income": NaN,
        "Other Income Expense": NaN,
        "Other Non Operating Income Expenses": NaN,
        "Earnings From Equity Interest": NaN,
        "Gain On Sale Of Security": NaN,
        "Net Non Operating Interest Income Expense": NaN,
        "Interest Expense Non Operating": 713000.0,
        "Interest Income Non Operating": NaN,
        "Operating Income": NaN,
        "Operating Expense": NaN,
        "Other Operating Expenses": NaN,
        "Research And Development": NaN,
        "Selling General And Administration": NaN,
        "Selling And Marketing Expense": NaN,
        "General And Administrative Expense": NaN,
        "Other Gand A": NaN,
        "Gross Profit": NaN,
        "Cost Of Revenue": NaN,
        "Total Revenue": NaN,
        "Operating Revenue": NaN
    },
    "2023-03-31": {
        "Tax Effect Of Unusual Items": NaN,
        "Tax Rate For Calcs": NaN,
        "Normalized EBITDA": NaN,
        "Total Unusual Items": NaN,
        "Total Unusual Items Excluding Goodwill": NaN,
        "Net Income From Continuing Operation Net Minority Interest": NaN,
        "Reconciled Depreciation": NaN,
        "Reconciled Cost Of Revenue": NaN,
        "EBITDA": NaN,
        "EBIT": NaN,
        "Net Interest Income": NaN,
        "Interest Expense": NaN,
        "Interest Income": 32000.0,
        "Normalized Income": NaN,
        "Net Income From Continuing And Discontinued Operation": NaN,
        "Total Expenses": NaN,
        "Total Operating Income As Reported": NaN,
        "Diluted Average Shares": NaN,
        "Basic Average Shares": NaN,
        "Diluted EPS": NaN,
        "Basic EPS": NaN,
        "Diluted NI Availto Com Stockholders": NaN,
        "Net Income Common Stockholders": NaN,
        "Net Income": NaN,
        "Minority Interests": NaN,
        "Net Income Including Noncontrolling Interests": NaN,
        "Net Income Continuous Operations": NaN,
        "Tax Provision": NaN,
        "Pretax Income": NaN,
        "Other Income Expense": NaN,
        "Other Non Operating Income Expenses": NaN,
        "Earnings From Equity Interest": NaN,
        "Gain On Sale Of Security": NaN,
        "Net Non Operating Interest Income Expense": NaN,
        "Interest Expense Non Operating": NaN,
        "Interest Income Non Operating": 32000.0,
        "Operating Income": NaN,
        "Operating Expense": NaN,
        "Other Operating Expenses": NaN,
        "Research And Development": NaN,
        "Selling General And Administration": NaN,
        "Selling And Marketing Expense": NaN,
        "General And Administrative Expense": NaN,
        "Other Gand A": NaN,
        "Gross Profit": NaN,
        "Cost Of Revenue": NaN,
        "Total Revenue": NaN,
        "Operating Revenue": NaN
    },
    "2022-12-31": {
        "Tax Effect Of Unusual Items": NaN,
        "Tax Rate For Calcs": NaN,
        "Normalized EBITDA": NaN,
        "Total Unusual Items": NaN,
        "Total Unusual Items Excluding Goodwill": NaN,
        "Net Income From Continuing Operation Net Minority Interest": NaN,
        "Reconciled Depreciation": NaN,
        "Reconciled Cost Of Revenue": NaN,
        "EBITDA": NaN,
        "EBIT": NaN,
        "Net Interest Income": NaN,
        "Interest Expense": -227000.0,
        "Interest Income": NaN,
        "Normalized Income": NaN,
        "Net Income From Continuing And Discontinued Operation": NaN,
        "Total Expenses": NaN,
        "Total Operating Income As Reported": NaN,
        "Diluted Average Shares": NaN,
        "Basic Average Shares": NaN,
        "Diluted EPS": NaN,
        "Basic EPS": NaN,
        "Diluted NI Availto Com Stockholders": NaN,
        "Net Income Common Stockholders": NaN,
        "Net Income": NaN,
        "Minority Interests": NaN,
        "Net Income Including Noncontrolling Interests": NaN,
        "Net Income Continuous Operations": NaN,
        "Tax Provision": NaN,
        "Pretax Income": NaN,
        "Other Income Expense": NaN,
        "Other Non Operating Income Expenses": NaN,
        "Earnings From Equity Interest": NaN,
        "Gain On Sale Of Security": NaN,
        "Net Non Operating Interest Income Expense": NaN,
        "Interest Expense Non Operating": -227000.0,
        "Interest Income Non Operating": NaN,
        "Operating Income": NaN,
        "Operating Expense": NaN,
        "Other Operating Expenses": NaN,
        "Research And Development": NaN,
        "Selling General And Administration": NaN,
        "Selling And Marketing Expense": NaN,
        "General And Administrative Expense": NaN,
        "Other Gand A": NaN,
        "Gross Profit": NaN,
        "Cost Of Revenue": NaN,
        "Total Revenue": NaN,
        "Operating Revenue": NaN
    },
    "2022-09-30": {
        "Tax Effect Of Unusual Items": NaN,
        "Tax Rate For Calcs": NaN,
        "Normalized EBITDA": NaN,
        "Total Unusual Items": NaN,
        "Total Unusual Items Excluding Goodwill": NaN,
        "Net Income From Continuing Operation Net Minority Interest": NaN,
        "Reconciled Depreciation": NaN,
        "Reconciled Cost Of Revenue": NaN,
        "EBITDA": NaN,
        "EBIT": NaN,
        "Net Interest Income": NaN,
        "Interest Expense": 164000.0,
        "Interest Income": NaN,
        "Normalized Income": NaN,
        "Net Income From Continuing And Discontinued Operation": NaN,
        "Total Expenses": NaN,
        "Total Operating Income As Reported": NaN,
        "Diluted Average Shares": 92887918.0,
        "Basic Average Shares": 92887918.0,
        "Diluted EPS": -0.43,
        "Basic EPS": -0.43,
        "Diluted NI Availto Com Stockholders": NaN,
        "Net Income Common Stockholders": NaN,
        "Net Income": NaN,
        "Minority Interests": NaN,
        "Net Income Including Noncontrolling Interests": NaN,
        "Net Income Continuous Operations": NaN,
        "Tax Provision": NaN,
        "Pretax Income": NaN,
        "Other Income Expense": NaN,
        "Other Non Operating Income Expenses": NaN,
        "Earnings From Equity Interest": NaN,
        "Gain On Sale Of Security": NaN,
        "Net Non Operating Interest Income Expense": NaN,
        "Interest Expense Non Operating": 164000.0,
        "Interest Income Non Operating": NaN,
        "Operating Income": NaN,
        "Operating Expense": NaN,
        "Other Operating Expenses": NaN,
        "Research And Development": NaN,
        "Selling General And Administration": NaN,
        "Selling And Marketing Expense": NaN,
        "General And Administrative Expense": NaN,
        "Other Gand A": NaN,
        "Gross Profit": NaN,
        "Cost Of Revenue": NaN,
        "Total Revenue": NaN,
        "Operating Revenue": NaN
    },
    "2024-06-30": {
        "Tax Effect Of Unusual Items": 0.0,
        "Tax Rate For Calcs": 0.0,
        "Normalized EBITDA": -49298000.0,
        "Total Unusual Items": -1123000.0,
        "Total Unusual Items Excluding Goodwill": -1123000.0,
        "Net Income From Continuing Operation Net Minority Interest": -46783000.0,
        "Reconciled Depreciation": 713000.0,
        "Reconciled Cost Of Revenue": 192000.0,
        "EBITDA": -50421000.0,
        "EBIT": -51134000.0,
        "Net Interest Income": -387000.0,
        "Interest Expense": 387000.0,
        "Interest Income": NaN,
        "Normalized Income": -45660000.0,
        "Net Income From Continuing And Discontinued Operation": -46783000.0,
        "Total Expenses": 49084000.0,
        "Total Operating Income As Reported": -48546000.0,
        "Diluted Average Shares": 120337642.0,
        "Basic Average Shares": 120337642.0,
        "Diluted EPS": -0.39,
        "Basic EPS": -0.39,
        "Diluted NI Availto Com Stockholders": -46783000.0,
        "Net Income Common Stockholders": -46783000.0,
        "Net Income": -46783000.0,
        "Minority Interests": 4738000.0,
        "Net Income Including Noncontrolling Interests": -51521000.0,
        "Net Income Continuous Operations": -51521000.0,
        "Tax Provision": 0.0,
        "Pretax Income": -51521000.0,
        "Other Income Expense": -2588000.0,
        "Other Non Operating Income Expenses": -12000.0,
        "Earnings From Equity Interest": -1453000.0,
        "Gain On Sale Of Security": -1123000.0,
        "Net Non Operating Interest Income Expense": -387000.0,
        "Interest Expense Non Operating": 387000.0,
        "Interest Income Non Operating": NaN,
        "Operating Income": -48546000.0,
        "Operating Expense": 48892000.0,
        "Other Operating Expenses": 37254000.0,
        "Research And Development": 842000.0,
        "Selling General And Administration": 10796000.0,
        "Selling And Marketing Expense": 102000.0,
        "General And Administrative Expense": 10694000.0,
        "Other Gand A": 10694000.0,
        "Gross Profit": 346000.0,
        "Cost Of Revenue": 192000.0,
        "Total Revenue": 538000.0,
        "Operating Revenue": 538000.0
    },
    "2024-09-30": {
        "Tax Effect Of Unusual Items": 0.0,
        "Tax Rate For Calcs": 0.0,
        "Normalized EBITDA": -45694000.0,
        "Total Unusual Items": 36000.0,
        "Total Unusual Items Excluding Goodwill": 36000.0,
        "Net Income From Continuing Operation Net Minority Interest": -43236000.0,
        "Reconciled Depreciation": 494000.0,
        "Reconciled Cost Of Revenue": 256000.0,
        "EBITDA": -45658000.0,
        "EBIT": -46152000.0,
        "Net Interest Income": -972000.0,
        "Interest Expense": 972000.0,
        "Interest Income": NaN,
        "Normalized Income": -43272000.0,
        "Net Income From Continuing And Discontinued Operation": -43236000.0,
        "Total Expenses": 42500000.0,
        "Total Operating Income As Reported": -41829000.0,
        "Diluted Average Shares": 120406215.0,
        "Basic Average Shares": 120406215.0,
        "Diluted EPS": -0.36,
        "Basic EPS": -0.36,
        "Diluted NI Availto Com Stockholders": -43236000.0,
        "Net Income Common Stockholders": -43236000.0,
        "Net Income": -43236000.0,
        "Minority Interests": 3888000.0,
        "Net Income Including Noncontrolling Interests": -47124000.0,
        "Net Income Continuous Operations": -47124000.0,
        "Tax Provision": 0.0,
        "Pretax Income": -47124000.0,
        "Other Income Expense": -4323000.0,
        "Other Non Operating Income Expenses": -99000.0,
        "Earnings From Equity Interest": -4260000.0,
        "Gain On Sale Of Security": 36000.0,
        "Net Non Operating Interest Income Expense": -972000.0,
        "Interest Expense Non Operating": 972000.0,
        "Interest Income Non Operating": NaN,
        "Operating Income": -41829000.0,
        "Operating Expense": 42244000.0,
        "Other Operating Expenses": 30459000.0,
        "Research And Development": 871000.0,
        "Selling General And Administration": 10914000.0,
        "Selling And Marketing Expense": 55000.0,
        "General And Administrative Expense": 10859000.0,
        "Other Gand A": 10859000.0,
        "Gross Profit": 415000.0,
        "Cost Of Revenue": 256000.0,
        "Total Revenue": 671000.0,
        "Operating Revenue": 671000.0
    }
}