{
    "2023-03-31": {
        "Tax Effect Of Unusual Items": NaN,
        "Tax Rate For Calcs": NaN,
        "Normalized EBITDA": NaN,
        "Total Unusual Items": NaN,
        "Total Unusual Items Excluding Goodwill": NaN,
        "Net Income From Continuing Operation Net Minority Interest": NaN,
        "Reconciled Depreciation": NaN,
        "Reconciled Cost Of Revenue": NaN,
        "EBITDA": NaN,
        "EBIT": NaN,
        "Net Interest Income": NaN,
        "Interest Expense": NaN,
        "Interest Income": NaN,
        "Normalized Income": NaN,
        "Net Income From Continuing And Discontinued Operation": NaN,
        "Total Expenses": NaN,
        "Total Operating Income As Reported": NaN,
        "Diluted Average Shares": 44771703.0,
        "Basic Average Shares": 44771703.0,
        "Diluted EPS": -0.25,
        "Basic EPS": -0.25,
        "Diluted NI Availto Com Stockholders": NaN,
        "Net Income Common Stockholders": NaN,
        "Net Income": NaN,
        "Net Income Including Noncontrolling Interests": NaN,
        "Net Income Continuous Operations": NaN,
        "Tax Provision": NaN,
        "Pretax Income": NaN,
        "Other Income Expense": NaN,
        "Gain On Sale Of Security": NaN,
        "Net Non Operating Interest Income Expense": NaN,
        "Total Other Finance Cost": -197808.0,
        "Interest Expense Non Operating": NaN,
        "Interest Income Non Operating": NaN,
        "Operating Income": NaN,
        "Operating Expense": NaN,
        "Other Operating Expenses": NaN,
        "Research And Development": NaN,
        "Selling General And Administration": NaN,
        "Selling And Marketing Expense": NaN,
        "General And Administrative Expense": NaN,
        "Other Gand A": NaN,
        "Gross Profit": NaN,
        "Cost Of Revenue": NaN,
        "Total Revenue": NaN,
        "Operating Revenue": NaN
    },
    "2022-12-31": {
        "Tax Effect Of Unusual Items": 0.0,
        "Tax Rate For Calcs": 0.0,
        "Normalized EBITDA": -7140552.0,
        "Total Unusual Items": -731586.0,
        "Total Unusual Items Excluding Goodwill": -731586.0,
        "Net Income From Continuing Operation Net Minority Interest": -8026286.0,
        "Reconciled Depreciation": 148274.0,
        "Reconciled Cost Of Revenue": NaN,
        "EBITDA": -7872138.0,
        "EBIT": -8020412.0,
        "Net Interest Income": 403937.0,
        "Interest Expense": 5874.0,
        "Interest Income": 298558.0,
        "Normalized Income": -7294700.0,
        "Net Income From Continuing And Discontinued Operation": -8026286.0,
        "Total Expenses": 7698637.0,
        "Total Operating Income As Reported": -7698637.0,
        "Diluted Average Shares": NaN,
        "Basic Average Shares": NaN,
        "Diluted EPS": NaN,
        "Basic EPS": NaN,
        "Diluted NI Availto Com Stockholders": -8026286.0,
        "Net Income Common Stockholders": -8026286.0,
        "Net Income": -8026286.0,
        "Net Income Including Noncontrolling Interests": -8026286.0,
        "Net Income Continuous Operations": -8026286.0,
        "Tax Provision": 0.0,
        "Pretax Income": -8026286.0,
        "Other Income Expense": -731586.0,
        "Gain On Sale Of Security": -731586.0,
        "Net Non Operating Interest Income Expense": 403937.0,
        "Total Other Finance Cost": -111253.0,
        "Interest Expense Non Operating": 5874.0,
        "Interest Income Non Operating": 298558.0,
        "Operating Income": -7698637.0,
        "Operating Expense": 7698637.0,
        "Other Operating Expenses": -3685092.0,
        "Research And Development": 8335859.0,
        "Selling General And Administration": 2521545.0,
        "Selling And Marketing Expense": NaN,
        "General And Administrative Expense": 2521545.0,
        "Other Gand A": -7183601.0,
        "Gross Profit": NaN,
        "Cost Of Revenue": NaN,
        "Total Revenue": 0.0,
        "Operating Revenue": 0.0
    },
    "2022-09-30": {
        "Tax Effect Of Unusual Items": NaN,
        "Tax Rate For Calcs": NaN,
        "Normalized EBITDA": NaN,
        "Total Unusual Items": NaN,
        "Total Unusual Items Excluding Goodwill": NaN,
        "Net Income From Continuing Operation Net Minority Interest": NaN,
        "Reconciled Depreciation": NaN,
        "Reconciled Cost Of Revenue": 0.0,
        "EBITDA": NaN,
        "EBIT": NaN,
        "Net Interest Income": NaN,
        "Interest Expense": NaN,
        "Interest Income": NaN,
        "Normalized Income": NaN,
        "Net Income From Continuing And Discontinued Operation": NaN,
        "Total Expenses": NaN,
        "Total Operating Income As Reported": NaN,
        "Diluted Average Shares": 44203763.0,
        "Basic Average Shares": 44203763.0,
        "Diluted EPS": -0.18,
        "Basic EPS": -0.18,
        "Diluted NI Availto Com Stockholders": NaN,
        "Net Income Common Stockholders": NaN,
        "Net Income": NaN,
        "Net Income Including Noncontrolling Interests": NaN,
        "Net Income Continuous Operations": NaN,
        "Tax Provision": NaN,
        "Pretax Income": NaN,
        "Other Income Expense": NaN,
        "Gain On Sale Of Security": NaN,
        "Net Non Operating Interest Income Expense": NaN,
        "Total Other Finance Cost": NaN,
        "Interest Expense Non Operating": NaN,
        "Interest Income Non Operating": NaN,
        "Operating Income": NaN,
        "Operating Expense": NaN,
        "Other Operating Expenses": NaN,
        "Research And Development": NaN,
        "Selling General And Administration": NaN,
        "Selling And Marketing Expense": NaN,
        "General And Administrative Expense": NaN,
        "Other Gand A": NaN,
        "Gross Profit": 0.0,
        "Cost Of Revenue": 0.0,
        "Total Revenue": NaN,
        "Operating Revenue": NaN
    },
    "2022-06-30": {
        "Tax Effect Of Unusual Items": 0.0,
        "Tax Rate For Calcs": 0.0,
        "Normalized EBITDA": -942711.0,
        "Total Unusual Items": 1563580.0,
        "Total Unusual Items Excluding Goodwill": 1563580.0,
        "Net Income From Continuing Operation Net Minority Interest": 465376.0,
        "Reconciled Depreciation": 147549.0,
        "EBITDA": 620869.0,
        "EBIT": 473320.0,
        "Net Interest Income": -11544.0,
        "Interest Expense": 7945.0,
        "Interest Income": 82401.0,
        "Normalized Income": -1098204.0,
        "Net Income From Continuing And Discontinued Operation": 465376.0,
        "Total Expenses": 1086661.0,
        "Total Operating Income As Reported": -1086661.0,
        "Diluted Average Shares": 44203763.0,
        "Basic Average Shares": 44203763.0,
        "Diluted EPS": 0.01,
        "Basic EPS": 0.01,
        "Diluted NI Availto Com Stockholders": 465376.0,
        "Net Income Common Stockholders": 465376.0,
        "Net Income": 465376.0,
        "Net Income Including Noncontrolling Interests": 465376.0,
        "Net Income Continuous Operations": 465376.0,
        "Tax Provision": 0.0,
        "Pretax Income": 465375.0,
        "Other Income Expense": 1563580.0,
        "Gain On Sale Of Security": 1563580.0,
        "Net Non Operating Interest Income Expense": -11544.0,
        "Total Other Finance Cost": 86000.0,
        "Interest Expense Non Operating": 7945.0,
        "Interest Income Non Operating": 82401.0,
        "Operating Income": -1086661.0,
        "Operating Expense": 1086661.0,
        "Other Operating Expenses": -14441262.0,
        "Research And Development": 11180958.0,
        "Selling General And Administration": 4346965.0,
        "Selling And Marketing Expense": NaN,
        "General And Administrative Expense": 4346965.0,
        "Other Gand A": 4346965.0,
        "Total Revenue": 0.0,
        "Operating Revenue": 0.0
    },
    "2022-03-31": {
        "Diluted EPS": -0.36,
        "Total Revenue": NaN,
        "Gross Profit": NaN,
        "Operating Income": -17,
        "EBIT": -17,
        "Net Income": -16
    },
    "2021-12-31": {
        "Diluted EPS": -0.37,
        "Total Revenue": NaN,
        "Gross Profit": NaN,
        "Operating Income": -15,
        "EBIT": -15,
        "Net Income": -15
    },
    "2021-09-30": {
        "Diluted EPS": -0.32,
        "Total Revenue": NaN,
        "Gross Profit": NaN,
        "Operating Income": -15,
        "EBIT": -15,
        "Net Income": -14
    },
    "2021-06-30": {
        "Diluted EPS": -0.4,
        "Total Revenue": NaN,
        "Gross Profit": NaN,
        "Operating Income": -17,
        "EBIT": -17,
        "Net Income": -18
    },
    "2021-03-31": {
        "Diluted EPS": -0.22,
        "Total Revenue": NaN,
        "Gross Profit": NaN,
        "Operating Income": -10,
        "EBIT": -9,
        "Net Income": -7
    },
    "2020-12-31": {
        "Diluted EPS": -0.38,
        "Total Revenue": NaN,
        "Gross Profit": NaN,
        "Operating Income": -10,
        "EBIT": -10,
        "Net Income": -11
    },
    "2020-09-30": {
        "Diluted EPS": -0.29,
        "Total Revenue": NaN,
        "Gross Profit": NaN,
        "Operating Income": -7,
        "EBIT": -7,
        "Net Income": -8
    },
    "2020-06-30": {
        "Diluted EPS": -0.42,
        "Total Revenue": NaN,
        "Gross Profit": NaN,
        "Operating Income": -11,
        "EBIT": -10,
        "Net Income": -11
    },
    "2020-03-31": {
        "Diluted EPS": -0.35,
        "Total Revenue": NaN,
        "Gross Profit": NaN,
        "Operating Income": -11,
        "EBIT": -11,
        "Net Income": -9
    },
    "2019-12-31": {
        "Diluted EPS": -0.58,
        "Total Revenue": NaN,
        "Gross Profit": NaN,
        "Operating Income": -15,
        "EBIT": -15,
        "Net Income": -15
    },
    "2019-09-30": {
        "Diluted EPS": -0.62,
        "Total Revenue": NaN,
        "Gross Profit": NaN,
        "Operating Income": -18,
        "EBIT": -17,
        "Net Income": -16
    },
    "2019-06-30": {
        "Diluted EPS": -0.66,
        "Total Revenue": NaN,
        "Gross Profit": NaN,
        "Operating Income": -18,
        "EBIT": -18,
        "Net Income": -17
    },
    "2019-03-31": {
        "Diluted EPS": -0.43,
        "Total Revenue": NaN,
        "Gross Profit": NaN,
        "Operating Income": -12,
        "EBIT": -12,
        "Net Income": -11
    },
    "2018-12-31": {
        "Diluted EPS": -0.45,
        "Total Revenue": NaN,
        "Gross Profit": NaN,
        "Operating Income": -15,
        "EBIT": -15,
        "Net Income": -12
    },
    "2018-09-30": {
        "Diluted EPS": -0.35,
        "Total Revenue": NaN,
        "Gross Profit": NaN,
        "Operating Income": -10,
        "EBIT": -10,
        "Net Income": -8
    },
    "2018-06-30": {
        "Diluted EPS": -0.12,
        "Total Revenue": NaN,
        "Gross Profit": NaN,
        "Operating Income": -10,
        "EBIT": -10,
        "Net Income": -3
    },
    "2018-03-31": {
        "Diluted EPS": -0.49,
        "Total Revenue": NaN,
        "Gross Profit": NaN,
        "Operating Income": -10,
        "EBIT": -10,
        "Net Income": -13
    },
    "2017-09-30": {
        "Diluted EPS": -169.24,
        "Total Revenue": NaN,
        "Gross Profit": NaN,
        "Operating Income": -4,
        "EBIT": -4,
        "Net Income": -5
    },
    "2017-06-30": {
        "Diluted EPS": -182.58,
        "Total Revenue": NaN,
        "Gross Profit": NaN,
        "Operating Income": -4,
        "EBIT": -4,
        "Net Income": -5
    },
    "2016-12-31": {
        "Diluted EPS": 0.0,
        "Total Revenue": NaN,
        "Gross Profit": NaN,
        "Operating Income": NaN,
        "EBIT": NaN,
        "Net Income": NaN
    },
    "2023-06-30": {
        "Tax Effect Of Unusual Items": 0.0,
        "Tax Rate For Calcs": 0.0,
        "Normalized EBITDA": -8819364.0,
        "Total Unusual Items": 767646.0,
        "Total Unusual Items Excluding Goodwill": 767646.0,
        "Net Income From Continuing Operation Net Minority Interest": -8202130.0,
        "Reconciled Depreciation": 145359.0,
        "Reconciled Cost Of Revenue": 0.0,
        "EBITDA": -8051718.0,
        "EBIT": -8197077.0,
        "Net Interest Income": 886392.0,
        "Interest Expense": 5052.0,
        "Interest Income": 1087011.0,
        "Normalized Income": -8969776.0,
        "Net Income From Continuing And Discontinued Operation": -8202130.0,
        "Total Expenses": 9856167.0,
        "Total Operating Income As Reported": -9856168.0,
        "Diluted Average Shares": 56985734.0,
        "Basic Average Shares": 56985734.0,
        "Diluted EPS": -0.14,
        "Basic EPS": -0.14,
        "Diluted NI Availto Com Stockholders": -8202130.0,
        "Net Income Common Stockholders": -8202130.0,
        "Net Income": -8202130.0,
        "Net Income Including Noncontrolling Interests": -8202129.0,
        "Net Income Continuous Operations": -8202129.0,
        "Tax Provision": 0.0,
        "Pretax Income": -8202129.0,
        "Other Income Expense": 767646.0,
        "Gain On Sale Of Security": 767646.0,
        "Net Non Operating Interest Income Expense": 886392.0,
        "Total Other Finance Cost": 195567.0,
        "Interest Expense Non Operating": 5052.0,
        "Interest Income Non Operating": 1087011.0,
        "Operating Income": -9856167.0,
        "Operating Expense": 9856167.0,
        "Other Operating Expenses": -4880284.0,
        "Research And Development": 10919595.0,
        "Selling General And Administration": 3816856.0,
        "Selling And Marketing Expense": 276051.0,
        "General And Administrative Expense": 3540805.0,
        "Other Gand A": 3540805.0,
        "Gross Profit": 0.0,
        "Cost Of Revenue": 0.0,
        "Total Revenue": 0.0,
        "Operating Revenue": 0.0
    },
    "2023-09-30": {
        "Tax Effect Of Unusual Items": 0.0,
        "Tax Rate For Calcs": 0.0,
        "Normalized EBITDA": -9600531.0,
        "Total Unusual Items": 2292938.0,
        "Total Unusual Items Excluding Goodwill": 2292938.0,
        "Net Income From Continuing Operation Net Minority Interest": -7451410.0,
        "Reconciled Depreciation": 138920.0,
        "Reconciled Cost Of Revenue": 255116.0,
        "EBITDA": -7307593.0,
        "EBIT": -7446513.0,
        "Net Interest Income": 1406506.0,
        "Interest Expense": 4897.0,
        "Interest Income": 1189826.0,
        "Normalized Income": -9744348.0,
        "Net Income From Continuing And Discontinued Operation": -7451410.0,
        "Total Expenses": 11211657.0,
        "Total Operating Income As Reported": -11150854.0,
        "Diluted Average Shares": 58883272.0,
        "Basic Average Shares": 58883272.0,
        "Diluted EPS": -0.13,
        "Basic EPS": -0.13,
        "Diluted NI Availto Com Stockholders": -7451410.0,
        "Net Income Common Stockholders": -7451410.0,
        "Net Income": -7451410.0,
        "Net Income Including Noncontrolling Interests": -7451410.0,
        "Net Income Continuous Operations": -7451410.0,
        "Tax Provision": 0.0,
        "Pretax Income": -7451410.0,
        "Other Income Expense": 2292938.0,
        "Gain On Sale Of Security": 2292938.0,
        "Net Non Operating Interest Income Expense": 1406506.0,
        "Total Other Finance Cost": -221577.0,
        "Interest Expense Non Operating": 4897.0,
        "Interest Income Non Operating": 1189826.0,
        "Operating Income": -11150854.0,
        "Operating Expense": 10956541.0,
        "Other Operating Expenses": -809205.0,
        "Research And Development": 7305541.0,
        "Selling General And Administration": 4460205.0,
        "Selling And Marketing Expense": 1562473.0,
        "General And Administrative Expense": 2897732.0,
        "Other Gand A": 2897732.0,
        "Gross Profit": -194313.0,
        "Cost Of Revenue": 255116.0,
        "Total Revenue": 60803.0,
        "Operating Revenue": 60803.0
    },
    "2023-12-31": {
        "Tax Effect Of Unusual Items": 0.0,
        "Tax Rate For Calcs": 0.0,
        "Normalized EBITDA": -12009327.0,
        "Total Unusual Items": -3765146.0,
        "Total Unusual Items Excluding Goodwill": -3765146.0,
        "Net Income From Continuing Operation Net Minority Interest": -15930156.0,
        "Reconciled Depreciation": 135532.0,
        "Reconciled Cost Of Revenue": 277146.0,
        "EBITDA": -15774473.0,
        "EBIT": -15910005.0,
        "Net Interest Income": 1141224.0,
        "Interest Expense": 20152.0,
        "Interest Income": 1071954.0,
        "Normalized Income": -12165010.0,
        "Net Income From Continuing And Discontinued Operation": -15930156.0,
        "Total Expenses": 13308521.0,
        "Total Operating Income As Reported": -13306235.0,
        "Diluted Average Shares": NaN,
        "Basic Average Shares": NaN,
        "Diluted EPS": NaN,
        "Basic EPS": NaN,
        "Diluted NI Availto Com Stockholders": -15930156.0,
        "Net Income Common Stockholders": -15930156.0,
        "Net Income": -15930156.0,
        "Net Income Including Noncontrolling Interests": -15930157.0,
        "Net Income Continuous Operations": -15930157.0,
        "Tax Provision": 0.0,
        "Pretax Income": -15930157.0,
        "Other Income Expense": -3765146.0,
        "Gain On Sale Of Security": -3765146.0,
        "Net Non Operating Interest Income Expense": 1141224.0,
        "Total Other Finance Cost": -89422.0,
        "Interest Expense Non Operating": 20152.0,
        "Interest Income Non Operating": 1071954.0,
        "Operating Income": -13306235.0,
        "Operating Expense": 13031375.0,
        "Other Operating Expenses": 219848.0,
        "Research And Development": 8067087.0,
        "Selling General And Administration": 4236535.0,
        "Selling And Marketing Expense": 67217.0,
        "General And Administrative Expense": 4169318.0,
        "Other Gand A": -4505038.0,
        "Gross Profit": -274860.0,
        "Cost Of Revenue": 277146.0,
        "Total Revenue": 2286.0,
        "Operating Revenue": 2286.0
    },
    "2024-03-31": {
        "Tax Effect Of Unusual Items": 0.0,
        "Tax Rate For Calcs": 0.0,
        "Normalized EBITDA": -11353030.0,
        "Total Unusual Items": 1824375.0,
        "Total Unusual Items Excluding Goodwill": 1824375.0,
        "Net Income From Continuing Operation Net Minority Interest": -9657236.0,
        "Reconciled Depreciation": 123949.0,
        "Reconciled Cost Of Revenue": 220521.0,
        "EBITDA": -9528655.0,
        "EBIT": -9652604.0,
        "Net Interest Income": 1007079.0,
        "Interest Expense": 4632.0,
        "Interest Income": 908426.0,
        "Normalized Income": -11481611.0,
        "Net Income From Continuing And Discontinued Operation": -9657236.0,
        "Total Expenses": 12524727.0,
        "Total Operating Income As Reported": -12488690.0,
        "Diluted Average Shares": 58883272.0,
        "Basic Average Shares": 58883272.0,
        "Diluted EPS": -0.17,
        "Basic EPS": -0.17,
        "Diluted NI Availto Com Stockholders": -9657236.0,
        "Net Income Common Stockholders": -9657236.0,
        "Net Income": -9657236.0,
        "Net Income Including Noncontrolling Interests": -9657236.0,
        "Net Income Continuous Operations": -9657236.0,
        "Tax Provision": 0.0,
        "Pretax Income": -9657236.0,
        "Other Income Expense": 1824375.0,
        "Gain On Sale Of Security": 1824375.0,
        "Net Non Operating Interest Income Expense": 1007079.0,
        "Total Other Finance Cost": -103285.0,
        "Interest Expense Non Operating": 4632.0,
        "Interest Income Non Operating": 908426.0,
        "Operating Income": -12488690.0,
        "Operating Expense": 12304206.0,
        "Other Operating Expenses": -36293.0,
        "Research And Development": 7301810.0,
        "Selling General And Administration": 5038689.0,
        "Selling And Marketing Expense": 1459539.0,
        "General And Administrative Expense": 3579150.0,
        "Other Gand A": 3579150.0,
        "Gross Profit": -184484.0,
        "Cost Of Revenue": 220521.0,
        "Total Revenue": 36037.0,
        "Operating Revenue": 36037.0
    },
    "2024-06-30": {
        "Tax Effect Of Unusual Items": 0.0,
        "Tax Rate For Calcs": 0.0,
        "Normalized EBITDA": -14409436.0,
        "Total Unusual Items": 711411.0,
        "Total Unusual Items Excluding Goodwill": 711411.0,
        "Net Income From Continuing Operation Net Minority Interest": -13845741.0,
        "Reconciled Depreciation": 138983.0,
        "Reconciled Cost Of Revenue": 348153.0,
        "EBITDA": -13698025.0,
        "EBIT": -13837008.0,
        "Net Interest Income": 839511.0,
        "Interest Expense": 8732.0,
        "Interest Income": 848243.0,
        "Normalized Income": -14557152.0,
        "Net Income From Continuing And Discontinued Operation": -13845741.0,
        "Total Expenses": 15403019.0,
        "Total Operating Income As Reported": -15396663.0,
        "Diluted Average Shares": 58883272.0,
        "Basic Average Shares": 58883272.0,
        "Diluted EPS": -0.24,
        "Basic EPS": -0.24,
        "Diluted NI Availto Com Stockholders": -13845741.0,
        "Net Income Common Stockholders": -13845741.0,
        "Net Income": -13845741.0,
        "Net Income Including Noncontrolling Interests": -13845740.0,
        "Net Income Continuous Operations": -13845740.0,
        "Tax Provision": 0.0,
        "Pretax Income": -13845740.0,
        "Other Income Expense": 711411.0,
        "Gain On Sale Of Security": 711411.0,
        "Net Non Operating Interest Income Expense": 839511.0,
        "Total Other Finance Cost": NaN,
        "Interest Expense Non Operating": 8732.0,
        "Interest Income Non Operating": 848243.0,
        "Operating Income": -15396662.0,
        "Operating Expense": 15054866.0,
        "Other Operating Expenses": -16730.0,
        "Research And Development": 10016870.0,
        "Selling General And Administration": 5054726.0,
        "Selling And Marketing Expense": 1828628.0,
        "General And Administrative Expense": 3226098.0,
        "Other Gand A": 3226098.0,
        "Gross Profit": -341796.0,
        "Cost Of Revenue": 348153.0,
        "Total Revenue": 6357.0,
        "Operating Revenue": 6357.0
    }
}