{
    "2023-03-31": {
        "Tax Effect Of Unusual Items": NaN,
        "Tax Rate For Calcs": NaN,
        "Normalized EBITDA": NaN,
        "Net Income From Continuing Operation Net Minority Interest": NaN,
        "Reconciled Depreciation": NaN,
        "EBITDA": NaN,
        "EBIT": NaN,
        "Net Interest Income": NaN,
        "Interest Income": NaN,
        "Normalized Income": NaN,
        "Net Income From Continuing And Discontinued Operation": NaN,
        "Total Expenses": NaN,
        "Total Operating Income As Reported": NaN,
        "Diluted Average Shares": NaN,
        "Basic Average Shares": NaN,
        "Diluted EPS": NaN,
        "Basic EPS": NaN,
        "Diluted NI Availto Com Stockholders": NaN,
        "Net Income Common Stockholders": NaN,
        "Net Income": NaN,
        "Net Income Including Noncontrolling Interests": NaN,
        "Net Income Continuous Operations": NaN,
        "Tax Provision": NaN,
        "Pretax Income": NaN,
        "Other Income Expense": -20000.0,
        "Other Non Operating Income Expenses": -20000.0,
        "Net Non Operating Interest Income Expense": NaN,
        "Interest Income Non Operating": NaN,
        "Operating Income": NaN,
        "Operating Expense": NaN,
        "Research And Development": NaN,
        "Selling General And Administration": NaN,
        "General And Administrative Expense": NaN,
        "Other Gand A": NaN,
        "Total Revenue": NaN,
        "Operating Revenue": NaN
    },
    "2022-12-31": {
        "Tax Effect Of Unusual Items": NaN,
        "Tax Rate For Calcs": NaN,
        "Normalized EBITDA": NaN,
        "Net Income From Continuing Operation Net Minority Interest": NaN,
        "Reconciled Depreciation": NaN,
        "EBITDA": NaN,
        "EBIT": NaN,
        "Net Interest Income": NaN,
        "Interest Income": NaN,
        "Normalized Income": NaN,
        "Net Income From Continuing And Discontinued Operation": NaN,
        "Total Expenses": NaN,
        "Total Operating Income As Reported": NaN,
        "Diluted Average Shares": NaN,
        "Basic Average Shares": NaN,
        "Diluted EPS": NaN,
        "Basic EPS": NaN,
        "Diluted NI Availto Com Stockholders": NaN,
        "Net Income Common Stockholders": NaN,
        "Net Income": NaN,
        "Net Income Including Noncontrolling Interests": NaN,
        "Net Income Continuous Operations": NaN,
        "Tax Provision": NaN,
        "Pretax Income": NaN,
        "Other Income Expense": -58000.0,
        "Other Non Operating Income Expenses": -58000.0,
        "Net Non Operating Interest Income Expense": NaN,
        "Interest Income Non Operating": NaN,
        "Operating Income": NaN,
        "Operating Expense": NaN,
        "Research And Development": NaN,
        "Selling General And Administration": NaN,
        "General And Administrative Expense": NaN,
        "Other Gand A": NaN,
        "Total Revenue": NaN,
        "Operating Revenue": NaN
    },
    "2022-09-30": {
        "Tax Effect Of Unusual Items": 0.0,
        "Tax Rate For Calcs": 0.0,
        "Normalized EBITDA": -59003000.0,
        "Net Income From Continuing Operation Net Minority Interest": -58037000.0,
        "Reconciled Depreciation": 1509000.0,
        "EBITDA": -59003000.0,
        "EBIT": -60512000.0,
        "Net Interest Income": 2475000.0,
        "Interest Income": 2475000.0,
        "Normalized Income": -58037000.0,
        "Net Income From Continuing And Discontinued Operation": -58037000.0,
        "Total Expenses": 60843000.0,
        "Total Operating Income As Reported": -60512000.0,
        "Diluted Average Shares": 44034652.0,
        "Basic Average Shares": 44034652.0,
        "Diluted EPS": -1.32,
        "Basic EPS": -1.32,
        "Diluted NI Availto Com Stockholders": -58037000.0,
        "Net Income Common Stockholders": -58037000.0,
        "Net Income": -58037000.0,
        "Net Income Including Noncontrolling Interests": -58037000.0,
        "Net Income Continuous Operations": -58037000.0,
        "Tax Provision": NaN,
        "Pretax Income": -58037000.0,
        "Other Income Expense": NaN,
        "Other Non Operating Income Expenses": NaN,
        "Net Non Operating Interest Income Expense": 2475000.0,
        "Interest Income Non Operating": 2475000.0,
        "Operating Income": -60512000.0,
        "Operating Expense": 60843000.0,
        "Research And Development": 48179000.0,
        "Selling General And Administration": 12664000.0,
        "General And Administrative Expense": 12664000.0,
        "Other Gand A": 12664000.0,
        "Total Revenue": 331000.0,
        "Operating Revenue": 331000.0
    },
    "2022-06-30": {
        "Tax Effect Of Unusual Items": 0.0,
        "Tax Rate For Calcs": 0.0,
        "Normalized EBITDA": -57780000.0,
        "Net Income From Continuing Operation Net Minority Interest": -58595000.0,
        "Reconciled Depreciation": 1444000.0,
        "EBITDA": -57780000.0,
        "EBIT": -59224000.0,
        "Net Interest Income": NaN,
        "Interest Income": NaN,
        "Normalized Income": -58595000.0,
        "Net Income From Continuing And Discontinued Operation": -58595000.0,
        "Total Expenses": 59590000.0,
        "Total Operating Income As Reported": -59224000.0,
        "Diluted Average Shares": 43919092.0,
        "Basic Average Shares": 43919092.0,
        "Diluted EPS": -1.33,
        "Basic EPS": -1.33,
        "Diluted NI Availto Com Stockholders": -58595000.0,
        "Net Income Common Stockholders": -58595000.0,
        "Net Income": -58595000.0,
        "Net Income Including Noncontrolling Interests": -58595000.0,
        "Net Income Continuous Operations": -58595000.0,
        "Tax Provision": NaN,
        "Pretax Income": -58595000.0,
        "Other Income Expense": 629000.0,
        "Other Non Operating Income Expenses": 629000.0,
        "Net Non Operating Interest Income Expense": NaN,
        "Interest Income Non Operating": NaN,
        "Operating Income": -59224000.0,
        "Operating Expense": 59590000.0,
        "Research And Development": 47218000.0,
        "Selling General And Administration": 12372000.0,
        "General And Administrative Expense": 12372000.0,
        "Other Gand A": 12372000.0,
        "Total Revenue": 366000.0,
        "Operating Revenue": 366000.0
    },
    "2023-06-30": {
        "Tax Effect Of Unusual Items": NaN,
        "Tax Rate For Calcs": NaN,
        "Normalized EBITDA": NaN,
        "Net Income From Continuing Operation Net Minority Interest": NaN,
        "Reconciled Depreciation": NaN,
        "EBITDA": NaN,
        "EBIT": NaN,
        "Net Interest Income": NaN,
        "Interest Income": NaN,
        "Normalized Income": NaN,
        "Net Income From Continuing And Discontinued Operation": NaN,
        "Total Expenses": NaN,
        "Total Operating Income As Reported": NaN,
        "Diluted Average Shares": 45122900.0,
        "Basic Average Shares": 45122900.0,
        "Diluted EPS": -1.43,
        "Basic EPS": -1.43,
        "Diluted NI Availto Com Stockholders": NaN,
        "Net Income Common Stockholders": NaN,
        "Net Income": NaN,
        "Net Income Including Noncontrolling Interests": NaN,
        "Net Income Continuous Operations": NaN,
        "Tax Provision": NaN,
        "Pretax Income": NaN,
        "Other Income Expense": NaN,
        "Other Non Operating Income Expenses": NaN,
        "Net Non Operating Interest Income Expense": NaN,
        "Interest Income Non Operating": NaN,
        "Operating Income": NaN,
        "Operating Expense": NaN,
        "Research And Development": NaN,
        "Selling General And Administration": NaN,
        "General And Administrative Expense": NaN,
        "Other Gand A": NaN,
        "Total Revenue": NaN,
        "Operating Revenue": NaN
    },
    "2022-03-31": {
        "Diluted EPS": -1.53,
        "Total Revenue": NaN,
        "Gross Profit": NaN,
        "Operating Income": -52,
        "EBIT": -51,
        "Net Income": -52
    },
    "2021-12-31": {
        "Diluted EPS": -1.5,
        "Total Revenue": NaN,
        "Gross Profit": NaN,
        "Operating Income": -51,
        "EBIT": -49,
        "Net Income": -51
    },
    "2021-09-30": {
        "Diluted EPS": -1.32,
        "Total Revenue": NaN,
        "Gross Profit": NaN,
        "Operating Income": -44,
        "EBIT": -43,
        "Net Income": -44
    },
    "2021-06-30": {
        "Diluted EPS": -1.16,
        "Total Revenue": NaN,
        "Gross Profit": NaN,
        "Operating Income": -39,
        "EBIT": -37,
        "Net Income": -39
    },
    "2021-03-31": {
        "Diluted EPS": -0.95,
        "Total Revenue": NaN,
        "Gross Profit": NaN,
        "Operating Income": -32,
        "EBIT": -31,
        "Net Income": -32
    },
    "2020-12-31": {
        "Diluted EPS": -0.79,
        "Total Revenue": NaN,
        "Gross Profit": NaN,
        "Operating Income": -25,
        "EBIT": -24,
        "Net Income": -25
    },
    "2020-09-30": {
        "Diluted EPS": -0.66,
        "Total Revenue": NaN,
        "Gross Profit": NaN,
        "Operating Income": -21,
        "EBIT": -20,
        "Net Income": -20
    },
    "2020-06-30": {
        "Diluted EPS": -0.62,
        "Total Revenue": NaN,
        "Gross Profit": NaN,
        "Operating Income": -19,
        "EBIT": -19,
        "Net Income": -19
    },
    "2020-03-31": {
        "Diluted EPS": -0.58,
        "Total Revenue": NaN,
        "Gross Profit": NaN,
        "Operating Income": -19,
        "EBIT": -19,
        "Net Income": -18
    },
    "2019-12-31": {
        "Diluted EPS": 33.55,
        "Total Revenue": NaN,
        "Gross Profit": NaN,
        "Operating Income": -16,
        "EBIT": -16,
        "Net Income": -15
    },
    "2019-09-30": {
        "Diluted EPS": -2.41,
        "Total Revenue": NaN,
        "Gross Profit": NaN,
        "Operating Income": -11,
        "EBIT": -11,
        "Net Income": -10
    },
    "2019-06-30": {
        "Diluted EPS": -19.08,
        "Total Revenue": NaN,
        "Gross Profit": NaN,
        "Operating Income": -11,
        "EBIT": -10,
        "Net Income": -11
    },
    "2019-03-31": {
        "Diluted EPS": -16.86,
        "Total Revenue": NaN,
        "Gross Profit": NaN,
        "Operating Income": -7,
        "EBIT": -7,
        "Net Income": -7
    },
    "2018-12-31": {
        "Diluted EPS": 0.0,
        "Total Revenue": NaN,
        "Gross Profit": NaN,
        "Operating Income": NaN,
        "EBIT": NaN,
        "Net Income": NaN
    },
    "2018-09-30": {
        "Diluted EPS": -14.88,
        "Total Revenue": NaN,
        "Gross Profit": NaN,
        "Operating Income": -7,
        "EBIT": -7,
        "Net Income": -7
    },
    "2017-12-31": {
        "Diluted EPS": 0.0,
        "Total Revenue": NaN,
        "Gross Profit": NaN,
        "Operating Income": NaN,
        "EBIT": NaN,
        "Net Income": NaN
    },
    "2023-09-30": {
        "Tax Effect Of Unusual Items": 0.0,
        "Tax Rate For Calcs": 0.21,
        "Normalized EBITDA": -64501000.0,
        "Net Income From Continuing Operation Net Minority Interest": -61989000.0,
        "Reconciled Depreciation": 2259000.0,
        "EBITDA": -64501000.0,
        "EBIT": -66760000.0,
        "Net Interest Income": 5011000.0,
        "Interest Income": 5011000.0,
        "Normalized Income": -61989000.0,
        "Net Income From Continuing And Discontinued Operation": -61989000.0,
        "Total Expenses": 67269000.0,
        "Total Operating Income As Reported": -66760000.0,
        "Diluted Average Shares": 59580402.0,
        "Basic Average Shares": 59580402.0,
        "Diluted EPS": -1.04,
        "Basic EPS": -1.04,
        "Diluted NI Availto Com Stockholders": -61989000.0,
        "Net Income Common Stockholders": -61989000.0,
        "Net Income": -61989000.0,
        "Net Income Including Noncontrolling Interests": -61989000.0,
        "Net Income Continuous Operations": -61989000.0,
        "Tax Provision": 240000.0,
        "Pretax Income": -61749000.0,
        "Other Income Expense": NaN,
        "Other Non Operating Income Expenses": NaN,
        "Net Non Operating Interest Income Expense": 5011000.0,
        "Interest Income Non Operating": 5011000.0,
        "Operating Income": -66760000.0,
        "Operating Expense": 67269000.0,
        "Research And Development": 54762000.0,
        "Selling General And Administration": 12507000.0,
        "General And Administrative Expense": 12507000.0,
        "Other Gand A": 12507000.0,
        "Total Revenue": 509000.0,
        "Operating Revenue": 509000.0
    },
    "2023-12-31": {
        "Tax Effect Of Unusual Items": 0.0,
        "Tax Rate For Calcs": 0.21,
        "Normalized EBITDA": -62938000.0,
        "Net Income From Continuing Operation Net Minority Interest": -60695000.0,
        "Reconciled Depreciation": 2181000.0,
        "EBITDA": -62938000.0,
        "EBIT": -65119000.0,
        "Net Interest Income": 4666000.0,
        "Interest Income": 4666000.0,
        "Normalized Income": -60695000.0,
        "Net Income From Continuing And Discontinued Operation": -60695000.0,
        "Total Expenses": 65770000.0,
        "Total Operating Income As Reported": -65119000.0,
        "Diluted Average Shares": NaN,
        "Basic Average Shares": NaN,
        "Diluted EPS": NaN,
        "Basic EPS": NaN,
        "Diluted NI Availto Com Stockholders": -60695000.0,
        "Net Income Common Stockholders": -60695000.0,
        "Net Income": -60695000.0,
        "Net Income Including Noncontrolling Interests": -60695000.0,
        "Net Income Continuous Operations": -60695000.0,
        "Tax Provision": 242000.0,
        "Pretax Income": -60453000.0,
        "Other Income Expense": 0.0,
        "Other Non Operating Income Expenses": 0.0,
        "Net Non Operating Interest Income Expense": 4666000.0,
        "Interest Income Non Operating": 4666000.0,
        "Operating Income": -65119000.0,
        "Operating Expense": 65770000.0,
        "Research And Development": 54190000.0,
        "Selling General And Administration": 11580000.0,
        "General And Administrative Expense": 11580000.0,
        "Other Gand A": 11580000.0,
        "Total Revenue": 651000.0,
        "Operating Revenue": 651000.0
    },
    "2024-03-31": {
        "Tax Effect Of Unusual Items": 0.0,
        "Tax Rate For Calcs": 0.0,
        "Normalized EBITDA": -51680000.0,
        "Net Income From Continuing Operation Net Minority Interest": -49816000.0,
        "Reconciled Depreciation": 2176000.0,
        "EBITDA": -51680000.0,
        "EBIT": -53856000.0,
        "Net Interest Income": 4040000.0,
        "Interest Income": 4040000.0,
        "Normalized Income": -49816000.0,
        "Net Income From Continuing And Discontinued Operation": -49816000.0,
        "Total Expenses": 54353000.0,
        "Total Operating Income As Reported": -53856000.0,
        "Diluted Average Shares": 60114409.0,
        "Basic Average Shares": 60114409.0,
        "Diluted EPS": -0.83,
        "Basic EPS": -0.83,
        "Diluted NI Availto Com Stockholders": -49816000.0,
        "Net Income Common Stockholders": -49816000.0,
        "Net Income": -49816000.0,
        "Net Income Including Noncontrolling Interests": -49816000.0,
        "Net Income Continuous Operations": -49816000.0,
        "Tax Provision": 0.0,
        "Pretax Income": -49816000.0,
        "Other Income Expense": NaN,
        "Other Non Operating Income Expenses": NaN,
        "Net Non Operating Interest Income Expense": 4040000.0,
        "Interest Income Non Operating": 4040000.0,
        "Operating Income": -53856000.0,
        "Operating Expense": 54353000.0,
        "Research And Development": 43815000.0,
        "Selling General And Administration": 10538000.0,
        "General And Administrative Expense": 10538000.0,
        "Other Gand A": 10538000.0,
        "Total Revenue": 497000.0,
        "Operating Revenue": 497000.0
    },
    "2024-06-30": {
        "Tax Effect Of Unusual Items": 0.0,
        "Tax Rate For Calcs": 0.0,
        "Normalized EBITDA": -49081000.0,
        "Net Income From Continuing Operation Net Minority Interest": -47902000.0,
        "Reconciled Depreciation": 2276000.0,
        "EBITDA": -49081000.0,
        "EBIT": -51357000.0,
        "Net Interest Income": 3455000.0,
        "Interest Income": 3455000.0,
        "Normalized Income": -47902000.0,
        "Net Income From Continuing And Discontinued Operation": -47902000.0,
        "Total Expenses": 52611000.0,
        "Total Operating Income As Reported": -51357000.0,
        "Diluted Average Shares": 60434161.0,
        "Basic Average Shares": 60434161.0,
        "Diluted EPS": -0.79,
        "Basic EPS": -0.79,
        "Diluted NI Availto Com Stockholders": -47902000.0,
        "Net Income Common Stockholders": -47902000.0,
        "Net Income": -47902000.0,
        "Net Income Including Noncontrolling Interests": -47902000.0,
        "Net Income Continuous Operations": -47902000.0,
        "Tax Provision": 0.0,
        "Pretax Income": -47902000.0,
        "Other Income Expense": NaN,
        "Other Non Operating Income Expenses": NaN,
        "Net Non Operating Interest Income Expense": 3455000.0,
        "Interest Income Non Operating": 3455000.0,
        "Operating Income": -51357000.0,
        "Operating Expense": 52611000.0,
        "Research And Development": 41962000.0,
        "Selling General And Administration": 10649000.0,
        "General And Administrative Expense": 10649000.0,
        "Other Gand A": 10649000.0,
        "Total Revenue": 1254000.0,
        "Operating Revenue": 1254000.0
    },
    "2024-09-30": {
        "Tax Effect Of Unusual Items": 0.0,
        "Tax Rate For Calcs": 0.0,
        "Normalized EBITDA": -62080000.0,
        "Net Income From Continuing Operation Net Minority Interest": -61430000.0,
        "Reconciled Depreciation": 2307000.0,
        "EBITDA": -62080000.0,
        "EBIT": -64387000.0,
        "Net Interest Income": 2957000.0,
        "Interest Income": 2957000.0,
        "Normalized Income": -61430000.0,
        "Net Income From Continuing And Discontinued Operation": -61430000.0,
        "Total Expenses": 64903000.0,
        "Total Operating Income As Reported": -64387000.0,
        "Diluted Average Shares": 60657797.0,
        "Basic Average Shares": 60657797.0,
        "Diluted EPS": -1.01,
        "Basic EPS": -1.01,
        "Diluted NI Availto Com Stockholders": -61430000.0,
        "Net Income Common Stockholders": -61430000.0,
        "Net Income": -61430000.0,
        "Net Income Including Noncontrolling Interests": -61430000.0,
        "Net Income Continuous Operations": -61430000.0,
        "Tax Provision": 0.0,
        "Pretax Income": -61430000.0,
        "Other Income Expense": NaN,
        "Other Non Operating Income Expenses": NaN,
        "Net Non Operating Interest Income Expense": 2957000.0,
        "Interest Income Non Operating": 2957000.0,
        "Operating Income": -64387000.0,
        "Operating Expense": 64903000.0,
        "Research And Development": 46142000.0,
        "Selling General And Administration": 18761000.0,
        "General And Administrative Expense": 18761000.0,
        "Other Gand A": 18761000.0,
        "Total Revenue": 516000.0,
        "Operating Revenue": 516000.0
    }
}