{
    "2023-03-31": {
        "Tax Effect Of Unusual Items": NaN,
        "Tax Rate For Calcs": NaN,
        "Normalized EBITDA": NaN,
        "Total Unusual Items": NaN,
        "Total Unusual Items Excluding Goodwill": NaN,
        "Net Income From Continuing Operation Net Minority Interest": NaN,
        "Reconciled Depreciation": NaN,
        "Reconciled Cost Of Revenue": NaN,
        "EBITDA": NaN,
        "EBIT": NaN,
        "Net Interest Income": NaN,
        "Interest Expense": NaN,
        "Interest Income": NaN,
        "Normalized Income": NaN,
        "Net Income From Continuing And Discontinued Operation": NaN,
        "Total Expenses": NaN,
        "Rent Expense Supplemental": NaN,
        "Total Operating Income As Reported": NaN,
        "Diluted Average Shares": NaN,
        "Basic Average Shares": NaN,
        "Diluted EPS": NaN,
        "Basic EPS": NaN,
        "Diluted NI Availto Com Stockholders": NaN,
        "Net Income Common Stockholders": NaN,
        "Net Income": NaN,
        "Minority Interests": NaN,
        "Net Income Including Noncontrolling Interests": NaN,
        "Net Income Continuous Operations": NaN,
        "Tax Provision": NaN,
        "Pretax Income": NaN,
        "Other Income Expense": NaN,
        "Other Non Operating Income Expenses": NaN,
        "Special Income Charges": NaN,
        "Gain On Sale Of Ppe": NaN,
        "Other Special Charges": -145000.0,
        "Write Off": NaN,
        "Impairment Of Capital Assets": 0.0,
        "Restructuring And Mergern Acquisition": NaN,
        "Gain On Sale Of Security": NaN,
        "Net Non Operating Interest Income Expense": NaN,
        "Total Other Finance Cost": NaN,
        "Interest Expense Non Operating": NaN,
        "Interest Income Non Operating": NaN,
        "Operating Income": NaN,
        "Operating Expense": NaN,
        "Other Taxes": NaN,
        "Provision For Doubtful Accounts": NaN,
        "Depreciation Amortization Depletion Income Statement": NaN,
        "Depreciation And Amortization In Income Statement": NaN,
        "Amortization": NaN,
        "Amortization Of Intangibles Income Statement": NaN,
        "Depreciation Income Statement": NaN,
        "Selling General And Administration": NaN,
        "General And Administrative Expense": NaN,
        "Other Gand A": NaN,
        "Rent And Landing Fees": NaN,
        "Salaries And Wages": NaN,
        "Gross Profit": NaN,
        "Cost Of Revenue": NaN,
        "Total Revenue": NaN,
        "Operating Revenue": NaN
    },
    "2022-12-31": {
        "Tax Effect Of Unusual Items": NaN,
        "Tax Rate For Calcs": NaN,
        "Normalized EBITDA": NaN,
        "Total Unusual Items": NaN,
        "Total Unusual Items Excluding Goodwill": NaN,
        "Net Income From Continuing Operation Net Minority Interest": NaN,
        "Reconciled Depreciation": NaN,
        "Reconciled Cost Of Revenue": NaN,
        "EBITDA": NaN,
        "EBIT": NaN,
        "Net Interest Income": NaN,
        "Interest Expense": NaN,
        "Interest Income": NaN,
        "Normalized Income": NaN,
        "Net Income From Continuing And Discontinued Operation": NaN,
        "Total Expenses": NaN,
        "Rent Expense Supplemental": NaN,
        "Total Operating Income As Reported": NaN,
        "Diluted Average Shares": 332678049.0,
        "Basic Average Shares": 332678049.0,
        "Diluted EPS": -0.82,
        "Basic EPS": -0.82,
        "Diluted NI Availto Com Stockholders": NaN,
        "Net Income Common Stockholders": NaN,
        "Net Income": NaN,
        "Minority Interests": NaN,
        "Net Income Including Noncontrolling Interests": NaN,
        "Net Income Continuous Operations": NaN,
        "Tax Provision": NaN,
        "Pretax Income": NaN,
        "Other Income Expense": NaN,
        "Other Non Operating Income Expenses": NaN,
        "Special Income Charges": NaN,
        "Gain On Sale Of Ppe": NaN,
        "Other Special Charges": -406000.0,
        "Write Off": NaN,
        "Impairment Of Capital Assets": NaN,
        "Restructuring And Mergern Acquisition": NaN,
        "Gain On Sale Of Security": NaN,
        "Net Non Operating Interest Income Expense": NaN,
        "Total Other Finance Cost": NaN,
        "Interest Expense Non Operating": NaN,
        "Interest Income Non Operating": NaN,
        "Operating Income": NaN,
        "Operating Expense": NaN,
        "Other Taxes": NaN,
        "Provision For Doubtful Accounts": NaN,
        "Depreciation Amortization Depletion Income Statement": NaN,
        "Depreciation And Amortization In Income Statement": NaN,
        "Amortization": NaN,
        "Amortization Of Intangibles Income Statement": NaN,
        "Depreciation Income Statement": NaN,
        "Selling General And Administration": NaN,
        "General And Administrative Expense": NaN,
        "Other Gand A": NaN,
        "Rent And Landing Fees": NaN,
        "Salaries And Wages": NaN,
        "Gross Profit": NaN,
        "Cost Of Revenue": NaN,
        "Total Revenue": NaN,
        "Operating Revenue": NaN
    },
    "2022-09-30": {
        "Tax Effect Of Unusual Items": -60562000.0,
        "Tax Rate For Calcs": 0.4,
        "Normalized EBITDA": 266103000.0,
        "Total Unusual Items": -151405000.0,
        "Total Unusual Items Excluding Goodwill": -151405000.0,
        "Net Income From Continuing Operation Net Minority Interest": -46532000.0,
        "Reconciled Depreciation": 120141000.0,
        "Reconciled Cost Of Revenue": 183063000.0,
        "EBITDA": 114698000.0,
        "EBIT": -5443000.0,
        "Net Interest Income": -88366000.0,
        "Interest Expense": 88008000.0,
        "Interest Income": 3364000.0,
        "Normalized Income": 44311000.0,
        "Net Income From Continuing And Discontinued Operation": -46532000.0,
        "Total Expenses": 374997000.0,
        "Rent Expense Supplemental": 3176000.0,
        "Total Operating Income As Reported": 131417000.0,
        "Diluted Average Shares": 335134000.0,
        "Basic Average Shares": 331688000.0,
        "Diluted EPS": -0.09,
        "Basic EPS": -0.09,
        "Diluted NI Availto Com Stockholders": -46532000.0,
        "Net Income Common Stockholders": -46532000.0,
        "Net Income": -46532000.0,
        "Minority Interests": 5946000.0,
        "Net Income Including Noncontrolling Interests": -52478000.0,
        "Net Income Continuous Operations": -52478000.0,
        "Tax Provision": -40973000.0,
        "Pretax Income": -93451000.0,
        "Other Income Expense": -151405000.0,
        "Other Non Operating Income Expenses": NaN,
        "Special Income Charges": -14903000.0,
        "Gain On Sale Of Ppe": 134000.0,
        "Other Special Charges": -70000.0,
        "Write Off": 11422000.0,
        "Restructuring And Mergern Acquisition": 3685000.0,
        "Gain On Sale Of Security": -136502000.0,
        "Net Non Operating Interest Income Expense": -88366000.0,
        "Total Other Finance Cost": 3722000.0,
        "Interest Expense Non Operating": 88008000.0,
        "Interest Income Non Operating": 3364000.0,
        "Operating Income": 146320000.0,
        "Operating Expense": 74957000.0,
        "Other Taxes": 228000.0,
        "Provision For Doubtful Accounts": -1597000.0,
        "Depreciation Amortization Depletion Income Statement": 3164000.0,
        "Depreciation And Amortization In Income Statement": 3164000.0,
        "Amortization": 898000.0,
        "Amortization Of Intangibles Income Statement": 898000.0,
        "Depreciation Income Statement": 2266000.0,
        "Selling General And Administration": 73162000.0,
        "General And Administrative Expense": 73162000.0,
        "Other Gand A": 29221000.0,
        "Rent And Landing Fees": NaN,
        "Salaries And Wages": 43941000.0,
        "Gross Profit": 221277000.0,
        "Cost Of Revenue": 300040000.0,
        "Total Revenue": 521317000.0,
        "Operating Revenue": 521317000.0
    },
    "2022-06-30": {
        "Tax Effect Of Unusual Items": -85716800.0,
        "Tax Rate For Calcs": 0.4,
        "Normalized EBITDA": 241858000.0,
        "Total Unusual Items": -214292000.0,
        "Total Unusual Items Excluding Goodwill": -214292000.0,
        "Net Income From Continuing Operation Net Minority Interest": -175680000.0,
        "Reconciled Depreciation": 114840000.0,
        "Reconciled Cost Of Revenue": 158660000.0,
        "EBITDA": 27566000.0,
        "EBIT": -87274000.0,
        "Net Interest Income": -74472000.0,
        "Interest Expense": 73253000.0,
        "Interest Income": 3888000.0,
        "Normalized Income": -47104800.0,
        "Net Income From Continuing And Discontinued Operation": -175680000.0,
        "Total Expenses": 341947000.0,
        "Rent Expense Supplemental": 6431000.0,
        "Total Operating Income As Reported": 96475000.0,
        "Diluted Average Shares": 335155000.0,
        "Basic Average Shares": 331688000.0,
        "Diluted EPS": -0.53,
        "Basic EPS": -0.53,
        "Diluted NI Availto Com Stockholders": -175680000.0,
        "Net Income Common Stockholders": -175680000.0,
        "Net Income": -175680000.0,
        "Minority Interests": 1817000.0,
        "Net Income Including Noncontrolling Interests": -177497000.0,
        "Net Income Continuous Operations": -177497000.0,
        "Tax Provision": 16970000.0,
        "Pretax Income": -160527000.0,
        "Other Income Expense": -211791000.0,
        "Other Non Operating Income Expenses": 2501000.0,
        "Special Income Charges": -31762000.0,
        "Gain On Sale Of Ppe": -13617000.0,
        "Other Special Charges": -466000.0,
        "Write Off": 12932000.0,
        "Restructuring And Mergern Acquisition": 5679000.0,
        "Gain On Sale Of Security": -182530000.0,
        "Net Non Operating Interest Income Expense": -74472000.0,
        "Total Other Finance Cost": 5107000.0,
        "Interest Expense Non Operating": 73253000.0,
        "Interest Income Non Operating": 3888000.0,
        "Operating Income": 125736000.0,
        "Operating Expense": 71292000.0,
        "Other Taxes": 138000.0,
        "Provision For Doubtful Accounts": 668000.0,
        "Depreciation Amortization Depletion Income Statement": 2845000.0,
        "Depreciation And Amortization In Income Statement": 2845000.0,
        "Amortization": 563000.0,
        "Amortization Of Intangibles Income Statement": 563000.0,
        "Depreciation Income Statement": 2282000.0,
        "Selling General And Administration": 67641000.0,
        "General And Administrative Expense": 67641000.0,
        "Other Gand A": 29904000.0,
        "Rent And Landing Fees": NaN,
        "Salaries And Wages": 37737000.0,
        "Gross Profit": 197028000.0,
        "Cost Of Revenue": 270655000.0,
        "Total Revenue": 467683000.0,
        "Operating Revenue": 467683000.0
    },
    "2022-03-31": {
        "Diluted EPS": 0.05,
        "Total Revenue": 446,
        "Gross Profit": 196,
        "Operating Income": 109,
        "EBIT": 216,
        "Net Income": 17
    },
    "2021-12-31": {
        "Diluted EPS": -0.22,
        "Total Revenue": 416,
        "Gross Profit": 181,
        "Operating Income": 79,
        "EBIT": 79,
        "Net Income": -73
    },
    "2021-09-30": {
        "Diluted EPS": -0.1,
        "Total Revenue": 401,
        "Gross Profit": 128,
        "Operating Income": 56,
        "EBIT": 56,
        "Net Income": -30
    },
    "2021-06-30": {
        "Diluted EPS": 0.0,
        "Total Revenue": NaN,
        "Gross Profit": NaN,
        "Operating Income": NaN,
        "Net Income": NaN
    },
    "2021-03-31": {
        "Diluted EPS": -0.1,
        "Total Revenue": 362,
        "Gross Profit": 172,
        "Operating Income": 108,
        "EBIT": 197,
        "Net Income": -29
    },
    "2020-12-31": {
        "Diluted EPS": 0.0,
        "Total Revenue": NaN,
        "Gross Profit": NaN,
        "Operating Income": NaN,
        "EBIT": NaN,
        "Net Income": NaN
    },
    "2020-09-30": {
        "Diluted EPS": -0.07,
        "Total Revenue": 368,
        "Gross Profit": 169,
        "Operating Income": 109,
        "EBIT": 109,
        "Net Income": -20
    },
    "2019-12-31": {
        "Diluted EPS": 0.0,
        "Total Revenue": NaN,
        "Gross Profit": NaN,
        "Operating Income": NaN,
        "EBIT": NaN,
        "Net Income": NaN
    },
    "2023-06-30": {
        "Tax Effect Of Unusual Items": NaN,
        "Tax Rate For Calcs": NaN,
        "Normalized EBITDA": NaN,
        "Total Unusual Items": -1260904000.0,
        "Total Unusual Items Excluding Goodwill": -1260904000.0,
        "Net Income From Continuing Operation Net Minority Interest": NaN,
        "Reconciled Depreciation": 116494000.0,
        "Reconciled Cost Of Revenue": NaN,
        "EBITDA": NaN,
        "EBIT": NaN,
        "Net Interest Income": NaN,
        "Interest Expense": NaN,
        "Interest Income": NaN,
        "Normalized Income": NaN,
        "Net Income From Continuing And Discontinued Operation": NaN,
        "Total Expenses": NaN,
        "Rent Expense Supplemental": 12040000.0,
        "Total Operating Income As Reported": NaN,
        "Diluted Average Shares": 335691000.0,
        "Basic Average Shares": 334108000.0,
        "Diluted EPS": -3.79,
        "Basic EPS": -3.79,
        "Diluted NI Availto Com Stockholders": NaN,
        "Net Income Common Stockholders": NaN,
        "Net Income": NaN,
        "Minority Interests": NaN,
        "Net Income Including Noncontrolling Interests": NaN,
        "Net Income Continuous Operations": NaN,
        "Tax Provision": NaN,
        "Pretax Income": NaN,
        "Other Income Expense": NaN,
        "Other Non Operating Income Expenses": NaN,
        "Special Income Charges": -13411000.0,
        "Gain On Sale Of Ppe": -168000.0,
        "Other Special Charges": -133000.0,
        "Write Off": 13349000.0,
        "Impairment Of Capital Assets": 0.0,
        "Restructuring And Mergern Acquisition": 27000.0,
        "Gain On Sale Of Security": -1247493000.0,
        "Net Non Operating Interest Income Expense": NaN,
        "Total Other Finance Cost": 2490000.0,
        "Interest Expense Non Operating": NaN,
        "Interest Income Non Operating": NaN,
        "Operating Income": NaN,
        "Operating Expense": NaN,
        "Other Taxes": 36000.0,
        "Provision For Doubtful Accounts": NaN,
        "Depreciation Amortization Depletion Income Statement": 4466000.0,
        "Depreciation And Amortization In Income Statement": 4466000.0,
        "Amortization": 1408000.0,
        "Amortization Of Intangibles Income Statement": 1408000.0,
        "Depreciation Income Statement": 3058000.0,
        "Selling General And Administration": NaN,
        "General And Administrative Expense": NaN,
        "Other Gand A": NaN,
        "Rent And Landing Fees": 10033000.0,
        "Salaries And Wages": 46386000.0,
        "Gross Profit": NaN,
        "Cost Of Revenue": NaN,
        "Total Revenue": NaN,
        "Operating Revenue": NaN
    },
    "2023-09-30": {
        "Tax Effect Of Unusual Items": 0.0,
        "Tax Rate For Calcs": 0.3,
        "Normalized EBITDA": 19450000.0,
        "Total Unusual Items": -147506000.0,
        "Total Unusual Items Excluding Goodwill": -147506000.0,
        "Net Income From Continuing Operation Net Minority Interest": -266830000.0,
        "Reconciled Depreciation": 104931000.0,
        "Reconciled Cost Of Revenue": 358883000.0,
        "EBITDA": 19450000.0,
        "EBIT": 19450000.0,
        "Net Interest Income": -265772000.0,
        "Interest Expense": 271595000.0,
        "Interest Income": 5823000.0,
        "Normalized Income": -266830000.0,
        "Net Income From Continuing And Discontinued Operation": -266830000.0,
        "Total Expenses": 453429000.0,
        "Rent Expense Supplemental": 11427000.0,
        "Total Operating Income As Reported": 13627000.0,
        "Diluted Average Shares": 333537500.0,
        "Basic Average Shares": 333537500.0,
        "Diluted EPS": -0.8,
        "Basic EPS": -0.8,
        "Diluted NI Availto Com Stockholders": -266830000.0,
        "Net Income Common Stockholders": -266830000.0,
        "Net Income": -266830000.0,
        "Minority Interests": 1974000.0,
        "Net Income Including Noncontrolling Interests": -268804000.0,
        "Net Income Continuous Operations": -268804000.0,
        "Tax Provision": 16659000.0,
        "Pretax Income": -252145000.0,
        "Other Income Expense": 33000.0,
        "Other Non Operating Income Expenses": 33000.0,
        "Special Income Charges": -10251000.0,
        "Gain On Sale Of Ppe": 386000.0,
        "Other Special Charges": -32000.0,
        "Write Off": 10508000.0,
        "Impairment Of Capital Assets": NaN,
        "Restructuring And Mergern Acquisition": 161000.0,
        "Gain On Sale Of Security": -137255000.0,
        "Net Non Operating Interest Income Expense": -265772000.0,
        "Total Other Finance Cost": 6462000.0,
        "Interest Expense Non Operating": 271595000.0,
        "Interest Income Non Operating": 5823000.0,
        "Operating Income": 13594000.0,
        "Operating Expense": 94546000.0,
        "Other Taxes": 266000.0,
        "Provision For Doubtful Accounts": 711000.0,
        "Depreciation Amortization Depletion Income Statement": 4173000.0,
        "Depreciation And Amortization In Income Statement": 4173000.0,
        "Amortization": 1429000.0,
        "Amortization Of Intangibles Income Statement": 1429000.0,
        "Depreciation Income Statement": 2744000.0,
        "Selling General And Administration": 93835000.0,
        "General And Administrative Expense": 93835000.0,
        "Other Gand A": 93835000.0,
        "Rent And Landing Fees": 8822000.0,
        "Salaries And Wages": 45538000.0,
        "Gross Profit": 108140000.0,
        "Cost Of Revenue": 358883000.0,
        "Total Revenue": 467023000.0,
        "Operating Revenue": 467023000.0
    },
    "2023-12-31": {
        "Tax Effect Of Unusual Items": -158247900.0,
        "Tax Rate For Calcs": 0.3,
        "Normalized EBITDA": 269653000.0,
        "Total Unusual Items": -527493000.0,
        "Total Unusual Items Excluding Goodwill": -527493000.0,
        "Net Income From Continuing Operation Net Minority Interest": -479084000.0,
        "Reconciled Depreciation": 95205000.0,
        "Reconciled Cost Of Revenue": 142680000.0,
        "EBITDA": -257840000.0,
        "EBIT": -353045000.0,
        "Net Interest Income": -108620000.0,
        "Interest Expense": 110864000.0,
        "Interest Income": 7670000.0,
        "Normalized Income": -109838900.0,
        "Net Income From Continuing And Discontinued Operation": -479084000.0,
        "Total Expenses": 337604000.0,
        "Rent Expense Supplemental": 16290000.0,
        "Total Operating Income As Reported": 161404000.0,
        "Diluted Average Shares": NaN,
        "Basic Average Shares": NaN,
        "Diluted EPS": NaN,
        "Basic EPS": NaN,
        "Diluted NI Availto Com Stockholders": -479084000.0,
        "Net Income Common Stockholders": -479084000.0,
        "Net Income": -479084000.0,
        "Minority Interests": 3235000.0,
        "Net Income Including Noncontrolling Interests": -482319000.0,
        "Net Income Continuous Operations": -482319000.0,
        "Tax Provision": 18410000.0,
        "Pretax Income": -463909000.0,
        "Other Income Expense": -527469000.0,
        "Other Non Operating Income Expenses": 24000.0,
        "Special Income Charges": -10800000.0,
        "Gain On Sale Of Ppe": 2854000.0,
        "Other Special Charges": -11000.0,
        "Write Off": 12880000.0,
        "Impairment Of Capital Assets": NaN,
        "Restructuring And Mergern Acquisition": 785000.0,
        "Gain On Sale Of Security": -516693000.0,
        "Net Non Operating Interest Income Expense": -108620000.0,
        "Total Other Finance Cost": 5426000.0,
        "Interest Expense Non Operating": 110864000.0,
        "Interest Income Non Operating": 7670000.0,
        "Operating Income": 172180000.0,
        "Operating Expense": 104072000.0,
        "Other Taxes": -1387000.0,
        "Provision For Doubtful Accounts": 1977000.0,
        "Depreciation Amortization Depletion Income Statement": 4353000.0,
        "Depreciation And Amortization In Income Statement": 4353000.0,
        "Amortization": 1540000.0,
        "Amortization Of Intangibles Income Statement": 1540000.0,
        "Depreciation Income Statement": 2813000.0,
        "Selling General And Administration": 99129000.0,
        "General And Administrative Expense": 99129000.0,
        "Other Gand A": 34293000.0,
        "Rent And Landing Fees": 13606000.0,
        "Salaries And Wages": 51230000.0,
        "Gross Profit": 276252000.0,
        "Cost Of Revenue": 233532000.0,
        "Total Revenue": 509784000.0,
        "Operating Revenue": 509784000.0
    },
    "2024-03-31": {
        "Tax Effect Of Unusual Items": -2033145.508858,
        "Tax Rate For Calcs": 0.001324,
        "Normalized EBITDA": 175563000.0,
        "Total Unusual Items": -1536004000.0,
        "Total Unusual Items Excluding Goodwill": -1536004000.0,
        "Net Income From Continuing Operation Net Minority Interest": -1553328000.0,
        "Reconciled Depreciation": 87566000.0,
        "Reconciled Cost Of Revenue": 170556000.0,
        "EBITDA": -1360441000.0,
        "EBIT": -1448007000.0,
        "Net Interest Income": -112187000.0,
        "Interest Expense": 111307000.0,
        "Interest Income": 3981000.0,
        "Normalized Income": -19357145.508858,
        "Net Income From Continuing And Discontinued Operation": -1553328000.0,
        "Total Expenses": 329577000.0,
        "Rent Expense Supplemental": 11024000.0,
        "Total Operating Income As Reported": -7092000.0,
        "Diluted Average Shares": 333282000.0,
        "Basic Average Shares": 332626000.0,
        "Diluted EPS": -4.67,
        "Basic EPS": -4.67,
        "Diluted NI Availto Com Stockholders": -1553328000.0,
        "Net Income Common Stockholders": -1553328000.0,
        "Net Income": -1553328000.0,
        "Minority Interests": 3922000.0,
        "Net Income Including Noncontrolling Interests": -1557250000.0,
        "Net Income Continuous Operations": -1557250000.0,
        "Tax Provision": -2064000.0,
        "Pretax Income": -1559314000.0,
        "Other Income Expense": -1535294000.0,
        "Other Non Operating Income Expenses": 710000.0,
        "Special Income Charges": -95969000.0,
        "Gain On Sale Of Ppe": 373000.0,
        "Other Special Charges": NaN,
        "Write Off": 8216000.0,
        "Impairment Of Capital Assets": 87894000.0,
        "Restructuring And Mergern Acquisition": 232000.0,
        "Gain On Sale Of Security": -1440035000.0,
        "Net Non Operating Interest Income Expense": -112187000.0,
        "Total Other Finance Cost": 4861000.0,
        "Interest Expense Non Operating": 111307000.0,
        "Interest Income Non Operating": 3981000.0,
        "Operating Income": 88167000.0,
        "Operating Expense": 75287000.0,
        "Other Taxes": 449000.0,
        "Provision For Doubtful Accounts": 4560000.0,
        "Depreciation Amortization Depletion Income Statement": 3832000.0,
        "Depreciation And Amortization In Income Statement": 3832000.0,
        "Amortization": 1037000.0,
        "Amortization Of Intangibles Income Statement": 1037000.0,
        "Depreciation Income Statement": 2795000.0,
        "Selling General And Administration": 66446000.0,
        "General And Administrative Expense": 66446000.0,
        "Other Gand A": 20756000.0,
        "Rent And Landing Fees": 8430000.0,
        "Salaries And Wages": 37260000.0,
        "Gross Profit": 163454000.0,
        "Cost Of Revenue": 254290000.0,
        "Total Revenue": 417744000.0,
        "Operating Revenue": 417744000.0
    },
    "2024-06-30": {
        "Tax Effect Of Unusual Items": -39456600.0,
        "Tax Rate For Calcs": 0.3,
        "Normalized EBITDA": 237117000.0,
        "Total Unusual Items": -131522000.0,
        "Total Unusual Items Excluding Goodwill": -131522000.0,
        "Net Income From Continuing Operation Net Minority Interest": -121069000.0,
        "Reconciled Depreciation": 87166000.0,
        "Reconciled Cost Of Revenue": 123257000.0,
        "EBITDA": 105595000.0,
        "EBIT": 18429000.0,
        "Net Interest Income": -105610000.0,
        "Interest Expense": 106407000.0,
        "Interest Income": 3853000.0,
        "Normalized Income": -29003600.0,
        "Net Income From Continuing And Discontinued Operation": -121069000.0,
        "Total Expenses": 287076000.0,
        "Rent Expense Supplemental": 9147000.0,
        "Total Operating Income As Reported": 148168000.0,
        "Diluted Average Shares": 333830000.0,
        "Basic Average Shares": 333065000.0,
        "Diluted EPS": -0.36,
        "Basic EPS": -0.36,
        "Diluted NI Availto Com Stockholders": -121069000.0,
        "Net Income Common Stockholders": -121069000.0,
        "Net Income": -121069000.0,
        "Minority Interests": 3245000.0,
        "Net Income Including Noncontrolling Interests": -124314000.0,
        "Net Income Continuous Operations": -124314000.0,
        "Tax Provision": 36336000.0,
        "Pretax Income": -87978000.0,
        "Other Income Expense": -130669000.0,
        "Other Non Operating Income Expenses": 853000.0,
        "Special Income Charges": -986000.0,
        "Gain On Sale Of Ppe": 1919000.0,
        "Other Special Charges": -30000.0,
        "Write Off": 2756000.0,
        "Impairment Of Capital Assets": 31000.0,
        "Restructuring And Mergern Acquisition": 148000.0,
        "Gain On Sale Of Security": -130536000.0,
        "Net Non Operating Interest Income Expense": -105610000.0,
        "Total Other Finance Cost": 3056000.0,
        "Interest Expense Non Operating": 106407000.0,
        "Interest Income Non Operating": 3853000.0,
        "Operating Income": 148301000.0,
        "Operating Expense": 80366000.0,
        "Other Taxes": 220000.0,
        "Provision For Doubtful Accounts": -2381000.0,
        "Depreciation Amortization Depletion Income Statement": 3713000.0,
        "Depreciation And Amortization In Income Statement": 3713000.0,
        "Amortization": 1091000.0,
        "Amortization Of Intangibles Income Statement": 1091000.0,
        "Depreciation Income Statement": 2622000.0,
        "Selling General And Administration": 78814000.0,
        "General And Administrative Expense": 78814000.0,
        "Other Gand A": 24441000.0,
        "Rent And Landing Fees": 8110000.0,
        "Salaries And Wages": 46263000.0,
        "Gross Profit": 228667000.0,
        "Cost Of Revenue": 206710000.0,
        "Total Revenue": 435377000.0,
        "Operating Revenue": 435377000.0
    },
    "2024-09-30": {
        "Tax Effect Of Unusual Items": 0.0,
        "Tax Rate For Calcs": 0.3,
        "Normalized EBITDA": 151519000.0,
        "Total Unusual Items": NaN,
        "Total Unusual Items Excluding Goodwill": NaN,
        "Net Income From Continuing Operation Net Minority Interest": -204143000.0,
        "Reconciled Depreciation": NaN,
        "Reconciled Cost Of Revenue": 201745000.0,
        "EBITDA": 151519000.0,
        "EBIT": 151519000.0,
        "Net Interest Income": -325093000.0,
        "Interest Expense": 350825000.0,
        "Interest Income": 25732000.0,
        "Normalized Income": -204143000.0,
        "Net Income From Continuing And Discontinued Operation": -204143000.0,
        "Total Expenses": 294558000.0,
        "Rent Expense Supplemental": NaN,
        "Total Operating Income As Reported": 125787000.0,
        "Diluted Average Shares": 334660656.0,
        "Basic Average Shares": 334660656.0,
        "Diluted EPS": -0.61,
        "Basic EPS": -0.61,
        "Diluted NI Availto Com Stockholders": -204143000.0,
        "Net Income Common Stockholders": -204143000.0,
        "Net Income": -204143000.0,
        "Minority Interests": 1560000.0,
        "Net Income Including Noncontrolling Interests": -205703000.0,
        "Net Income Continuous Operations": -205703000.0,
        "Tax Provision": 6397000.0,
        "Pretax Income": -199306000.0,
        "Other Income Expense": 63000.0,
        "Other Non Operating Income Expenses": 63000.0,
        "Special Income Charges": NaN,
        "Gain On Sale Of Ppe": NaN,
        "Other Special Charges": NaN,
        "Write Off": NaN,
        "Impairment Of Capital Assets": NaN,
        "Restructuring And Mergern Acquisition": NaN,
        "Gain On Sale Of Security": NaN,
        "Net Non Operating Interest Income Expense": -325093000.0,
        "Total Other Finance Cost": NaN,
        "Interest Expense Non Operating": 350825000.0,
        "Interest Income Non Operating": 25732000.0,
        "Operating Income": 125724000.0,
        "Operating Expense": 92813000.0,
        "Other Taxes": NaN,
        "Provision For Doubtful Accounts": -4286000.0,
        "Depreciation Amortization Depletion Income Statement": NaN,
        "Depreciation And Amortization In Income Statement": NaN,
        "Amortization": NaN,
        "Amortization Of Intangibles Income Statement": NaN,
        "Depreciation Income Statement": NaN,
        "Selling General And Administration": 97099000.0,
        "General And Administrative Expense": 97099000.0,
        "Other Gand A": 97099000.0,
        "Rent And Landing Fees": NaN,
        "Salaries And Wages": NaN,
        "Gross Profit": 218537000.0,
        "Cost Of Revenue": 201745000.0,
        "Total Revenue": 420282000.0,
        "Operating Revenue": 420282000.0
    }
}