{
    "2023-03-31": {
        "Tax Effect Of Unusual Items": NaN,
        "Tax Rate For Calcs": NaN,
        "Normalized EBITDA": NaN,
        "Total Unusual Items": NaN,
        "Total Unusual Items Excluding Goodwill": NaN,
        "Net Income From Continuing Operation Net Minority Interest": NaN,
        "Reconciled Depreciation": NaN,
        "EBITDA": NaN,
        "EBIT": NaN,
        "Net Interest Income": 730000.0,
        "Interest Income": 730000.0,
        "Normalized Income": NaN,
        "Net Income From Continuing And Discontinued Operation": NaN,
        "Total Expenses": NaN,
        "Total Operating Income As Reported": NaN,
        "Diluted Average Shares": NaN,
        "Basic Average Shares": NaN,
        "Diluted EPS": NaN,
        "Basic EPS": NaN,
        "Diluted NI Availto Com Stockholders": NaN,
        "Net Income Common Stockholders": NaN,
        "Net Income": NaN,
        "Net Income Including Noncontrolling Interests": NaN,
        "Net Income Continuous Operations": NaN,
        "Tax Provision": NaN,
        "Pretax Income": NaN,
        "Other Income Expense": NaN,
        "Other Non Operating Income Expenses": NaN,
        "Special Income Charges": NaN,
        "Restructuring And Mergern Acquisition": NaN,
        "Gain On Sale Of Security": NaN,
        "Net Non Operating Interest Income Expense": 730000.0,
        "Interest Income Non Operating": 730000.0,
        "Operating Income": NaN,
        "Operating Expense": NaN,
        "Research And Development": NaN,
        "Selling General And Administration": NaN,
        "General And Administrative Expense": NaN,
        "Other Gand A": NaN,
        "Total Revenue": NaN,
        "Operating Revenue": NaN
    },
    "2022-12-31": {
        "Tax Effect Of Unusual Items": NaN,
        "Tax Rate For Calcs": NaN,
        "Normalized EBITDA": NaN,
        "Total Unusual Items": NaN,
        "Total Unusual Items Excluding Goodwill": NaN,
        "Net Income From Continuing Operation Net Minority Interest": NaN,
        "Reconciled Depreciation": NaN,
        "EBITDA": NaN,
        "EBIT": NaN,
        "Net Interest Income": 893000.0,
        "Interest Income": 893000.0,
        "Normalized Income": NaN,
        "Net Income From Continuing And Discontinued Operation": NaN,
        "Total Expenses": NaN,
        "Total Operating Income As Reported": NaN,
        "Diluted Average Shares": NaN,
        "Basic Average Shares": NaN,
        "Diluted EPS": NaN,
        "Basic EPS": NaN,
        "Diluted NI Availto Com Stockholders": NaN,
        "Net Income Common Stockholders": NaN,
        "Net Income": NaN,
        "Net Income Including Noncontrolling Interests": NaN,
        "Net Income Continuous Operations": NaN,
        "Tax Provision": NaN,
        "Pretax Income": NaN,
        "Other Income Expense": NaN,
        "Other Non Operating Income Expenses": NaN,
        "Special Income Charges": NaN,
        "Restructuring And Mergern Acquisition": NaN,
        "Gain On Sale Of Security": NaN,
        "Net Non Operating Interest Income Expense": 893000.0,
        "Interest Income Non Operating": 893000.0,
        "Operating Income": NaN,
        "Operating Expense": NaN,
        "Research And Development": NaN,
        "Selling General And Administration": NaN,
        "General And Administrative Expense": NaN,
        "Other Gand A": NaN,
        "Total Revenue": NaN,
        "Operating Revenue": NaN
    },
    "2022-09-30": {
        "Tax Effect Of Unusual Items": NaN,
        "Tax Rate For Calcs": NaN,
        "Normalized EBITDA": NaN,
        "Total Unusual Items": NaN,
        "Total Unusual Items Excluding Goodwill": NaN,
        "Net Income From Continuing Operation Net Minority Interest": NaN,
        "Reconciled Depreciation": NaN,
        "EBITDA": NaN,
        "EBIT": NaN,
        "Net Interest Income": 576000.0,
        "Interest Income": 576000.0,
        "Normalized Income": NaN,
        "Net Income From Continuing And Discontinued Operation": NaN,
        "Total Expenses": NaN,
        "Total Operating Income As Reported": NaN,
        "Diluted Average Shares": 36257074.0,
        "Basic Average Shares": 36257074.0,
        "Diluted EPS": -0.48,
        "Basic EPS": -0.48,
        "Diluted NI Availto Com Stockholders": NaN,
        "Net Income Common Stockholders": NaN,
        "Net Income": NaN,
        "Net Income Including Noncontrolling Interests": NaN,
        "Net Income Continuous Operations": NaN,
        "Tax Provision": NaN,
        "Pretax Income": NaN,
        "Other Income Expense": NaN,
        "Other Non Operating Income Expenses": NaN,
        "Special Income Charges": NaN,
        "Restructuring And Mergern Acquisition": NaN,
        "Gain On Sale Of Security": NaN,
        "Net Non Operating Interest Income Expense": 576000.0,
        "Interest Income Non Operating": 576000.0,
        "Operating Income": NaN,
        "Operating Expense": NaN,
        "Research And Development": NaN,
        "Selling General And Administration": NaN,
        "General And Administrative Expense": NaN,
        "Other Gand A": NaN,
        "Total Revenue": NaN,
        "Operating Revenue": NaN
    },
    "2022-06-30": {
        "Tax Effect Of Unusual Items": 0.0,
        "Tax Rate For Calcs": 0.0,
        "Normalized EBITDA": -20803000.0,
        "Total Unusual Items": NaN,
        "Total Unusual Items Excluding Goodwill": NaN,
        "Net Income From Continuing Operation Net Minority Interest": -20491000.0,
        "Reconciled Depreciation": 148000.0,
        "EBITDA": -20803000.0,
        "EBIT": -20951000.0,
        "Net Interest Income": 507000.0,
        "Interest Income": 507000.0,
        "Normalized Income": -20491000.0,
        "Net Income From Continuing And Discontinued Operation": -20491000.0,
        "Total Expenses": 21333000.0,
        "Total Operating Income As Reported": -20951000.0,
        "Diluted Average Shares": 36160951.0,
        "Basic Average Shares": 36160951.0,
        "Diluted EPS": -0.57,
        "Basic EPS": -0.57,
        "Diluted NI Availto Com Stockholders": -20491000.0,
        "Net Income Common Stockholders": -20491000.0,
        "Net Income": -20491000.0,
        "Net Income Including Noncontrolling Interests": -20491000.0,
        "Net Income Continuous Operations": -20491000.0,
        "Pretax Income": -20491000.0,
        "Other Income Expense": -47000.0,
        "Other Non Operating Income Expenses": -47000.0,
        "Gain On Sale Of Security": NaN,
        "Net Non Operating Interest Income Expense": 507000.0,
        "Interest Income Non Operating": 507000.0,
        "Operating Income": -20951000.0,
        "Operating Expense": 21333000.0,
        "Research And Development": 15488000.0,
        "Selling General And Administration": 5845000.0,
        "General And Administrative Expense": 5845000.0,
        "Other Gand A": 5845000.0,
        "Total Revenue": 382000.0,
        "Operating Revenue": 382000.0
    },
    "2022-03-31": {
        "Diluted EPS": -0.47,
        "Total Revenue": 3,
        "Gross Profit": 3,
        "Operating Income": -17,
        "EBIT": -17,
        "Net Income": -17
    },
    "2021-12-31": {
        "Diluted EPS": 2.05,
        "Total Revenue": 20,
        "Gross Profit": 20,
        "Operating Income": 3,
        "EBIT": 3,
        "Net Income": 3
    },
    "2021-09-30": {
        "Diluted EPS": -0.4,
        "Total Revenue": 4,
        "Gross Profit": 4,
        "Operating Income": -15,
        "EBIT": -14,
        "Net Income": -15
    },
    "2021-06-30": {
        "Diluted EPS": -0.35,
        "Total Revenue": 4,
        "Gross Profit": 4,
        "Operating Income": -13,
        "EBIT": -13,
        "Net Income": -13
    },
    "2021-03-31": {
        "Diluted EPS": -2.52,
        "Total Revenue": 3,
        "Gross Profit": 3,
        "Operating Income": -10,
        "EBIT": -10,
        "Net Income": -10
    },
    "2020-12-31": {
        "Diluted EPS": -9.15,
        "Total Revenue": 0,
        "Gross Profit": 0,
        "Operating Income": -34,
        "EBIT": -34,
        "Net Income": -26
    },
    "2020-09-30": {
        "Diluted EPS": -2.34,
        "Total Revenue": 3,
        "Gross Profit": 3,
        "Operating Income": -6,
        "EBIT": -7,
        "Net Income": -6
    },
    "2020-06-30": {
        "Diluted EPS": -1.89,
        "Total Revenue": 3,
        "Gross Profit": 3,
        "Operating Income": -5,
        "EBIT": -5,
        "Net Income": -5
    },
    "2020-03-31": {
        "Diluted EPS": -2.62,
        "Total Revenue": 3,
        "Gross Profit": 3,
        "Operating Income": -7,
        "EBIT": -7,
        "Net Income": -7
    },
    "2023-06-30": {
        "Tax Effect Of Unusual Items": NaN,
        "Tax Rate For Calcs": NaN,
        "Normalized EBITDA": NaN,
        "Total Unusual Items": NaN,
        "Total Unusual Items Excluding Goodwill": NaN,
        "Net Income From Continuing Operation Net Minority Interest": NaN,
        "Reconciled Depreciation": NaN,
        "EBITDA": NaN,
        "EBIT": NaN,
        "Net Interest Income": NaN,
        "Interest Income": NaN,
        "Normalized Income": NaN,
        "Net Income From Continuing And Discontinued Operation": NaN,
        "Total Expenses": NaN,
        "Total Operating Income As Reported": NaN,
        "Diluted Average Shares": 39292710.0,
        "Basic Average Shares": 39292710.0,
        "Diluted EPS": -0.44,
        "Basic EPS": -0.44,
        "Diluted NI Availto Com Stockholders": NaN,
        "Net Income Common Stockholders": NaN,
        "Net Income": NaN,
        "Net Income Including Noncontrolling Interests": NaN,
        "Net Income Continuous Operations": NaN,
        "Tax Provision": 0.0,
        "Pretax Income": NaN,
        "Other Income Expense": NaN,
        "Other Non Operating Income Expenses": NaN,
        "Special Income Charges": 0.0,
        "Restructuring And Mergern Acquisition": 0.0,
        "Gain On Sale Of Security": NaN,
        "Net Non Operating Interest Income Expense": NaN,
        "Interest Income Non Operating": NaN,
        "Operating Income": NaN,
        "Operating Expense": NaN,
        "Research And Development": NaN,
        "Selling General And Administration": NaN,
        "General And Administrative Expense": NaN,
        "Other Gand A": NaN,
        "Total Revenue": NaN,
        "Operating Revenue": NaN
    },
    "2023-09-30": {
        "Tax Effect Of Unusual Items": 0.0,
        "Tax Rate For Calcs": 0.0,
        "Normalized EBITDA": -21423000.0,
        "Total Unusual Items": 2162000.0,
        "Total Unusual Items Excluding Goodwill": 2162000.0,
        "Net Income From Continuing Operation Net Minority Interest": -17343000.0,
        "Reconciled Depreciation": 242000.0,
        "EBITDA": -19261000.0,
        "EBIT": -19503000.0,
        "Net Interest Income": NaN,
        "Interest Income": NaN,
        "Normalized Income": -19505000.0,
        "Net Income From Continuing And Discontinued Operation": -17343000.0,
        "Total Expenses": 20688000.0,
        "Total Operating Income As Reported": -19503000.0,
        "Diluted Average Shares": 43437844.0,
        "Basic Average Shares": 43437844.0,
        "Diluted EPS": -0.4,
        "Basic EPS": -0.4,
        "Diluted NI Availto Com Stockholders": -17343000.0,
        "Net Income Common Stockholders": -17343000.0,
        "Net Income": -17343000.0,
        "Net Income Including Noncontrolling Interests": -17343000.0,
        "Net Income Continuous Operations": -17343000.0,
        "Tax Provision": 0.0,
        "Pretax Income": -17343000.0,
        "Other Income Expense": 2160000.0,
        "Other Non Operating Income Expenses": -2000.0,
        "Special Income Charges": 0.0,
        "Restructuring And Mergern Acquisition": 0.0,
        "Gain On Sale Of Security": 2162000.0,
        "Net Non Operating Interest Income Expense": NaN,
        "Interest Income Non Operating": NaN,
        "Operating Income": -19503000.0,
        "Operating Expense": 20688000.0,
        "Research And Development": 14654000.0,
        "Selling General And Administration": 6034000.0,
        "General And Administrative Expense": 6034000.0,
        "Other Gand A": 6034000.0,
        "Total Revenue": 1185000.0,
        "Operating Revenue": 1185000.0
    },
    "2023-12-31": {
        "Tax Effect Of Unusual Items": 0.0,
        "Tax Rate For Calcs": 0.0,
        "Normalized EBITDA": -23874000.0,
        "Total Unusual Items": 2271000.0,
        "Total Unusual Items Excluding Goodwill": 2271000.0,
        "Net Income From Continuing Operation Net Minority Interest": -19489000.0,
        "Reconciled Depreciation": 305000.0,
        "EBITDA": -21603000.0,
        "EBIT": -21908000.0,
        "Net Interest Income": NaN,
        "Interest Income": NaN,
        "Normalized Income": -21760000.0,
        "Net Income From Continuing And Discontinued Operation": -19489000.0,
        "Total Expenses": 22567000.0,
        "Total Operating Income As Reported": -21908000.0,
        "Diluted Average Shares": NaN,
        "Basic Average Shares": NaN,
        "Diluted EPS": NaN,
        "Basic EPS": NaN,
        "Diluted NI Availto Com Stockholders": -19489000.0,
        "Net Income Common Stockholders": -19489000.0,
        "Net Income": -19489000.0,
        "Net Income Including Noncontrolling Interests": -19489000.0,
        "Net Income Continuous Operations": -19489000.0,
        "Tax Provision": NaN,
        "Pretax Income": -19651000.0,
        "Other Income Expense": 2257000.0,
        "Other Non Operating Income Expenses": -14000.0,
        "Special Income Charges": NaN,
        "Restructuring And Mergern Acquisition": NaN,
        "Gain On Sale Of Security": 2271000.0,
        "Net Non Operating Interest Income Expense": NaN,
        "Interest Income Non Operating": NaN,
        "Operating Income": -21908000.0,
        "Operating Expense": 22567000.0,
        "Research And Development": 14274000.0,
        "Selling General And Administration": 8293000.0,
        "General And Administrative Expense": 8293000.0,
        "Other Gand A": 8293000.0,
        "Total Revenue": 659000.0,
        "Operating Revenue": 659000.0
    },
    "2024-03-31": {
        "Tax Effect Of Unusual Items": -98280.0,
        "Tax Rate For Calcs": 0.21,
        "Normalized EBITDA": -14957000.0,
        "Total Unusual Items": -468000.0,
        "Total Unusual Items Excluding Goodwill": -468000.0,
        "Net Income From Continuing Operation Net Minority Interest": -16146000.0,
        "Reconciled Depreciation": 219000.0,
        "EBITDA": -15425000.0,
        "EBIT": -15644000.0,
        "Net Interest Income": NaN,
        "Interest Income": NaN,
        "Normalized Income": -15776280.0,
        "Net Income From Continuing And Discontinued Operation": -16146000.0,
        "Total Expenses": 15644000.0,
        "Total Operating Income As Reported": -18226000.0,
        "Diluted Average Shares": 48258111.0,
        "Basic Average Shares": 48258111.0,
        "Diluted EPS": -0.33,
        "Basic EPS": -0.33,
        "Diluted NI Availto Com Stockholders": -16146000.0,
        "Net Income Common Stockholders": -16146000.0,
        "Net Income": -16146000.0,
        "Net Income Including Noncontrolling Interests": -16146000.0,
        "Net Income Continuous Operations": -16146000.0,
        "Tax Provision": 27000.0,
        "Pretax Income": -16119000.0,
        "Other Income Expense": -475000.0,
        "Other Non Operating Income Expenses": -7000.0,
        "Special Income Charges": -2582000.0,
        "Restructuring And Mergern Acquisition": 2582000.0,
        "Gain On Sale Of Security": 2114000.0,
        "Net Non Operating Interest Income Expense": NaN,
        "Interest Income Non Operating": NaN,
        "Operating Income": -15644000.0,
        "Operating Expense": 15644000.0,
        "Research And Development": 9645000.0,
        "Selling General And Administration": 5999000.0,
        "General And Administrative Expense": 5999000.0,
        "Other Gand A": 5999000.0,
        "Total Revenue": 0.0,
        "Operating Revenue": 0.0
    },
    "2024-06-30": {
        "Tax Effect Of Unusual Items": 259770.0,
        "Tax Rate For Calcs": 0.21,
        "Normalized EBITDA": -16285000.0,
        "Total Unusual Items": 1237000.0,
        "Total Unusual Items Excluding Goodwill": 1237000.0,
        "Net Income From Continuing Operation Net Minority Interest": -13730000.0,
        "Reconciled Depreciation": 92000.0,
        "EBITDA": -15048000.0,
        "EBIT": -15140000.0,
        "Net Interest Income": NaN,
        "Interest Income": NaN,
        "Normalized Income": -14707230.0,
        "Net Income From Continuing And Discontinued Operation": -13730000.0,
        "Total Expenses": 15140000.0,
        "Total Operating Income As Reported": -15823000.0,
        "Diluted Average Shares": 48258111.0,
        "Basic Average Shares": 48258111.0,
        "Diluted EPS": -0.28,
        "Basic EPS": -0.28,
        "Diluted NI Availto Com Stockholders": -13730000.0,
        "Net Income Common Stockholders": -13730000.0,
        "Net Income": -13730000.0,
        "Net Income Including Noncontrolling Interests": -13730000.0,
        "Net Income Continuous Operations": -13730000.0,
        "Tax Provision": 62000.0,
        "Pretax Income": -13668000.0,
        "Other Income Expense": 1472000.0,
        "Other Non Operating Income Expenses": 235000.0,
        "Special Income Charges": -683000.0,
        "Restructuring And Mergern Acquisition": 683000.0,
        "Gain On Sale Of Security": 1920000.0,
        "Net Non Operating Interest Income Expense": NaN,
        "Interest Income Non Operating": NaN,
        "Operating Income": -15140000.0,
        "Operating Expense": 15140000.0,
        "Research And Development": 9832000.0,
        "Selling General And Administration": 5308000.0,
        "General And Administrative Expense": 5308000.0,
        "Other Gand A": 5308000.0,
        "Total Revenue": 0.0,
        "Operating Revenue": 0.0
    },
    "2024-09-30": {
        "Tax Effect Of Unusual Items": 201390.0,
        "Tax Rate For Calcs": 0.21,
        "Normalized EBITDA": -12464000.0,
        "Total Unusual Items": 959000.0,
        "Total Unusual Items Excluding Goodwill": 959000.0,
        "Net Income From Continuing Operation Net Minority Interest": -10234000.0,
        "Reconciled Depreciation": 90000.0,
        "EBITDA": -11505000.0,
        "EBIT": -11595000.0,
        "Net Interest Income": NaN,
        "Interest Income": NaN,
        "Normalized Income": -10991610.0,
        "Net Income From Continuing And Discontinued Operation": -10234000.0,
        "Total Expenses": 11595000.0,
        "Total Operating Income As Reported": -12407000.0,
        "Diluted Average Shares": 48258111.0,
        "Basic Average Shares": 48258111.0,
        "Diluted EPS": -0.21,
        "Basic EPS": -0.21,
        "Diluted NI Availto Com Stockholders": -10234000.0,
        "Net Income Common Stockholders": -10234000.0,
        "Net Income": -10234000.0,
        "Net Income Including Noncontrolling Interests": -10234000.0,
        "Net Income Continuous Operations": -10234000.0,
        "Tax Provision": 10000.0,
        "Pretax Income": -10224000.0,
        "Other Income Expense": 1371000.0,
        "Other Non Operating Income Expenses": 412000.0,
        "Special Income Charges": -812000.0,
        "Restructuring And Mergern Acquisition": 812000.0,
        "Gain On Sale Of Security": 1771000.0,
        "Net Non Operating Interest Income Expense": NaN,
        "Interest Income Non Operating": NaN,
        "Operating Income": -11595000.0,
        "Operating Expense": 11595000.0,
        "Research And Development": 6818000.0,
        "Selling General And Administration": 4777000.0,
        "General And Administrative Expense": 4777000.0,
        "Other Gand A": 4777000.0,
        "Total Revenue": 0.0,
        "Operating Revenue": 0.0
    }
}