{
    "2023-03-31": {
        "Tax Effect Of Unusual Items": NaN,
        "Tax Rate For Calcs": NaN,
        "Normalized EBITDA": NaN,
        "Total Unusual Items": NaN,
        "Total Unusual Items Excluding Goodwill": NaN,
        "Net Income From Continuing Operation Net Minority Interest": NaN,
        "Reconciled Depreciation": NaN,
        "Reconciled Cost Of Revenue": NaN,
        "EBITDA": NaN,
        "EBIT": NaN,
        "Net Interest Income": NaN,
        "Interest Expense": NaN,
        "Interest Income": NaN,
        "Normalized Income": NaN,
        "Net Income From Continuing And Discontinued Operation": NaN,
        "Total Expenses": NaN,
        "Total Operating Income As Reported": NaN,
        "Diluted Average Shares": 48183771.0,
        "Basic Average Shares": 48183771.0,
        "Diluted EPS": -0.4,
        "Basic EPS": -0.4,
        "Diluted NI Availto Com Stockholders": NaN,
        "Net Income Common Stockholders": NaN,
        "Net Income": NaN,
        "Net Income Including Noncontrolling Interests": NaN,
        "Net Income Continuous Operations": NaN,
        "Tax Provision": NaN,
        "Pretax Income": NaN,
        "Other Income Expense": NaN,
        "Other Non Operating Income Expenses": -325000.0,
        "Gain On Sale Of Security": NaN,
        "Net Non Operating Interest Income Expense": NaN,
        "Total Other Finance Cost": NaN,
        "Interest Expense Non Operating": NaN,
        "Interest Income Non Operating": NaN,
        "Operating Income": NaN,
        "Operating Expense": NaN,
        "Research And Development": NaN,
        "Selling General And Administration": NaN,
        "Selling And Marketing Expense": NaN,
        "General And Administrative Expense": NaN,
        "Other Gand A": NaN,
        "Salaries And Wages": NaN,
        "Gross Profit": NaN,
        "Cost Of Revenue": NaN,
        "Total Revenue": NaN,
        "Operating Revenue": NaN
    },
    "2022-12-31": {
        "Tax Effect Of Unusual Items": NaN,
        "Tax Rate For Calcs": NaN,
        "Normalized EBITDA": NaN,
        "Total Unusual Items": NaN,
        "Total Unusual Items Excluding Goodwill": NaN,
        "Net Income From Continuing Operation Net Minority Interest": NaN,
        "Reconciled Depreciation": NaN,
        "Reconciled Cost Of Revenue": NaN,
        "EBITDA": NaN,
        "EBIT": NaN,
        "Net Interest Income": NaN,
        "Interest Expense": NaN,
        "Interest Income": NaN,
        "Normalized Income": NaN,
        "Net Income From Continuing And Discontinued Operation": NaN,
        "Total Expenses": NaN,
        "Total Operating Income As Reported": NaN,
        "Diluted Average Shares": 46672222.0,
        "Basic Average Shares": 46672222.0,
        "Diluted EPS": -0.54,
        "Basic EPS": -0.54,
        "Diluted NI Availto Com Stockholders": NaN,
        "Net Income Common Stockholders": NaN,
        "Net Income": NaN,
        "Net Income Including Noncontrolling Interests": NaN,
        "Net Income Continuous Operations": NaN,
        "Tax Provision": NaN,
        "Pretax Income": NaN,
        "Other Income Expense": NaN,
        "Other Non Operating Income Expenses": NaN,
        "Gain On Sale Of Security": NaN,
        "Net Non Operating Interest Income Expense": NaN,
        "Interest Expense Non Operating": NaN,
        "Interest Income Non Operating": NaN,
        "Operating Income": NaN,
        "Operating Expense": NaN,
        "Research And Development": NaN,
        "Selling General And Administration": NaN,
        "General And Administrative Expense": NaN,
        "Other Gand A": NaN,
        "Gross Profit": NaN,
        "Cost Of Revenue": NaN,
        "Total Revenue": NaN,
        "Operating Revenue": NaN
    },
    "2022-09-30": {
        "Tax Effect Of Unusual Items": NaN,
        "Tax Rate For Calcs": NaN,
        "Normalized EBITDA": NaN,
        "Total Unusual Items": NaN,
        "Total Unusual Items Excluding Goodwill": NaN,
        "Net Income From Continuing Operation Net Minority Interest": NaN,
        "Reconciled Depreciation": NaN,
        "Reconciled Cost Of Revenue": NaN,
        "EBITDA": NaN,
        "EBIT": NaN,
        "Net Interest Income": NaN,
        "Interest Expense": NaN,
        "Interest Income": NaN,
        "Normalized Income": NaN,
        "Net Income From Continuing And Discontinued Operation": NaN,
        "Total Expenses": NaN,
        "Total Operating Income As Reported": NaN,
        "Diluted Average Shares": NaN,
        "Basic Average Shares": NaN,
        "Diluted EPS": NaN,
        "Basic EPS": NaN,
        "Diluted NI Availto Com Stockholders": NaN,
        "Net Income Common Stockholders": NaN,
        "Net Income": NaN,
        "Net Income Including Noncontrolling Interests": NaN,
        "Net Income Continuous Operations": NaN,
        "Tax Provision": NaN,
        "Pretax Income": NaN,
        "Other Income Expense": NaN,
        "Other Non Operating Income Expenses": NaN,
        "Gain On Sale Of Security": NaN,
        "Net Non Operating Interest Income Expense": NaN,
        "Interest Expense Non Operating": NaN,
        "Interest Income Non Operating": NaN,
        "Operating Income": NaN,
        "Operating Expense": NaN,
        "Depreciation Amortization Depletion Income Statement": 964000.0,
        "Depreciation And Amortization In Income Statement": 964000.0,
        "Depreciation Income Statement": 964000.0,
        "Research And Development": NaN,
        "Selling General And Administration": NaN,
        "Selling And Marketing Expense": 7472000.0,
        "General And Administrative Expense": 18411000.0,
        "Other Gand A": 6790000.0,
        "Salaries And Wages": 11621000.0,
        "Gross Profit": NaN,
        "Cost Of Revenue": NaN,
        "Total Revenue": NaN,
        "Operating Revenue": NaN
    },
    "2022-06-30": {
        "Tax Effect Of Unusual Items": 1762509.4294,
        "Tax Rate For Calcs": 0.260034,
        "Normalized EBITDA": -12015000.0,
        "Total Unusual Items": 6778000.0,
        "Total Unusual Items Excluding Goodwill": 6778000.0,
        "Net Income From Continuing Operation Net Minority Interest": -6121000.0,
        "Reconciled Depreciation": 1638000.0,
        "Reconciled Cost Of Revenue": 34000.0,
        "EBITDA": -5237000.0,
        "EBIT": -6875000.0,
        "Net Interest Income": -1279000.0,
        "Interest Expense": 1397000.0,
        "Interest Income": 118000.0,
        "Normalized Income": -11136490.5706,
        "Net Income From Continuing And Discontinued Operation": -6121000.0,
        "Total Expenses": 45773000.0,
        "Total Operating Income As Reported": -6993000.0,
        "Diluted Average Shares": 43935837.0,
        "Basic Average Shares": 43935837.0,
        "Diluted EPS": -0.14,
        "Basic EPS": -0.14,
        "Diluted NI Availto Com Stockholders": -6121000.0,
        "Net Income Common Stockholders": -6121000.0,
        "Net Income": -6121000.0,
        "Net Income Including Noncontrolling Interests": -6121000.0,
        "Net Income Continuous Operations": -6121000.0,
        "Tax Provision": -2151000.0,
        "Pretax Income": -8272000.0,
        "Other Income Expense": 6778000.0,
        "Gain On Sale Of Security": 6778000.0,
        "Net Non Operating Interest Income Expense": -1279000.0,
        "Interest Expense Non Operating": 1397000.0,
        "Interest Income Non Operating": 118000.0,
        "Operating Income": -13771000.0,
        "Operating Expense": 45739000.0,
        "Other Operating Expenses": NaN,
        "Depreciation Amortization Depletion Income Statement": 1077000.0,
        "Depreciation And Amortization In Income Statement": 1077000.0,
        "Depreciation Income Statement": 1077000.0,
        "Research And Development": 20150000.0,
        "Selling General And Administration": 24512000.0,
        "Selling And Marketing Expense": 8191000.0,
        "General And Administrative Expense": 16321000.0,
        "Other Gand A": 5411000.0,
        "Salaries And Wages": 10910000.0,
        "Gross Profit": 31968000.0,
        "Cost Of Revenue": 34000.0,
        "Total Revenue": 32002000.0,
        "Operating Revenue": 32002000.0
    },
    "2022-03-31": {
        "Diluted EPS": -0.5,
        "Total Revenue": 30,
        "Gross Profit": 30,
        "Operating Income": -22,
        "EBIT": -20,
        "Net Income": -22
    },
    "2021-12-31": {
        "Diluted EPS": -1.22,
        "Total Revenue": 9,
        "Gross Profit": 9,
        "Operating Income": -51,
        "EBIT": -49,
        "Net Income": -53
    },
    "2021-09-30": {
        "Diluted EPS": -0.95,
        "Total Revenue": 8,
        "Gross Profit": 8,
        "Operating Income": -43,
        "EBIT": -40,
        "Net Income": -42
    },
    "2021-06-30": {
        "Diluted EPS": -1.05,
        "Total Revenue": 8,
        "Gross Profit": 8,
        "Operating Income": -48,
        "EBIT": -46,
        "Net Income": -46
    },
    "2021-03-31": {
        "Diluted EPS": -1.05,
        "Total Revenue": 11,
        "Gross Profit": 11,
        "Operating Income": -44,
        "EBIT": -41,
        "Net Income": -40
    },
    "2020-12-31": {
        "Diluted EPS": 0.0,
        "Total Revenue": NaN,
        "Gross Profit": NaN,
        "Operating Income": NaN,
        "EBIT": NaN,
        "Net Income": NaN
    },
    "2020-09-30": {
        "Diluted EPS": 0.0,
        "Total Revenue": NaN,
        "Gross Profit": NaN,
        "Operating Income": NaN,
        "Net Income": NaN
    },
    "2019-12-31": {
        "Diluted EPS": 0.0,
        "Total Revenue": NaN,
        "Gross Profit": NaN,
        "Operating Income": NaN,
        "EBIT": NaN,
        "Net Income": NaN
    },
    "2023-06-30": {
        "Tax Effect Of Unusual Items": NaN,
        "Tax Rate For Calcs": NaN,
        "Normalized EBITDA": NaN,
        "Total Unusual Items": NaN,
        "Total Unusual Items Excluding Goodwill": NaN,
        "Net Income From Continuing Operation Net Minority Interest": NaN,
        "Reconciled Depreciation": NaN,
        "Reconciled Cost Of Revenue": NaN,
        "EBITDA": NaN,
        "EBIT": NaN,
        "Net Interest Income": NaN,
        "Interest Expense": NaN,
        "Interest Income": NaN,
        "Normalized Income": NaN,
        "Net Income From Continuing And Discontinued Operation": NaN,
        "Total Expenses": NaN,
        "Total Operating Income As Reported": NaN,
        "Diluted Average Shares": 48694047.0,
        "Basic Average Shares": 48694047.0,
        "Diluted EPS": -0.35,
        "Basic EPS": -0.35,
        "Diluted NI Availto Com Stockholders": NaN,
        "Net Income Common Stockholders": NaN,
        "Net Income": NaN,
        "Net Income Including Noncontrolling Interests": NaN,
        "Net Income Continuous Operations": NaN,
        "Tax Provision": NaN,
        "Pretax Income": NaN,
        "Other Income Expense": NaN,
        "Other Non Operating Income Expenses": -190000.0,
        "Gain On Sale Of Security": NaN,
        "Net Non Operating Interest Income Expense": NaN,
        "Total Other Finance Cost": NaN,
        "Interest Expense Non Operating": NaN,
        "Interest Income Non Operating": NaN,
        "Operating Income": NaN,
        "Operating Expense": NaN,
        "Research And Development": NaN,
        "Selling General And Administration": NaN,
        "Selling And Marketing Expense": 14280000.0,
        "General And Administrative Expense": 20730000.0,
        "Other Gand A": 5466000.0,
        "Salaries And Wages": 15264000.0,
        "Gross Profit": NaN,
        "Cost Of Revenue": NaN,
        "Total Revenue": NaN,
        "Operating Revenue": NaN
    },
    "2023-09-30": {
        "Tax Effect Of Unusual Items": 2136740.0,
        "Tax Rate For Calcs": 0.19,
        "Normalized EBITDA": -8117000.0,
        "Total Unusual Items": 11246000.0,
        "Total Unusual Items Excluding Goodwill": 11246000.0,
        "Net Income From Continuing Operation Net Minority Interest": 906000.0,
        "Reconciled Depreciation": 1077000.0,
        "Reconciled Cost Of Revenue": 276000.0,
        "EBITDA": 3129000.0,
        "EBIT": 2052000.0,
        "Net Interest Income": 3821000.0,
        "Interest Expense": 1321000.0,
        "Interest Income": 5142000.0,
        "Normalized Income": -8203260.0,
        "Net Income From Continuing And Discontinued Operation": 906000.0,
        "Total Expenses": 78994000.0,
        "Total Operating Income As Reported": -14144000.0,
        "Diluted Average Shares": 54158967.0,
        "Basic Average Shares": 49134037.0,
        "Diluted EPS": 0.02,
        "Basic EPS": 0.02,
        "Diluted NI Availto Com Stockholders": 906000.0,
        "Net Income Common Stockholders": 906000.0,
        "Net Income": 906000.0,
        "Net Income Including Noncontrolling Interests": 906000.0,
        "Net Income Continuous Operations": 906000.0,
        "Tax Provision": -175000.0,
        "Pretax Income": 731000.0,
        "Other Income Expense": 11054000.0,
        "Other Non Operating Income Expenses": -192000.0,
        "Gain On Sale Of Security": 11246000.0,
        "Net Non Operating Interest Income Expense": 3821000.0,
        "Total Other Finance Cost": NaN,
        "Interest Expense Non Operating": 1321000.0,
        "Interest Income Non Operating": 5142000.0,
        "Operating Income": -14144000.0,
        "Operating Expense": 78718000.0,
        "Research And Development": 43249000.0,
        "Selling General And Administration": 35469000.0,
        "Selling And Marketing Expense": 12100000.0,
        "General And Administrative Expense": 23369000.0,
        "Other Gand A": 9431000.0,
        "Salaries And Wages": 13938000.0,
        "Gross Profit": 64574000.0,
        "Cost Of Revenue": 276000.0,
        "Total Revenue": 64850000.0,
        "Operating Revenue": 64850000.0
    },
    "2023-12-31": {
        "Tax Effect Of Unusual Items": -2964062.232909,
        "Tax Rate For Calcs": 0.227232,
        "Normalized EBITDA": -13641367.967692,
        "Total Unusual Items": -13044230.011835,
        "Total Unusual Items Excluding Goodwill": -13044230.011835,
        "Net Income From Continuing Operation Net Minority Interest": -20062930.015495,
        "Reconciled Depreciation": -752547.065068,
        "Reconciled Cost Of Revenue": -529598.748185,
        "EBITDA": -26685597.979527,
        "EBIT": -26685597.979527,
        "Net Interest Income": 6448476.128891,
        "Interest Expense": -723185.49066,
        "Interest Income": 5725290.63823,
        "Normalized Income": -9982762.236569,
        "Net Income From Continuing And Discontinued Operation": -20062930.015495,
        "Total Expenses": 92456900.196435,
        "Total Operating Income As Reported": -18337888.617757,
        "Diluted Average Shares": NaN,
        "Basic Average Shares": NaN,
        "Diluted EPS": NaN,
        "Basic EPS": NaN,
        "Diluted NI Availto Com Stockholders": -20062930.015495,
        "Net Income Common Stockholders": -20062930.015495,
        "Net Income": -20062930.015495,
        "Net Income Including Noncontrolling Interests": -20062930.015495,
        "Net Income Continuous Operations": -20062930.015495,
        "Tax Provision": -5899482.473371,
        "Pretax Income": -25962412.488867,
        "Other Income Expense": -13941230.011835,
        "Other Non Operating Income Expenses": NaN,
        "Gain On Sale Of Security": -13044230.011835,
        "Net Non Operating Interest Income Expense": 6448476.128891,
        "Total Other Finance Cost": NaN,
        "Interest Expense Non Operating": -723185.49066,
        "Interest Income Non Operating": 5725290.63823,
        "Operating Income": -18469658.605922,
        "Operating Expense": 92986498.94462,
        "Research And Development": 55084878.722807,
        "Selling General And Administration": 37901620.221813,
        "Selling And Marketing Expense": NaN,
        "General And Administrative Expense": NaN,
        "Other Gand A": NaN,
        "Salaries And Wages": NaN,
        "Gross Profit": 74516840.338698,
        "Cost Of Revenue": -529598.748185,
        "Total Revenue": 73987241.590513,
        "Operating Revenue": 73987241.590513
    },
    "2024-03-31": {
        "Tax Effect Of Unusual Items": -601500.0,
        "Tax Rate For Calcs": 0.25,
        "Normalized EBITDA": -17423000.0,
        "Total Unusual Items": -2406000.0,
        "Total Unusual Items Excluding Goodwill": -2406000.0,
        "Net Income From Continuing Operation Net Minority Interest": -24436000.0,
        "Reconciled Depreciation": 1011000.0,
        "Reconciled Cost Of Revenue": 246000.0,
        "EBITDA": -19829000.0,
        "EBIT": -20840000.0,
        "Net Interest Income": 5007000.0,
        "Interest Expense": 3239000.0,
        "Interest Income": 8246000.0,
        "Normalized Income": -22631500.0,
        "Net Income From Continuing And Discontinued Operation": -24436000.0,
        "Total Expenses": 96992000.0,
        "Total Operating Income As Reported": -26490000.0,
        "Diluted Average Shares": 49877218.0,
        "Basic Average Shares": 49877218.0,
        "Diluted EPS": -0.49,
        "Basic EPS": -0.49,
        "Diluted NI Availto Com Stockholders": -24436000.0,
        "Net Income Common Stockholders": -24436000.0,
        "Net Income": -24436000.0,
        "Net Income Including Noncontrolling Interests": -24436000.0,
        "Net Income Continuous Operations": -24436000.0,
        "Tax Provision": 357000.0,
        "Pretax Income": -24079000.0,
        "Other Income Expense": -2596000.0,
        "Other Non Operating Income Expenses": -190000.0,
        "Gain On Sale Of Security": -2406000.0,
        "Net Non Operating Interest Income Expense": 5007000.0,
        "Total Other Finance Cost": NaN,
        "Interest Expense Non Operating": 3239000.0,
        "Interest Income Non Operating": 8246000.0,
        "Operating Income": -26490000.0,
        "Operating Expense": 96746000.0,
        "Research And Development": 57459000.0,
        "Selling General And Administration": 39287000.0,
        "Selling And Marketing Expense": NaN,
        "General And Administrative Expense": NaN,
        "Other Gand A": NaN,
        "Salaries And Wages": NaN,
        "Gross Profit": 70256000.0,
        "Cost Of Revenue": 246000.0,
        "Total Revenue": 70502000.0,
        "Operating Revenue": 70502000.0
    },
    "2024-06-30": {
        "Tax Effect Of Unusual Items": -127000.0,
        "Tax Rate For Calcs": 0.25,
        "Normalized EBITDA": -4866000.0,
        "Total Unusual Items": -508000.0,
        "Total Unusual Items Excluding Goodwill": -508000.0,
        "Net Income From Continuing Operation Net Minority Interest": -11616000.0,
        "Reconciled Depreciation": 992000.0,
        "Reconciled Cost Of Revenue": 1707000.0,
        "EBITDA": -5374000.0,
        "EBIT": -6366000.0,
        "Net Interest Income": 1962000.0,
        "Interest Expense": 3764000.0,
        "Interest Income": 6239000.0,
        "Normalized Income": -11235000.0,
        "Net Income From Continuing And Discontinued Operation": -11616000.0,
        "Total Expenses": 91417000.0,
        "Total Operating Income As Reported": -16017000.0,
        "Diluted Average Shares": 50014086.0,
        "Basic Average Shares": 50014086.0,
        "Diluted EPS": -0.23,
        "Basic EPS": -0.23,
        "Diluted NI Availto Com Stockholders": -11616000.0,
        "Net Income Common Stockholders": -11616000.0,
        "Net Income": -11616000.0,
        "Net Income Including Noncontrolling Interests": -11616000.0,
        "Net Income Continuous Operations": -11616000.0,
        "Tax Provision": 1486000.0,
        "Pretax Income": -10130000.0,
        "Other Income Expense": 3925000.0,
        "Other Non Operating Income Expenses": 4433000.0,
        "Gain On Sale Of Security": -508000.0,
        "Net Non Operating Interest Income Expense": 1962000.0,
        "Total Other Finance Cost": 513000.0,
        "Interest Expense Non Operating": 3764000.0,
        "Interest Income Non Operating": 6239000.0,
        "Operating Income": -16017000.0,
        "Operating Expense": 89710000.0,
        "Research And Development": 51072000.0,
        "Selling General And Administration": 38638000.0,
        "Selling And Marketing Expense": 13051000.0,
        "General And Administrative Expense": 25587000.0,
        "Other Gand A": 7278000.0,
        "Salaries And Wages": 18309000.0,
        "Gross Profit": 73693000.0,
        "Cost Of Revenue": 1707000.0,
        "Total Revenue": 75400000.0,
        "Operating Revenue": 75400000.0
    },
    "2024-09-30": {
        "Tax Effect Of Unusual Items": 990750.0,
        "Tax Rate For Calcs": 0.25,
        "Normalized EBITDA": 6944000.0,
        "Total Unusual Items": 3963000.0,
        "Total Unusual Items Excluding Goodwill": 3963000.0,
        "Net Income From Continuing Operation Net Minority Interest": 8736000.0,
        "Reconciled Depreciation": 1035000.0,
        "Reconciled Cost Of Revenue": 448000.0,
        "EBITDA": 10907000.0,
        "EBIT": 9872000.0,
        "Net Interest Income": 1670000.0,
        "Interest Expense": 3779000.0,
        "Interest Income": 5960000.0,
        "Normalized Income": 5763750.0,
        "Net Income From Continuing And Discontinued Operation": 8736000.0,
        "Total Expenses": 88750000.0,
        "Total Operating Income As Reported": -8502000.0,
        "Diluted Average Shares": 52808434.0,
        "Basic Average Shares": 50021939.0,
        "Diluted EPS": 0.17,
        "Basic EPS": 0.17,
        "Diluted NI Availto Com Stockholders": 8736000.0,
        "Net Income Common Stockholders": 8736000.0,
        "Net Income": 8736000.0,
        "Net Income Including Noncontrolling Interests": 8736000.0,
        "Net Income Continuous Operations": 8736000.0,
        "Tax Provision": -2643000.0,
        "Pretax Income": 6093000.0,
        "Other Income Expense": 12925000.0,
        "Other Non Operating Income Expenses": 8962000.0,
        "Gain On Sale Of Security": 3963000.0,
        "Net Non Operating Interest Income Expense": 1670000.0,
        "Total Other Finance Cost": 511000.0,
        "Interest Expense Non Operating": 3779000.0,
        "Interest Income Non Operating": 5960000.0,
        "Operating Income": -8502000.0,
        "Operating Expense": 88302000.0,
        "Research And Development": 52770000.0,
        "Selling General And Administration": 35532000.0,
        "Selling And Marketing Expense": 11621000.0,
        "General And Administrative Expense": 23911000.0,
        "Other Gand A": 7388000.0,
        "Salaries And Wages": 16523000.0,
        "Gross Profit": 79800000.0,
        "Cost Of Revenue": 448000.0,
        "Total Revenue": 80248000.0,
        "Operating Revenue": 80248000.0
    }
}