{
    "2023-03-31": {
        "Tax Effect Of Unusual Items": NaN,
        "Tax Rate For Calcs": NaN,
        "Normalized EBITDA": NaN,
        "Net Income From Continuing Operation Net Minority Interest": NaN,
        "Reconciled Depreciation": NaN,
        "EBITDA": NaN,
        "EBIT": NaN,
        "Net Interest Income": NaN,
        "Interest Expense": 0.0,
        "Interest Income": NaN,
        "Normalized Income": NaN,
        "Net Income From Continuing And Discontinued Operation": NaN,
        "Total Expenses": NaN,
        "Total Operating Income As Reported": NaN,
        "Diluted Average Shares": NaN,
        "Basic Average Shares": NaN,
        "Diluted EPS": NaN,
        "Basic EPS": NaN,
        "Diluted NI Availto Com Stockholders": NaN,
        "Net Income Common Stockholders": NaN,
        "Net Income": NaN,
        "Minority Interests": NaN,
        "Net Income Including Noncontrolling Interests": NaN,
        "Net Income Continuous Operations": NaN,
        "Tax Provision": NaN,
        "Pretax Income": NaN,
        "Net Non Operating Interest Income Expense": NaN,
        "Interest Expense Non Operating": 0.0,
        "Interest Income Non Operating": NaN,
        "Operating Income": NaN,
        "Operating Expense": NaN,
        "Research And Development": NaN,
        "Selling General And Administration": NaN,
        "General And Administrative Expense": NaN,
        "Other Gand A": NaN,
        "Total Revenue": NaN,
        "Operating Revenue": NaN
    },
    "2022-12-31": {
        "Tax Effect Of Unusual Items": NaN,
        "Tax Rate For Calcs": NaN,
        "Normalized EBITDA": NaN,
        "Net Income From Continuing Operation Net Minority Interest": NaN,
        "Reconciled Depreciation": NaN,
        "EBITDA": NaN,
        "EBIT": NaN,
        "Net Interest Income": NaN,
        "Interest Expense": 0.0,
        "Interest Income": NaN,
        "Normalized Income": NaN,
        "Net Income From Continuing And Discontinued Operation": NaN,
        "Total Expenses": NaN,
        "Total Operating Income As Reported": NaN,
        "Diluted Average Shares": NaN,
        "Basic Average Shares": NaN,
        "Diluted EPS": NaN,
        "Basic EPS": NaN,
        "Diluted NI Availto Com Stockholders": NaN,
        "Net Income Common Stockholders": NaN,
        "Net Income": NaN,
        "Minority Interests": NaN,
        "Net Income Including Noncontrolling Interests": NaN,
        "Net Income Continuous Operations": NaN,
        "Tax Provision": NaN,
        "Pretax Income": NaN,
        "Net Non Operating Interest Income Expense": NaN,
        "Interest Expense Non Operating": 0.0,
        "Interest Income Non Operating": NaN,
        "Operating Income": NaN,
        "Operating Expense": NaN,
        "Research And Development": NaN,
        "Selling General And Administration": NaN,
        "General And Administrative Expense": NaN,
        "Other Gand A": NaN,
        "Total Revenue": NaN,
        "Operating Revenue": NaN
    },
    "2022-09-30": {
        "Tax Effect Of Unusual Items": NaN,
        "Tax Rate For Calcs": NaN,
        "Normalized EBITDA": NaN,
        "Net Income From Continuing Operation Net Minority Interest": NaN,
        "Reconciled Depreciation": NaN,
        "EBITDA": NaN,
        "EBIT": NaN,
        "Net Interest Income": NaN,
        "Interest Expense": NaN,
        "Interest Income": NaN,
        "Normalized Income": NaN,
        "Net Income From Continuing And Discontinued Operation": NaN,
        "Total Expenses": NaN,
        "Total Operating Income As Reported": NaN,
        "Diluted Average Shares": 13924832.0,
        "Basic Average Shares": 13924832.0,
        "Diluted EPS": -0.11,
        "Basic EPS": -0.11,
        "Diluted NI Availto Com Stockholders": NaN,
        "Net Income Common Stockholders": NaN,
        "Net Income": NaN,
        "Minority Interests": NaN,
        "Net Income Including Noncontrolling Interests": NaN,
        "Net Income Continuous Operations": NaN,
        "Tax Provision": NaN,
        "Pretax Income": NaN,
        "Net Non Operating Interest Income Expense": NaN,
        "Interest Expense Non Operating": NaN,
        "Interest Income Non Operating": NaN,
        "Operating Income": NaN,
        "Operating Expense": NaN,
        "Research And Development": NaN,
        "Selling General And Administration": NaN,
        "General And Administrative Expense": NaN,
        "Other Gand A": NaN,
        "Total Revenue": NaN,
        "Operating Revenue": NaN
    },
    "2022-06-30": {
        "Tax Effect Of Unusual Items": 0.0,
        "Tax Rate For Calcs": 0.4,
        "Normalized EBITDA": -1560571.0,
        "Net Income From Continuing Operation Net Minority Interest": -1562778.0,
        "Reconciled Depreciation": 383.0,
        "EBITDA": -1560571.0,
        "EBIT": -1560954.0,
        "Net Interest Income": -109.0,
        "Interest Expense": 109.0,
        "Interest Income": NaN,
        "Normalized Income": -1562778.0,
        "Net Income From Continuing And Discontinued Operation": -1562778.0,
        "Total Expenses": 1560954.0,
        "Total Operating Income As Reported": -1560954.0,
        "Diluted Average Shares": 13881414.0,
        "Basic Average Shares": 13881414.0,
        "Diluted EPS": -0.11,
        "Basic EPS": -0.11,
        "Diluted NI Availto Com Stockholders": -1562778.0,
        "Net Income Common Stockholders": -1562778.0,
        "Net Income": -1562778.0,
        "Minority Interests": NaN,
        "Net Income Including Noncontrolling Interests": -1562778.0,
        "Net Income Continuous Operations": -1562778.0,
        "Tax Provision": 1715.0,
        "Pretax Income": -1561063.0,
        "Net Non Operating Interest Income Expense": -109.0,
        "Interest Expense Non Operating": 109.0,
        "Interest Income Non Operating": NaN,
        "Operating Income": -1560954.0,
        "Operating Expense": 1560954.0,
        "Research And Development": 607751.0,
        "Selling General And Administration": 953203.0,
        "General And Administrative Expense": 953203.0,
        "Other Gand A": 953203.0,
        "Total Revenue": 0.0,
        "Operating Revenue": 0.0
    },
    "2022-03-31": {
        "Diluted EPS": -0.1,
        "Total Revenue": NaN,
        "Gross Profit": NaN,
        "Operating Income": -1,
        "EBIT": -1,
        "Net Income": -1
    },
    "2021-12-31": {
        "Diluted EPS": -6.16,
        "Total Revenue": NaN,
        "Gross Profit": NaN,
        "Operating Income": -1,
        "EBIT": -1,
        "Net Income": -23
    },
    "2021-09-30": {
        "Diluted EPS": -0.12,
        "Total Revenue": NaN,
        "Gross Profit": NaN,
        "Operating Income": 0,
        "EBIT": 0,
        "Net Income": 0
    },
    "2021-06-30": {
        "Diluted EPS": -0.06,
        "Total Revenue": NaN,
        "Gross Profit": NaN,
        "Operating Income": 0,
        "EBIT": 0,
        "Net Income": 0
    },
    "2021-03-31": {
        "Diluted EPS": -0.3,
        "Total Revenue": NaN,
        "Gross Profit": NaN,
        "Operating Income": 0,
        "EBIT": 0,
        "Net Income": -1
    },
    "2020-12-31": {
        "Diluted EPS": 0.0,
        "Total Revenue": NaN,
        "Gross Profit": NaN,
        "Operating Income": NaN,
        "EBIT": NaN,
        "Net Income": NaN
    },
    "2020-09-30": {
        "Diluted EPS": 0.0,
        "Total Revenue": NaN,
        "Gross Profit": NaN,
        "Operating Income": NaN,
        "EBIT": NaN,
        "Net Income": NaN
    },
    "2019-12-31": {
        "Diluted EPS": 0.0,
        "Total Revenue": NaN,
        "Gross Profit": NaN,
        "Operating Income": NaN,
        "EBIT": NaN,
        "Net Income": NaN
    },
    "2023-06-30": {
        "Tax Effect Of Unusual Items": NaN,
        "Tax Rate For Calcs": NaN,
        "Normalized EBITDA": NaN,
        "Net Income From Continuing Operation Net Minority Interest": NaN,
        "Reconciled Depreciation": NaN,
        "EBITDA": NaN,
        "EBIT": NaN,
        "Net Interest Income": NaN,
        "Interest Expense": 0.0,
        "Interest Income": NaN,
        "Normalized Income": NaN,
        "Net Income From Continuing And Discontinued Operation": NaN,
        "Total Expenses": NaN,
        "Total Operating Income As Reported": NaN,
        "Diluted Average Shares": 15038989.0,
        "Basic Average Shares": 15038989.0,
        "Diluted EPS": -0.24,
        "Basic EPS": -0.24,
        "Diluted NI Availto Com Stockholders": NaN,
        "Net Income Common Stockholders": NaN,
        "Net Income": NaN,
        "Minority Interests": NaN,
        "Net Income Including Noncontrolling Interests": NaN,
        "Net Income Continuous Operations": NaN,
        "Tax Provision": NaN,
        "Pretax Income": NaN,
        "Net Non Operating Interest Income Expense": NaN,
        "Interest Expense Non Operating": 0.0,
        "Interest Income Non Operating": NaN,
        "Operating Income": NaN,
        "Operating Expense": NaN,
        "Research And Development": NaN,
        "Selling General And Administration": NaN,
        "General And Administrative Expense": NaN,
        "Other Gand A": NaN,
        "Total Revenue": NaN,
        "Operating Revenue": NaN
    },
    "2023-09-30": {
        "Tax Effect Of Unusual Items": 0.0,
        "Tax Rate For Calcs": 0.21,
        "Normalized EBITDA": -4522415.0,
        "Net Income From Continuing Operation Net Minority Interest": -4280664.0,
        "Reconciled Depreciation": 1381.0,
        "EBITDA": -4522415.0,
        "EBIT": -4523796.0,
        "Net Interest Income": 186691.0,
        "Interest Expense": 0.0,
        "Interest Income": 186691.0,
        "Normalized Income": -4280664.0,
        "Net Income From Continuing And Discontinued Operation": -4280664.0,
        "Total Expenses": 4523796.0,
        "Total Operating Income As Reported": -4523796.0,
        "Diluted Average Shares": 18578414.0,
        "Basic Average Shares": 18578414.0,
        "Diluted EPS": -0.23,
        "Basic EPS": -0.23,
        "Diluted NI Availto Com Stockholders": -4280664.0,
        "Net Income Common Stockholders": -4280664.0,
        "Net Income": -4280664.0,
        "Minority Interests": 63248.0,
        "Net Income Including Noncontrolling Interests": -4343912.0,
        "Net Income Continuous Operations": -4343912.0,
        "Tax Provision": 6807.0,
        "Pretax Income": -4337105.0,
        "Net Non Operating Interest Income Expense": 186691.0,
        "Interest Expense Non Operating": 0.0,
        "Interest Income Non Operating": 186691.0,
        "Operating Income": -4523796.0,
        "Operating Expense": 4523796.0,
        "Research And Development": 2106020.0,
        "Selling General And Administration": 2417776.0,
        "General And Administrative Expense": 2417776.0,
        "Other Gand A": 2417776.0,
        "Total Revenue": 0.0,
        "Operating Revenue": 0.0
    },
    "2023-12-31": {
        "Tax Effect Of Unusual Items": 0.0,
        "Tax Rate For Calcs": 0.21,
        "Normalized EBITDA": -5144201.0,
        "Net Income From Continuing Operation Net Minority Interest": -5089504.0,
        "Reconciled Depreciation": 3076.0,
        "EBITDA": -5144201.0,
        "EBIT": -5147277.0,
        "Net Interest Income": 228575.0,
        "Interest Expense": 0.0,
        "Interest Income": 228575.0,
        "Normalized Income": -5089504.0,
        "Net Income From Continuing And Discontinued Operation": -5089504.0,
        "Total Expenses": 5375852.0,
        "Total Operating Income As Reported": -5375852.0,
        "Diluted Average Shares": NaN,
        "Basic Average Shares": NaN,
        "Diluted EPS": NaN,
        "Basic EPS": NaN,
        "Diluted NI Availto Com Stockholders": -5089504.0,
        "Net Income Common Stockholders": -5089504.0,
        "Net Income": -5089504.0,
        "Minority Interests": 65862.0,
        "Net Income Including Noncontrolling Interests": -5155366.0,
        "Net Income Continuous Operations": -5155366.0,
        "Tax Provision": 8089.0,
        "Pretax Income": -5147277.0,
        "Net Non Operating Interest Income Expense": 228575.0,
        "Interest Expense Non Operating": 0.0,
        "Interest Income Non Operating": 228575.0,
        "Operating Income": -5375852.0,
        "Operating Expense": 5375852.0,
        "Research And Development": 3100747.0,
        "Selling General And Administration": 2275105.0,
        "General And Administrative Expense": 2275105.0,
        "Other Gand A": 2275105.0,
        "Total Revenue": 0.0,
        "Operating Revenue": 0.0
    },
    "2024-03-31": {
        "Tax Effect Of Unusual Items": 0.0,
        "Tax Rate For Calcs": 0.21,
        "Normalized EBITDA": -5566283.0,
        "Net Income From Continuing Operation Net Minority Interest": -5258991.0,
        "Reconciled Depreciation": 23850.0,
        "EBITDA": -5566283.0,
        "EBIT": -5590133.0,
        "Net Interest Income": 267908.0,
        "Interest Expense": NaN,
        "Interest Income": 267908.0,
        "Normalized Income": -5258991.0,
        "Net Income From Continuing And Discontinued Operation": -5258991.0,
        "Total Expenses": 5590133.0,
        "Total Operating Income As Reported": -5590133.0,
        "Diluted Average Shares": 23438143.0,
        "Basic Average Shares": 23438143.0,
        "Diluted EPS": -0.22,
        "Basic EPS": -0.22,
        "Diluted NI Availto Com Stockholders": -5258991.0,
        "Net Income Common Stockholders": -5258991.0,
        "Net Income": -5258991.0,
        "Minority Interests": 72073.0,
        "Net Income Including Noncontrolling Interests": -5331064.0,
        "Net Income Continuous Operations": -5331064.0,
        "Tax Provision": 8839.0,
        "Pretax Income": -5322225.0,
        "Net Non Operating Interest Income Expense": 267908.0,
        "Interest Expense Non Operating": NaN,
        "Interest Income Non Operating": 267908.0,
        "Operating Income": -5590133.0,
        "Operating Expense": 5590133.0,
        "Research And Development": 3248669.0,
        "Selling General And Administration": 2341464.0,
        "General And Administrative Expense": 2341464.0,
        "Other Gand A": 2341464.0,
        "Total Revenue": 0.0,
        "Operating Revenue": 0.0
    },
    "2024-06-30": {
        "Tax Effect Of Unusual Items": 0.0,
        "Tax Rate For Calcs": 0.21,
        "Normalized EBITDA": -4678201.0,
        "Net Income From Continuing Operation Net Minority Interest": -4392936.0,
        "Reconciled Depreciation": 24295.0,
        "EBITDA": -4678201.0,
        "EBIT": -4702496.0,
        "Net Interest Income": 306915.0,
        "Interest Expense": NaN,
        "Interest Income": 306915.0,
        "Normalized Income": -4392936.0,
        "Net Income From Continuing And Discontinued Operation": -4392936.0,
        "Total Expenses": 4702496.0,
        "Total Operating Income As Reported": -4702496.0,
        "Diluted Average Shares": 28785223.0,
        "Basic Average Shares": 28785223.0,
        "Diluted EPS": -0.15,
        "Basic EPS": -0.15,
        "Diluted NI Availto Com Stockholders": -4392936.0,
        "Net Income Common Stockholders": -4392936.0,
        "Net Income": -4392936.0,
        "Minority Interests": 12914.0,
        "Net Income Including Noncontrolling Interests": -4405850.0,
        "Net Income Continuous Operations": -4405850.0,
        "Tax Provision": 10269.0,
        "Pretax Income": -4395581.0,
        "Net Non Operating Interest Income Expense": 306915.0,
        "Interest Expense Non Operating": NaN,
        "Interest Income Non Operating": 306915.0,
        "Operating Income": -4702496.0,
        "Operating Expense": 4702496.0,
        "Research And Development": 2224139.0,
        "Selling General And Administration": 2478357.0,
        "General And Administrative Expense": 2478357.0,
        "Other Gand A": 2478357.0,
        "Total Revenue": 0.0,
        "Operating Revenue": 0.0
    },
    "2024-09-30": {
        "Tax Effect Of Unusual Items": 0.0,
        "Tax Rate For Calcs": 0.21,
        "Normalized EBITDA": -7369025.0,
        "Net Income From Continuing Operation Net Minority Interest": -7149395.0,
        "Reconciled Depreciation": 25906.0,
        "EBITDA": -7369025.0,
        "EBIT": -7394931.0,
        "Net Interest Income": 256680.0,
        "Interest Expense": NaN,
        "Interest Income": 256680.0,
        "Normalized Income": -7149395.0,
        "Net Income From Continuing And Discontinued Operation": -7149395.0,
        "Total Expenses": 7394931.0,
        "Total Operating Income As Reported": -7394931.0,
        "Diluted Average Shares": 29424444.0,
        "Basic Average Shares": 29424444.0,
        "Diluted EPS": -0.24,
        "Basic EPS": -0.24,
        "Diluted NI Availto Com Stockholders": -7149395.0,
        "Net Income Common Stockholders": -7149395.0,
        "Net Income": -7149395.0,
        "Minority Interests": 0.0,
        "Net Income Including Noncontrolling Interests": -7149395.0,
        "Net Income Continuous Operations": -7149395.0,
        "Tax Provision": 11144.0,
        "Pretax Income": -7138251.0,
        "Net Non Operating Interest Income Expense": 256680.0,
        "Interest Expense Non Operating": NaN,
        "Interest Income Non Operating": 256680.0,
        "Operating Income": -7394931.0,
        "Operating Expense": 7394931.0,
        "Research And Development": 4445528.0,
        "Selling General And Administration": 2949403.0,
        "General And Administrative Expense": 2949403.0,
        "Other Gand A": 2949403.0,
        "Total Revenue": 0.0,
        "Operating Revenue": 0.0
    }
}