{
    "2023-03-31": {
        "Tax Effect Of Unusual Items": 0.0,
        "Tax Rate For Calcs": 0.0,
        "Normalized EBITDA": -4323000.0,
        "Total Unusual Items": NaN,
        "Total Unusual Items Excluding Goodwill": NaN,
        "Net Income From Continuing Operation Net Minority Interest": -4270000.0,
        "Reconciled Depreciation": 148000.0,
        "EBITDA": -4323000.0,
        "EBIT": -4471000.0,
        "Net Interest Income": 201000.0,
        "Interest Income": 201000.0,
        "Normalized Income": -4270000.0,
        "Net Income From Continuing And Discontinued Operation": -4270000.0,
        "Total Expenses": 6835000.0,
        "Total Operating Income As Reported": -4471000.0,
        "Diluted Average Shares": 12182478.0,
        "Basic Average Shares": 12182478.0,
        "Diluted EPS": -0.35,
        "Basic EPS": -0.35,
        "Diluted NI Availto Com Stockholders": -4270000.0,
        "Net Income Common Stockholders": -4270000.0,
        "Otherunder Preferred Stock Dividend": NaN,
        "Net Income": -4270000.0,
        "Net Income Including Noncontrolling Interests": -4270000.0,
        "Net Income Continuous Operations": -4270000.0,
        "Pretax Income": -4270000.0,
        "Other Income Expense": NaN,
        "Special Income Charges": NaN,
        "Other Special Charges": NaN,
        "Net Non Operating Interest Income Expense": 201000.0,
        "Total Other Finance Cost": NaN,
        "Interest Income Non Operating": 201000.0,
        "Operating Income": -4471000.0,
        "Operating Expense": 6835000.0,
        "Research And Development": 3913000.0,
        "Selling General And Administration": 2922000.0,
        "General And Administrative Expense": 2922000.0,
        "Other Gand A": 2922000.0,
        "Total Revenue": 2364000.0,
        "Operating Revenue": 2364000.0
    },
    "2022-12-31": {
        "Tax Effect Of Unusual Items": NaN,
        "Tax Rate For Calcs": NaN,
        "Normalized EBITDA": NaN,
        "Total Unusual Items": NaN,
        "Total Unusual Items Excluding Goodwill": NaN,
        "Net Income From Continuing Operation Net Minority Interest": NaN,
        "Reconciled Depreciation": NaN,
        "EBITDA": NaN,
        "EBIT": NaN,
        "Net Interest Income": NaN,
        "Interest Income": NaN,
        "Normalized Income": NaN,
        "Net Income From Continuing And Discontinued Operation": NaN,
        "Total Expenses": NaN,
        "Total Operating Income As Reported": NaN,
        "Diluted Average Shares": NaN,
        "Basic Average Shares": NaN,
        "Diluted EPS": NaN,
        "Basic EPS": NaN,
        "Diluted NI Availto Com Stockholders": NaN,
        "Net Income Common Stockholders": NaN,
        "Otherunder Preferred Stock Dividend": 0.0,
        "Net Income": NaN,
        "Net Income Including Noncontrolling Interests": NaN,
        "Net Income Continuous Operations": NaN,
        "Pretax Income": NaN,
        "Other Income Expense": NaN,
        "Special Income Charges": NaN,
        "Other Special Charges": NaN,
        "Net Non Operating Interest Income Expense": NaN,
        "Total Other Finance Cost": -1000.0,
        "Interest Income Non Operating": NaN,
        "Operating Income": NaN,
        "Operating Expense": NaN,
        "Research And Development": NaN,
        "Selling General And Administration": NaN,
        "General And Administrative Expense": NaN,
        "Other Gand A": NaN,
        "Total Revenue": NaN,
        "Operating Revenue": NaN
    },
    "2022-09-30": {
        "Tax Effect Of Unusual Items": NaN,
        "Tax Rate For Calcs": NaN,
        "Normalized EBITDA": NaN,
        "Total Unusual Items": NaN,
        "Total Unusual Items Excluding Goodwill": NaN,
        "Net Income From Continuing Operation Net Minority Interest": NaN,
        "Reconciled Depreciation": NaN,
        "EBITDA": NaN,
        "EBIT": NaN,
        "Net Interest Income": NaN,
        "Interest Income": NaN,
        "Normalized Income": NaN,
        "Net Income From Continuing And Discontinued Operation": NaN,
        "Total Expenses": NaN,
        "Total Operating Income As Reported": NaN,
        "Diluted Average Shares": 12127501.0,
        "Basic Average Shares": 12127501.0,
        "Diluted EPS": -0.75,
        "Basic EPS": -0.75,
        "Diluted NI Availto Com Stockholders": NaN,
        "Net Income Common Stockholders": NaN,
        "Otherunder Preferred Stock Dividend": 622000.0,
        "Net Income": NaN,
        "Net Income Including Noncontrolling Interests": NaN,
        "Net Income Continuous Operations": NaN,
        "Pretax Income": NaN,
        "Other Income Expense": NaN,
        "Special Income Charges": NaN,
        "Other Special Charges": NaN,
        "Net Non Operating Interest Income Expense": NaN,
        "Total Other Finance Cost": -1000.0,
        "Interest Income Non Operating": NaN,
        "Operating Income": NaN,
        "Operating Expense": NaN,
        "Research And Development": NaN,
        "Selling General And Administration": NaN,
        "General And Administrative Expense": NaN,
        "Other Gand A": NaN,
        "Total Revenue": NaN,
        "Operating Revenue": NaN
    },
    "2022-06-30": {
        "Tax Effect Of Unusual Items": 0.0,
        "Tax Rate For Calcs": 0.0,
        "Normalized EBITDA": -8805000.0,
        "Net Income From Continuing Operation Net Minority Interest": -8924000.0,
        "Reconciled Depreciation": 121000.0,
        "EBITDA": -8805000.0,
        "EBIT": -8926000.0,
        "Net Interest Income": 2000.0,
        "Interest Income": NaN,
        "Normalized Income": -8924000.0,
        "Net Income From Continuing And Discontinued Operation": -8924000.0,
        "Total Expenses": 8926000.0,
        "Total Operating Income As Reported": -8926000.0,
        "Diluted Average Shares": 12127385.0,
        "Basic Average Shares": 12127385.0,
        "Diluted EPS": -0.74,
        "Basic EPS": -0.74,
        "Diluted NI Availto Com Stockholders": -8924000.0,
        "Net Income Common Stockholders": -8924000.0,
        "Otherunder Preferred Stock Dividend": NaN,
        "Net Income": -8924000.0,
        "Net Income Including Noncontrolling Interests": -8924000.0,
        "Net Income Continuous Operations": -8924000.0,
        "Pretax Income": -8924000.0,
        "Net Non Operating Interest Income Expense": 2000.0,
        "Total Other Finance Cost": -2000.0,
        "Interest Income Non Operating": NaN,
        "Operating Income": -8926000.0,
        "Operating Expense": 8926000.0,
        "Research And Development": 5717000.0,
        "Selling General And Administration": 3209000.0,
        "General And Administrative Expense": 3209000.0,
        "Other Gand A": 3209000.0,
        "Total Revenue": 0.0,
        "Operating Revenue": 0.0
    },
    "2022-03-31": {
        "Diluted EPS": -0.96,
        "Total Revenue": NaN,
        "Gross Profit": NaN,
        "Operating Income": -12,
        "EBIT": -12,
        "Net Income": -12
    },
    "2021-12-31": {
        "Diluted EPS": -0.66,
        "Total Revenue": NaN,
        "Gross Profit": NaN,
        "Operating Income": -8,
        "EBIT": -8,
        "Net Income": -8
    },
    "2021-09-30": {
        "Diluted EPS": -0.65,
        "Total Revenue": NaN,
        "Gross Profit": NaN,
        "Operating Income": -8,
        "EBIT": -7,
        "Net Income": -8
    },
    "2021-06-30": {
        "Diluted EPS": -0.46,
        "Total Revenue": NaN,
        "Gross Profit": NaN,
        "Operating Income": -6,
        "EBIT": -6,
        "Net Income": -5
    },
    "2021-03-31": {
        "Diluted EPS": -0.37,
        "Total Revenue": NaN,
        "Gross Profit": NaN,
        "Operating Income": -4,
        "EBIT": -4,
        "Net Income": -4
    },
    "2020-12-31": {
        "Diluted EPS": 7.15,
        "Total Revenue": NaN,
        "Gross Profit": NaN,
        "Operating Income": -4,
        "EBIT": -4,
        "Net Income": -4
    },
    "2020-09-30": {
        "Diluted EPS": -7.52,
        "Total Revenue": NaN,
        "Gross Profit": NaN,
        "Operating Income": -3,
        "EBIT": -3,
        "Net Income": -8
    },
    "2020-06-30": {
        "Diluted EPS": -2.45,
        "Total Revenue": NaN,
        "Gross Profit": NaN,
        "Operating Income": -3,
        "EBIT": -3,
        "Net Income": -3
    },
    "2020-03-31": {
        "Diluted EPS": -2.44,
        "Total Revenue": NaN,
        "Gross Profit": NaN,
        "Operating Income": -3,
        "EBIT": -2,
        "Net Income": -3
    },
    "2019-12-31": {
        "Diluted EPS": 0.0,
        "Total Revenue": NaN,
        "Gross Profit": NaN,
        "Operating Income": NaN,
        "EBIT": NaN,
        "Net Income": NaN
    },
    "2019-09-30": {
        "Diluted EPS": -2.5,
        "Total Revenue": NaN,
        "Gross Profit": NaN,
        "Operating Income": -3,
        "EBIT": -3,
        "Net Income": -3
    },
    "2018-12-31": {
        "Diluted EPS": 0.0,
        "Total Revenue": NaN,
        "Gross Profit": NaN,
        "Operating Income": NaN,
        "EBIT": NaN,
        "Net Income": NaN
    },
    "2023-06-30": {
        "Tax Effect Of Unusual Items": 0.0,
        "Tax Rate For Calcs": 0.0,
        "Normalized EBITDA": -5616000.0,
        "Total Unusual Items": NaN,
        "Total Unusual Items Excluding Goodwill": NaN,
        "Net Income From Continuing Operation Net Minority Interest": -5557000.0,
        "Reconciled Depreciation": 157000.0,
        "EBITDA": -5616000.0,
        "EBIT": -5773000.0,
        "Net Interest Income": 216000.0,
        "Interest Income": 216000.0,
        "Normalized Income": -5557000.0,
        "Net Income From Continuing And Discontinued Operation": -5557000.0,
        "Total Expenses": 10036000.0,
        "Total Operating Income As Reported": -5773000.0,
        "Diluted Average Shares": 12197801.0,
        "Basic Average Shares": 12197801.0,
        "Diluted EPS": -0.46,
        "Basic EPS": -0.46,
        "Diluted NI Availto Com Stockholders": -5557000.0,
        "Net Income Common Stockholders": -5557000.0,
        "Otherunder Preferred Stock Dividend": NaN,
        "Net Income": -5557000.0,
        "Net Income Including Noncontrolling Interests": -5557000.0,
        "Net Income Continuous Operations": -5557000.0,
        "Pretax Income": -5557000.0,
        "Other Income Expense": NaN,
        "Special Income Charges": NaN,
        "Other Special Charges": NaN,
        "Net Non Operating Interest Income Expense": 216000.0,
        "Total Other Finance Cost": NaN,
        "Interest Income Non Operating": 216000.0,
        "Operating Income": -5773000.0,
        "Operating Expense": 10036000.0,
        "Research And Development": 5716000.0,
        "Selling General And Administration": 4320000.0,
        "General And Administrative Expense": 4320000.0,
        "Other Gand A": 4320000.0,
        "Total Revenue": 4263000.0,
        "Operating Revenue": 4263000.0
    },
    "2023-09-30": {
        "Tax Effect Of Unusual Items": 0.0,
        "Tax Rate For Calcs": 0.0,
        "Normalized EBITDA": -4467000.0,
        "Total Unusual Items": NaN,
        "Total Unusual Items Excluding Goodwill": NaN,
        "Net Income From Continuing Operation Net Minority Interest": -4345000.0,
        "Reconciled Depreciation": 166000.0,
        "EBITDA": -4467000.0,
        "EBIT": -4633000.0,
        "Net Interest Income": 288000.0,
        "Interest Income": 288000.0,
        "Normalized Income": -4345000.0,
        "Net Income From Continuing And Discontinued Operation": -4345000.0,
        "Total Expenses": 8198000.0,
        "Total Operating Income As Reported": -4633000.0,
        "Diluted Average Shares": 12202335.0,
        "Basic Average Shares": 12202335.0,
        "Diluted EPS": -0.36,
        "Basic EPS": -0.36,
        "Diluted NI Availto Com Stockholders": -4345000.0,
        "Net Income Common Stockholders": -4345000.0,
        "Otherunder Preferred Stock Dividend": 0.0,
        "Net Income": -4345000.0,
        "Net Income Including Noncontrolling Interests": -4345000.0,
        "Net Income Continuous Operations": -4345000.0,
        "Pretax Income": -4345000.0,
        "Other Income Expense": NaN,
        "Special Income Charges": NaN,
        "Other Special Charges": NaN,
        "Net Non Operating Interest Income Expense": 288000.0,
        "Total Other Finance Cost": NaN,
        "Interest Income Non Operating": 288000.0,
        "Operating Income": -4633000.0,
        "Operating Expense": 8198000.0,
        "Research And Development": 3823000.0,
        "Selling General And Administration": 4375000.0,
        "General And Administrative Expense": 4375000.0,
        "Other Gand A": 4375000.0,
        "Total Revenue": 3565000.0,
        "Operating Revenue": 3565000.0
    },
    "2023-12-31": {
        "Tax Effect Of Unusual Items": 0.0,
        "Tax Rate For Calcs": 0.0,
        "Normalized EBITDA": -13594000.0,
        "Total Unusual Items": NaN,
        "Total Unusual Items Excluding Goodwill": NaN,
        "Net Income From Continuing Operation Net Minority Interest": -92634000.0,
        "Reconciled Depreciation": 257000.0,
        "EBITDA": -13594000.0,
        "EBIT": -13851000.0,
        "Net Interest Income": 2019000.0,
        "Interest Income": 2019000.0,
        "Normalized Income": -92634000.0,
        "Net Income From Continuing And Discontinued Operation": -92634000.0,
        "Total Expenses": 17677000.0,
        "Total Operating Income As Reported": -94653000.0,
        "Diluted Average Shares": NaN,
        "Basic Average Shares": NaN,
        "Diluted EPS": NaN,
        "Basic EPS": NaN,
        "Diluted NI Availto Com Stockholders": -92634000.0,
        "Net Income Common Stockholders": -92634000.0,
        "Otherunder Preferred Stock Dividend": 0.0,
        "Net Income": -92634000.0,
        "Net Income Including Noncontrolling Interests": -92634000.0,
        "Net Income Continuous Operations": -92634000.0,
        "Pretax Income": -92634000.0,
        "Other Income Expense": NaN,
        "Special Income Charges": NaN,
        "Other Special Charges": NaN,
        "Net Non Operating Interest Income Expense": 2019000.0,
        "Total Other Finance Cost": NaN,
        "Interest Income Non Operating": 2019000.0,
        "Operating Income": -13851000.0,
        "Operating Expense": 17677000.0,
        "Research And Development": 9637000.0,
        "Selling General And Administration": 8040000.0,
        "General And Administrative Expense": 8040000.0,
        "Other Gand A": 8040000.0,
        "Total Revenue": 3826000.0,
        "Operating Revenue": 3826000.0
    },
    "2024-03-31": {
        "Tax Effect Of Unusual Items": 0.0,
        "Tax Rate For Calcs": 0.0,
        "Normalized EBITDA": 91872000.0,
        "Total Unusual Items": -111954000.0,
        "Total Unusual Items Excluding Goodwill": -111954000.0,
        "Net Income From Continuing Operation Net Minority Interest": -129492000.0,
        "Reconciled Depreciation": 263000.0,
        "EBITDA": -20082000.0,
        "EBIT": -20345000.0,
        "Net Interest Income": 2807000.0,
        "Interest Income": 2807000.0,
        "Normalized Income": -17538000.0,
        "Net Income From Continuing And Discontinued Operation": -129492000.0,
        "Total Expenses": 21374000.0,
        "Total Operating Income As Reported": -132299000.0,
        "Diluted Average Shares": 10308877.0,
        "Basic Average Shares": 10308877.0,
        "Diluted EPS": -12.55,
        "Basic EPS": -12.55,
        "Diluted NI Availto Com Stockholders": -129492000.0,
        "Net Income Common Stockholders": -129492000.0,
        "Otherunder Preferred Stock Dividend": NaN,
        "Net Income": -129492000.0,
        "Net Income Including Noncontrolling Interests": -129492000.0,
        "Net Income Continuous Operations": -129492000.0,
        "Pretax Income": -129492000.0,
        "Other Income Expense": -111954000.0,
        "Special Income Charges": -111954000.0,
        "Other Special Charges": 111954000.0,
        "Net Non Operating Interest Income Expense": 2807000.0,
        "Total Other Finance Cost": NaN,
        "Interest Income Non Operating": 2807000.0,
        "Operating Income": -20345000.0,
        "Operating Expense": 21374000.0,
        "Research And Development": 15369000.0,
        "Selling General And Administration": 6005000.0,
        "General And Administrative Expense": 6005000.0,
        "Other Gand A": 6005000.0,
        "Total Revenue": 1029000.0,
        "Operating Revenue": 1029000.0
    }
}