{
    "2023-03-31": {
        "Tax Effect Of Unusual Items": 0.0,
        "Tax Rate For Calcs": 0.0,
        "Normalized EBITDA": -5684000.0,
        "Total Unusual Items": 253000.0,
        "Total Unusual Items Excluding Goodwill": 253000.0,
        "Net Income From Continuing Operation Net Minority Interest": -5591000.0,
        "Reconciled Depreciation": 192678.0,
        "EBITDA": -5431000.0,
        "EBIT": -5431000.0,
        "Net Interest Income": -160000.0,
        "Interest Expense": 160000.0,
        "Interest Income": 149986.0,
        "Normalized Income": -5844000.0,
        "Net Income From Continuing And Discontinued Operation": -5591000.0,
        "Total Expenses": 5684000.0,
        "Total Operating Income As Reported": -5684000.0,
        "Diluted Average Shares": 8281483.0,
        "Basic Average Shares": 8281483.0,
        "Diluted EPS": -0.68,
        "Basic EPS": -0.68,
        "Diluted NI Availto Com Stockholders": -5591000.0,
        "Net Income Common Stockholders": -5591000.0,
        "Net Income": -5591000.0,
        "Net Income Including Noncontrolling Interests": -5591000.0,
        "Net Income Continuous Operations": -5591000.0,
        "Pretax Income": -5591000.0,
        "Other Income Expense": 253000.0,
        "Other Non Operating Income Expenses": NaN,
        "Special Income Charges": NaN,
        "Other Special Charges": NaN,
        "Gain On Sale Of Security": 253000.0,
        "Net Non Operating Interest Income Expense": -160000.0,
        "Interest Expense Non Operating": 160000.0,
        "Interest Income Non Operating": 149986.0,
        "Operating Income": -5684000.0,
        "Operating Expense": 5684000.0,
        "Research And Development": 2620000.0,
        "Selling General And Administration": 3064000.0,
        "General And Administrative Expense": 3064000.0,
        "Other Gand A": 3064000.0,
        "Total Revenue": 0.0,
        "Operating Revenue": 0.0
    },
    "2022-12-31": {
        "Tax Effect Of Unusual Items": 0.0,
        "Tax Rate For Calcs": 0.0,
        "Normalized EBITDA": -1050159.0,
        "Total Unusual Items": -13381153.0,
        "Total Unusual Items Excluding Goodwill": -13381153.0,
        "Net Income From Continuing Operation Net Minority Interest": -13232675.0,
        "Reconciled Depreciation": 218077.0,
        "EBITDA": -14431312.0,
        "EBIT": -14649389.0,
        "Net Interest Income": 112203.0,
        "Interest Expense": 150312.0,
        "Interest Income": 262515.0,
        "Normalized Income": 148478.0,
        "Net Income From Continuing And Discontinued Operation": -13232675.0,
        "Total Expenses": 7051751.0,
        "Total Operating Income As Reported": -6926751.0,
        "Diluted Average Shares": 8706105.0,
        "Basic Average Shares": 8706105.0,
        "Diluted EPS": -1.61,
        "Basic EPS": -1.61,
        "Diluted NI Availto Com Stockholders": -13232675.0,
        "Net Income Common Stockholders": -13232675.0,
        "Net Income": -13232675.0,
        "Net Income Including Noncontrolling Interests": -13232675.0,
        "Net Income Continuous Operations": -13232675.0,
        "Pretax Income": -14799701.0,
        "Other Income Expense": -7985153.0,
        "Other Non Operating Income Expenses": 5396000.0,
        "Special Income Charges": -13366234.0,
        "Other Special Charges": NaN,
        "Gain On Sale Of Security": -14919.0,
        "Net Non Operating Interest Income Expense": 112203.0,
        "Interest Expense Non Operating": 150312.0,
        "Interest Income Non Operating": 262515.0,
        "Operating Income": -6926751.0,
        "Operating Expense": 7051751.0,
        "Research And Development": 3003271.0,
        "Selling General And Administration": 4048480.0,
        "General And Administrative Expense": 4048480.0,
        "Other Gand A": 4048480.0,
        "Total Revenue": 125000.0,
        "Operating Revenue": 125000.0
    },
    "2022-09-30": {
        "Tax Effect Of Unusual Items": 0.0,
        "Tax Rate For Calcs": 0.0,
        "Normalized EBITDA": -5839298.0,
        "Total Unusual Items": -10369.0,
        "Total Unusual Items Excluding Goodwill": -10369.0,
        "Net Income From Continuing Operation Net Minority Interest": -6148290.0,
        "Reconciled Depreciation": 171598.0,
        "EBITDA": -5849667.0,
        "EBIT": -6021265.0,
        "Net Interest Income": 36645.0,
        "Interest Expense": 127025.0,
        "Interest Income": 163670.0,
        "Normalized Income": -6137921.0,
        "Net Income From Continuing And Discontinued Operation": -6148290.0,
        "Total Expenses": 6299566.0,
        "Total Operating Income As Reported": -6174566.0,
        "Diluted Average Shares": 7098741.0,
        "Basic Average Shares": 7098741.0,
        "Diluted EPS": -0.87,
        "Basic EPS": -0.87,
        "Diluted NI Availto Com Stockholders": -6148290.0,
        "Net Income Common Stockholders": -6148290.0,
        "Net Income": -6148290.0,
        "Net Income Including Noncontrolling Interests": -6148290.0,
        "Net Income Continuous Operations": -6148290.0,
        "Pretax Income": -6148290.0,
        "Other Income Expense": -10369.0,
        "Other Non Operating Income Expenses": NaN,
        "Special Income Charges": 0.0,
        "Other Special Charges": NaN,
        "Gain On Sale Of Security": -10369.0,
        "Net Non Operating Interest Income Expense": 36645.0,
        "Interest Expense Non Operating": 127025.0,
        "Interest Income Non Operating": 163670.0,
        "Operating Income": -6174566.0,
        "Operating Expense": 6299566.0,
        "Research And Development": 2408680.0,
        "Selling General And Administration": 3890886.0,
        "General And Administrative Expense": 3890886.0,
        "Other Gand A": 3890886.0,
        "Total Revenue": 125000.0,
        "Operating Revenue": 125000.0
    },
    "2022-06-30": {
        "Tax Effect Of Unusual Items": 0.0,
        "Tax Rate For Calcs": 0.0,
        "Normalized EBITDA": -5748352.0,
        "Total Unusual Items": -21596.0,
        "Total Unusual Items Excluding Goodwill": -21596.0,
        "Net Income From Continuing Operation Net Minority Interest": -6042937.0,
        "Reconciled Depreciation": 167965.0,
        "EBITDA": -5769948.0,
        "EBIT": -5937913.0,
        "Net Interest Income": -43073.0,
        "Interest Expense": 105024.0,
        "Interest Income": 61951.0,
        "Normalized Income": -6021341.0,
        "Net Income From Continuing And Discontinued Operation": -6042937.0,
        "Total Expenses": 6103271.0,
        "Total Operating Income As Reported": -5978271.0,
        "Diluted Average Shares": 6981970.0,
        "Basic Average Shares": 6981970.0,
        "Diluted EPS": -0.87,
        "Basic EPS": -0.87,
        "Diluted NI Availto Com Stockholders": -6042937.0,
        "Net Income Common Stockholders": -6042937.0,
        "Net Income": -6042937.0,
        "Net Income Including Noncontrolling Interests": -6042937.0,
        "Net Income Continuous Operations": -6042937.0,
        "Pretax Income": -6042937.0,
        "Other Income Expense": -21593.0,
        "Other Non Operating Income Expenses": 3.0,
        "Special Income Charges": 0.0,
        "Other Special Charges": NaN,
        "Gain On Sale Of Security": -21596.0,
        "Net Non Operating Interest Income Expense": -43073.0,
        "Interest Expense Non Operating": 105024.0,
        "Interest Income Non Operating": 61951.0,
        "Operating Income": -5978271.0,
        "Operating Expense": 6103271.0,
        "Research And Development": 3226295.0,
        "Selling General And Administration": 2876976.0,
        "General And Administrative Expense": 2876976.0,
        "Other Gand A": 2876976.0,
        "Total Revenue": 125000.0,
        "Operating Revenue": 125000.0
    },
    "2022-03-31": {
        "Diluted EPS": -1.82,
        "Total Revenue": 0,
        "Gross Profit": 0,
        "Operating Income": -6,
        "EBIT": -6,
        "Net Income": -10
    },
    "2021-12-31": {
        "Diluted EPS": 1.37,
        "Total Revenue": 0,
        "Gross Profit": 0,
        "Operating Income": -5,
        "EBIT": -5,
        "Net Income": -4
    },
    "2021-09-30": {
        "Diluted EPS": -0.94,
        "Total Revenue": 0,
        "Gross Profit": 0,
        "Operating Income": -5,
        "EBIT": -5,
        "Net Income": -5
    },
    "2021-06-30": {
        "Diluted EPS": -0.95,
        "Total Revenue": 0,
        "Gross Profit": 0,
        "Operating Income": -5,
        "EBIT": -5,
        "Net Income": -5
    },
    "2021-03-31": {
        "Diluted EPS": -3.31,
        "Total Revenue": 0,
        "Gross Profit": 0,
        "Operating Income": -5,
        "EBIT": -5,
        "Net Income": -6
    },
    "2020-12-31": {
        "Diluted EPS": -0.79,
        "Total Revenue": 0,
        "Gross Profit": 0,
        "Operating Income": -5,
        "EBIT": -5,
        "Net Income": -3
    },
    "2020-09-30": {
        "Diluted EPS": -3.6,
        "Total Revenue": 0,
        "Gross Profit": 0,
        "Operating Income": -4,
        "EBIT": -4,
        "Net Income": -8
    },
    "2020-06-30": {
        "Diluted EPS": -2.7,
        "Total Revenue": 0,
        "Gross Profit": 0,
        "Operating Income": -5,
        "EBIT": -4,
        "Net Income": -5
    },
    "2020-03-31": {
        "Diluted EPS": -3.0,
        "Total Revenue": 0,
        "Gross Profit": 0,
        "Operating Income": -5,
        "EBIT": -4,
        "Net Income": -5
    },
    "2019-12-31": {
        "Diluted EPS": -1.65,
        "Total Revenue": 0,
        "Gross Profit": 0,
        "Operating Income": -5,
        "EBIT": -4,
        "Net Income": -3
    },
    "2019-09-30": {
        "Diluted EPS": -3.75,
        "Total Revenue": 0,
        "Gross Profit": 0,
        "Operating Income": -5,
        "EBIT": -5,
        "Net Income": -5
    },
    "2019-06-30": {
        "Diluted EPS": -4.35,
        "Total Revenue": 0,
        "Gross Profit": 0,
        "Operating Income": -6,
        "EBIT": -5,
        "Net Income": -6
    },
    "2019-03-31": {
        "Diluted EPS": -1.8,
        "Total Revenue": 0,
        "Gross Profit": 0,
        "Operating Income": -5,
        "EBIT": -5,
        "Net Income": -2
    },
    "2018-12-31": {
        "Diluted EPS": 4.35,
        "Total Revenue": 0,
        "Gross Profit": 0,
        "Operating Income": -5,
        "EBIT": -5,
        "Net Income": 5
    },
    "2018-09-30": {
        "Diluted EPS": -3.9,
        "Total Revenue": 0,
        "Gross Profit": 0,
        "Operating Income": -4,
        "EBIT": -4,
        "Net Income": -5
    },
    "2018-06-30": {
        "Diluted EPS": -6.9,
        "Total Revenue": 0,
        "Gross Profit": 0,
        "Operating Income": -8,
        "EBIT": -8,
        "Net Income": -8
    },
    "2018-03-31": {
        "Diluted EPS": -3.75,
        "Total Revenue": 0,
        "Gross Profit": 0,
        "Operating Income": -4,
        "EBIT": -4,
        "Net Income": -4
    },
    "2017-12-31": {
        "Diluted EPS": 27.89,
        "Total Revenue": 0,
        "Gross Profit": 0,
        "Operating Income": -5,
        "EBIT": -5,
        "Net Income": -5
    },
    "2017-09-30": {
        "Diluted EPS": -10.5,
        "Total Revenue": 0,
        "Gross Profit": 0,
        "Operating Income": -4,
        "EBIT": -4,
        "Net Income": -6
    },
    "2017-06-30": {
        "Diluted EPS": -11.84,
        "Total Revenue": 0,
        "Gross Profit": 0,
        "Operating Income": -5,
        "EBIT": -4,
        "Net Income": -5
    },
    "2017-03-31": {
        "Diluted EPS": -46.33,
        "Total Revenue": 0,
        "Gross Profit": 0,
        "Operating Income": -5,
        "EBIT": -5,
        "Net Income": -5
    },
    "2016-12-31": {
        "Diluted EPS": -40.16,
        "Total Revenue": 0,
        "Gross Profit": 0,
        "Operating Income": -5,
        "EBIT": -4,
        "Net Income": -5
    },
    "2016-09-30": {
        "Diluted EPS": -48.28,
        "Total Revenue": 0,
        "Gross Profit": 0,
        "Operating Income": -6,
        "EBIT": -5,
        "Net Income": -6
    },
    "2016-06-30": {
        "Diluted EPS": -39.43,
        "Total Revenue": 0,
        "Gross Profit": 0,
        "Operating Income": -5,
        "EBIT": -5,
        "Net Income": -5
    },
    "2016-03-31": {
        "Diluted EPS": -50.4,
        "Total Revenue": 0,
        "Gross Profit": 0,
        "Operating Income": -5,
        "EBIT": -5,
        "Net Income": -6
    },
    "2015-12-31": {
        "Diluted EPS": -46.2,
        "Total Revenue": 0,
        "Gross Profit": 0,
        "Operating Income": -5,
        "EBIT": -5,
        "Net Income": -6
    },
    "2015-09-30": {
        "Diluted EPS": -39.9,
        "Total Revenue": 0,
        "Gross Profit": 0,
        "Operating Income": -4,
        "EBIT": -4,
        "Net Income": -4
    },
    "2015-06-30": {
        "Diluted EPS": -56.69,
        "Total Revenue": 0,
        "Gross Profit": 0,
        "Operating Income": -5,
        "EBIT": -5,
        "Net Income": -6
    },
    "2015-03-31": {
        "Diluted EPS": -73.49,
        "Total Revenue": 0,
        "Gross Profit": 0,
        "Operating Income": -6,
        "EBIT": -6,
        "Net Income": -7
    },
    "2014-12-31": {
        "Diluted EPS": -56.69,
        "Total Revenue": 0,
        "Gross Profit": 0,
        "Operating Income": -6,
        "EBIT": -6,
        "Net Income": -6
    },
    "2014-09-30": {
        "Diluted EPS": -83.99,
        "Total Revenue": 0,
        "Gross Profit": 0,
        "Operating Income": -7,
        "EBIT": -6,
        "Net Income": -7
    },
    "2014-06-30": {
        "Diluted EPS": -79.79,
        "Total Revenue": 0,
        "Gross Profit": 0,
        "Operating Income": -6,
        "EBIT": -6,
        "Net Income": -7
    },
    "2014-03-31": {
        "Diluted EPS": -69.29,
        "Total Revenue": 0,
        "Gross Profit": 0,
        "Operating Income": -5,
        "EBIT": -5,
        "Net Income": -5
    },
    "2013-12-31": {
        "Diluted EPS": -27.3,
        "Total Revenue": 0,
        "Gross Profit": 0,
        "Operating Income": -3,
        "EBIT": -3,
        "Net Income": -4
    },
    "2013-09-30": {
        "Diluted EPS": -62.99,
        "Total Revenue": 0,
        "Gross Profit": 0,
        "Operating Income": -4,
        "EBIT": -3,
        "Net Income": -4
    },
    "2013-06-30": {
        "Diluted EPS": 6.3,
        "Total Revenue": 0,
        "Gross Profit": 0,
        "Operating Income": -4,
        "EBIT": -4,
        "Net Income": 0
    },
    "2013-03-31": {
        "Diluted EPS": -115.49,
        "Total Revenue": 0,
        "Gross Profit": 0,
        "Operating Income": -5,
        "EBIT": -5,
        "Net Income": -5
    },
    "2012-12-31": {
        "Diluted EPS": -204.7,
        "Total Revenue": NaN,
        "Gross Profit": NaN,
        "Operating Income": -5,
        "EBIT": -5,
        "Net Income": -8
    },
    "2012-09-30": {
        "Diluted EPS": -167.98,
        "Total Revenue": NaN,
        "Gross Profit": NaN,
        "Operating Income": -5,
        "EBIT": -5,
        "Net Income": -6
    },
    "2012-06-30": {
        "Diluted EPS": -170.1,
        "Total Revenue": NaN,
        "Gross Profit": NaN,
        "Operating Income": -6,
        "EBIT": -6,
        "Net Income": -6
    },
    "2012-03-31": {
        "Diluted EPS": -179.55,
        "Total Revenue": NaN,
        "Gross Profit": NaN,
        "Operating Income": -6,
        "EBIT": -6,
        "Net Income": -6
    },
    "2011-12-31": {
        "Diluted EPS": -152.15,
        "Total Revenue": NaN,
        "Gross Profit": NaN,
        "Operating Income": -6,
        "EBIT": -6,
        "Net Income": -6
    },
    "2011-09-30": {
        "Diluted EPS": -236.25,
        "Total Revenue": NaN,
        "Gross Profit": NaN,
        "Operating Income": -7,
        "EBIT": -7,
        "Net Income": -6
    },
    "2011-06-30": {
        "Diluted EPS": -396.9,
        "Total Revenue": NaN,
        "Gross Profit": NaN,
        "Operating Income": -6,
        "EBIT": -6,
        "Net Income": -7
    },
    "2011-03-31": {
        "Diluted EPS": -264.6,
        "Total Revenue": 2,
        "Gross Profit": 2,
        "Operating Income": -4,
        "EBIT": -4,
        "Net Income": -4
    },
    "2010-12-31": {
        "Diluted EPS": -396.9,
        "Total Revenue": NaN,
        "Gross Profit": NaN,
        "Operating Income": -5,
        "EBIT": -5,
        "Net Income": -5
    },
    "2010-09-30": {
        "Diluted EPS": -359.1,
        "Total Revenue": NaN,
        "Gross Profit": NaN,
        "Operating Income": -5,
        "EBIT": -5,
        "Net Income": -5
    },
    "2010-06-30": {
        "Diluted EPS": -207.9,
        "Total Revenue": NaN,
        "Gross Profit": NaN,
        "Operating Income": -4,
        "EBIT": -4,
        "Net Income": -3
    },
    "2010-03-31": {
        "Diluted EPS": -472.5,
        "Total Revenue": NaN,
        "Gross Profit": NaN,
        "Operating Income": -5,
        "EBIT": -5,
        "Net Income": -6
    },
    "2009-12-31": {
        "Diluted EPS": -151.2,
        "Total Revenue": NaN,
        "Gross Profit": NaN,
        "Operating Income": -4,
        "EBIT": -4,
        "Net Income": -2
    },
    "2009-09-30": {
        "Diluted EPS": -444.15,
        "Total Revenue": NaN,
        "Gross Profit": NaN,
        "Operating Income": -5,
        "EBIT": -5,
        "Net Income": -5
    },
    "2009-06-30": {
        "Diluted EPS": -425.25,
        "Total Revenue": NaN,
        "Gross Profit": NaN,
        "Operating Income": -5,
        "EBIT": -5,
        "Net Income": -5
    },
    "2009-03-31": {
        "Diluted EPS": -330.75,
        "Total Revenue": NaN,
        "Gross Profit": NaN,
        "Operating Income": -4,
        "EBIT": -4,
        "Net Income": -4
    },
    "2023-06-30": {
        "Tax Effect Of Unusual Items": 0.0,
        "Tax Rate For Calcs": 0.0,
        "Normalized EBITDA": -4970961.0,
        "Total Unusual Items": -362330.0,
        "Total Unusual Items Excluding Goodwill": -362330.0,
        "Net Income From Continuing Operation Net Minority Interest": -5558865.0,
        "Reconciled Depreciation": 188479.0,
        "EBITDA": -5333291.0,
        "EBIT": -5521770.0,
        "Net Interest Income": 277750.0,
        "Interest Expense": 37095.0,
        "Interest Income": 314845.0,
        "Normalized Income": -5196535.0,
        "Net Income From Continuing And Discontinued Operation": -5558865.0,
        "Total Expenses": 5474285.0,
        "Total Operating Income As Reported": -5474285.0,
        "Diluted Average Shares": 9136573.0,
        "Basic Average Shares": 9136573.0,
        "Diluted EPS": -0.61,
        "Basic EPS": -0.61,
        "Diluted NI Availto Com Stockholders": -5558865.0,
        "Net Income Common Stockholders": -5558865.0,
        "Net Income": -5558865.0,
        "Net Income Including Noncontrolling Interests": -5558865.0,
        "Net Income Continuous Operations": -5558865.0,
        "Pretax Income": -5558865.0,
        "Other Income Expense": -362330.0,
        "Other Non Operating Income Expenses": NaN,
        "Special Income Charges": -329158.0,
        "Other Special Charges": 329158.0,
        "Gain On Sale Of Security": -33172.0,
        "Net Non Operating Interest Income Expense": 277750.0,
        "Interest Expense Non Operating": 37095.0,
        "Interest Income Non Operating": 314845.0,
        "Operating Income": -5474285.0,
        "Operating Expense": 5474285.0,
        "Research And Development": 3134399.0,
        "Selling General And Administration": 2339886.0,
        "General And Administrative Expense": 2339886.0,
        "Other Gand A": 2339886.0,
        "Total Revenue": 0.0,
        "Operating Revenue": 0.0
    }
}