{
    "2024-03-31": {
        "Tax Effect Of Unusual Items": 8153944.020356,
        "Tax Rate For Calcs": 0.239822,
        "Normalized EBITDA": 2040000000.0,
        "Total Unusual Items": 34000000.0,
        "Total Unusual Items Excluding Goodwill": 34000000.0,
        "Net Income From Continuing Operation Net Minority Interest": 1195000000.0,
        "Reconciled Depreciation": 490000000.0,
        "Reconciled Cost Of Revenue": 9860000000.0,
        "EBITDA": 2074000000.0,
        "EBIT": 1584000000.0,
        "Net Interest Income": -12000000.0,
        "Interest Expense": 12000000.0,
        "Normalized Income": 1169153944.020356,
        "Net Income From Continuing And Discontinued Operation": 1195000000.0,
        "Total Expenses": 10108000000.0,
        "Diluted Average Shares": 536900000.0,
        "Basic Average Shares": 535800000.0,
        "Diluted EPS": 2.23,
        "Basic EPS": 2.23,
        "Diluted NI Availto Com Stockholders": 1195000000.0,
        "Net Income Common Stockholders": 1195000000.0,
        "Net Income": 1195000000.0,
        "Net Income Including Noncontrolling Interests": 1195000000.0,
        "Net Income Continuous Operations": 1195000000.0,
        "Tax Provision": 377000000.0,
        "Pretax Income": 1572000000.0,
        "Other Income Expense": 34000000.0,
        "Special Income Charges": 2000000.0,
        "Gain On Sale Of Ppe": 2000000.0,
        "Gain On Sale Of Security": 32000000.0,
        "Net Non Operating Interest Income Expense": -12000000.0,
        "Interest Expense Non Operating": 12000000.0,
        "Operating Income": 1550000000.0,
        "Operating Expense": 248000000.0,
        "Other Operating Expenses": 1000000.0,
        "Selling General And Administration": 247000000.0,
        "General And Administrative Expense": 247000000.0,
        "Other Gand A": 246000000.0,
        "Salaries And Wages": 1000000.0,
        "Gross Profit": 1798000000.0,
        "Cost Of Revenue": 9860000000.0,
        "Total Revenue": 11658000000.0,
        "Excise Taxes": 591000000.0,
        "Operating Revenue": 12249000000.0
    },
    "2023-12-31": {
        "Tax Effect Of Unusual Items": 21767241.37931,
        "Tax Rate For Calcs": 0.215517,
        "Normalized EBITDA": 2146000000.0,
        "Total Unusual Items": 101000000.0,
        "Total Unusual Items Excluding Goodwill": 101000000.0,
        "Net Income From Continuing Operation Net Minority Interest": 1365000000.0,
        "Reconciled Depreciation": 489000000.0,
        "Reconciled Cost Of Revenue": 10478000000.0,
        "EBITDA": 2247000000.0,
        "EBIT": 1758000000.0,
        "Net Interest Income": -18000000.0,
        "Interest Expense": 18000000.0,
        "Normalized Income": 1285767241.37931,
        "Net Income From Continuing And Discontinued Operation": 1365000000.0,
        "Total Expenses": 10730000000.0,
        "Diluted Average Shares": 553700000.0,
        "Basic Average Shares": 552631579.0,
        "Diluted EPS": 2.47,
        "Basic EPS": 2.47,
        "Diluted NI Availto Com Stockholders": 1365000000.0,
        "Net Income Common Stockholders": 1365000000.0,
        "Net Income": 1365000000.0,
        "Net Income Including Noncontrolling Interests": 1365000000.0,
        "Net Income Continuous Operations": 1365000000.0,
        "Tax Provision": 375000000.0,
        "Pretax Income": 1740000000.0,
        "Other Income Expense": 101000000.0,
        "Special Income Charges": NaN,
        "Gain On Sale Of Ppe": NaN,
        "Gain On Sale Of Security": 101000000.0,
        "Net Non Operating Interest Income Expense": -18000000.0,
        "Interest Expense Non Operating": 18000000.0,
        "Operating Income": 1657000000.0,
        "Operating Expense": 252000000.0,
        "Other Operating Expenses": 2000000.0,
        "Selling General And Administration": 250000000.0,
        "General And Administrative Expense": 250000000.0,
        "Other Gand A": 228000000.0,
        "Salaries And Wages": 22000000.0,
        "Gross Profit": 1909000000.0,
        "Cost Of Revenue": 10478000000.0,
        "Total Revenue": 12387000000.0,
        "Excise Taxes": 621000000.0,
        "Operating Revenue": 13008000000.0
    },
    "2023-09-30": {
        "Tax Effect Of Unusual Items": 11168095.238095,
        "Tax Rate For Calcs": 0.237619,
        "Normalized EBITDA": 2547000000.0,
        "Total Unusual Items": 47000000.0,
        "Total Unusual Items Excluding Goodwill": 47000000.0,
        "Net Income From Continuing Operation Net Minority Interest": 1601000000.0,
        "Reconciled Depreciation": 475000000.0,
        "Reconciled Cost Of Revenue": 10889000000.0,
        "EBITDA": 2594000000.0,
        "EBIT": 2119000000.0,
        "Net Interest Income": -19000000.0,
        "Interest Expense": 19000000.0,
        "Normalized Income": 1565168095.238095,
        "Net Income From Continuing And Discontinued Operation": 1601000000.0,
        "Total Expenses": 11147000000.0,
        "Diluted Average Shares": 579300000.0,
        "Basic Average Shares": 578000000.0,
        "Diluted EPS": 2.76,
        "Basic EPS": 2.77,
        "Diluted NI Availto Com Stockholders": 1601000000.0,
        "Net Income Common Stockholders": 1601000000.0,
        "Net Income": 1601000000.0,
        "Net Income Including Noncontrolling Interests": 1601000000.0,
        "Net Income Continuous Operations": 1601000000.0,
        "Tax Provision": 499000000.0,
        "Pretax Income": 2100000000.0,
        "Other Income Expense": 47000000.0,
        "Special Income Charges": NaN,
        "Gain On Sale Of Ppe": NaN,
        "Gain On Sale Of Security": 47000000.0,
        "Net Non Operating Interest Income Expense": -19000000.0,
        "Interest Expense Non Operating": 19000000.0,
        "Operating Income": 2072000000.0,
        "Operating Expense": 258000000.0,
        "Other Operating Expenses": 1000000.0,
        "Selling General And Administration": 257000000.0,
        "General And Administrative Expense": 257000000.0,
        "Other Gand A": 237000000.0,
        "Salaries And Wages": 20000000.0,
        "Gross Profit": 2330000000.0,
        "Cost Of Revenue": 10889000000.0,
        "Total Revenue": 13219000000.0,
        "Excise Taxes": 654000000.0,
        "Operating Revenue": 13873000000.0
    },
    "2023-06-30": {
        "Tax Effect Of Unusual Items": 13003393.665158,
        "Tax Rate For Calcs": 0.236425,
        "Normalized EBITDA": 1298000000.0,
        "Total Unusual Items": 55000000.0,
        "Total Unusual Items Excluding Goodwill": 55000000.0,
        "Net Income From Continuing Operation Net Minority Interest": 675000000.0,
        "Reconciled Depreciation": 453000000.0,
        "Reconciled Cost Of Revenue": 10094000000.0,
        "EBITDA": 1353000000.0,
        "EBIT": 900000000.0,
        "Net Interest Income": -16000000.0,
        "Interest Expense": 16000000.0,
        "Normalized Income": 633003393.665158,
        "Net Income From Continuing And Discontinued Operation": 675000000.0,
        "Total Expenses": 10321000000.0,
        "Diluted Average Shares": 585300000.0,
        "Basic Average Shares": 584200000.0,
        "Diluted EPS": 1.15,
        "Basic EPS": 1.16,
        "Diluted NI Availto Com Stockholders": 675000000.0,
        "Net Income Common Stockholders": 675000000.0,
        "Net Income": 675000000.0,
        "Net Income Including Noncontrolling Interests": 675000000.0,
        "Net Income Continuous Operations": 675000000.0,
        "Tax Provision": 209000000.0,
        "Pretax Income": 884000000.0,
        "Other Income Expense": 55000000.0,
        "Special Income Charges": 13000000.0,
        "Gain On Sale Of Ppe": 13000000.0,
        "Gain On Sale Of Security": 42000000.0,
        "Net Non Operating Interest Income Expense": -16000000.0,
        "Interest Expense Non Operating": 16000000.0,
        "Operating Income": 845000000.0,
        "Operating Expense": 227000000.0,
        "Other Operating Expenses": 1000000.0,
        "Selling General And Administration": 226000000.0,
        "General And Administrative Expense": 226000000.0,
        "Other Gand A": 206000000.0,
        "Salaries And Wages": 20000000.0,
        "Gross Profit": 1072000000.0,
        "Cost Of Revenue": 10094000000.0,
        "Total Revenue": 11166000000.0,
        "Excise Taxes": 598000000.0,
        "Operating Revenue": 11764000000.0
    },
    "2023-03-31": {
        "Tax Effect Of Unusual Items": NaN,
        "Tax Rate For Calcs": NaN,
        "Normalized EBITDA": NaN,
        "Total Unusual Items": NaN,
        "Total Unusual Items Excluding Goodwill": NaN,
        "Net Income From Continuing Operation Net Minority Interest": NaN,
        "Reconciled Depreciation": NaN,
        "Reconciled Cost Of Revenue": NaN,
        "EBITDA": NaN,
        "EBIT": NaN,
        "Net Interest Income": NaN,
        "Interest Expense": NaN,
        "Normalized Income": NaN,
        "Net Income From Continuing And Discontinued Operation": NaN,
        "Total Expenses": NaN,
        "Diluted Average Shares": NaN,
        "Basic Average Shares": NaN,
        "Diluted EPS": NaN,
        "Basic EPS": NaN,
        "Diluted NI Availto Com Stockholders": NaN,
        "Net Income Common Stockholders": NaN,
        "Net Income": NaN,
        "Net Income Including Noncontrolling Interests": NaN,
        "Net Income Continuous Operations": NaN,
        "Tax Provision": NaN,
        "Pretax Income": NaN,
        "Other Income Expense": NaN,
        "Special Income Charges": 9000000.0,
        "Gain On Sale Of Ppe": 9000000.0,
        "Gain On Sale Of Security": NaN,
        "Net Non Operating Interest Income Expense": NaN,
        "Interest Expense Non Operating": NaN,
        "Operating Income": NaN,
        "Operating Expense": NaN,
        "Other Operating Expenses": NaN,
        "Selling General And Administration": NaN,
        "General And Administrative Expense": NaN,
        "Other Gand A": NaN,
        "Salaries And Wages": NaN,
        "Gross Profit": NaN,
        "Cost Of Revenue": NaN,
        "Total Revenue": NaN,
        "Excise Taxes": NaN,
        "Operating Revenue": NaN
    },
    "2022-12-31": {
        "Tax Effect Of Unusual Items": NaN,
        "Tax Rate For Calcs": NaN,
        "Normalized EBITDA": NaN,
        "Total Unusual Items": NaN,
        "Total Unusual Items Excluding Goodwill": NaN,
        "Net Income From Continuing Operation Net Minority Interest": NaN,
        "Reconciled Depreciation": NaN,
        "Reconciled Cost Of Revenue": NaN,
        "EBITDA": NaN,
        "EBIT": NaN,
        "Net Interest Income": NaN,
        "Interest Expense": NaN,
        "Normalized Income": NaN,
        "Net Income From Continuing And Discontinued Operation": NaN,
        "Total Expenses": NaN,
        "Diluted Average Shares": NaN,
        "Basic Average Shares": NaN,
        "Diluted EPS": NaN,
        "Basic EPS": NaN,
        "Diluted NI Availto Com Stockholders": NaN,
        "Net Income Common Stockholders": NaN,
        "Net Income": NaN,
        "Net Income Including Noncontrolling Interests": NaN,
        "Net Income Continuous Operations": NaN,
        "Tax Provision": NaN,
        "Pretax Income": NaN,
        "Other Income Expense": NaN,
        "Other Non Operating Income Expenses": -4000000.0,
        "Special Income Charges": NaN,
        "Gain On Sale Of Ppe": NaN,
        "Gain On Sale Of Security": NaN,
        "Net Non Operating Interest Income Expense": NaN,
        "Interest Expense Non Operating": NaN,
        "Operating Income": NaN,
        "Operating Expense": NaN,
        "Other Operating Expenses": NaN,
        "Selling General And Administration": NaN,
        "General And Administrative Expense": NaN,
        "Other Gand A": NaN,
        "Salaries And Wages": NaN,
        "Gross Profit": NaN,
        "Cost Of Revenue": NaN,
        "Total Revenue": NaN,
        "Excise Taxes": NaN,
        "Operating Revenue": NaN
    },
    "2022-09-30": {
        "Tax Effect Of Unusual Items": NaN,
        "Tax Rate For Calcs": NaN,
        "Normalized EBITDA": NaN,
        "Total Unusual Items": NaN,
        "Total Unusual Items Excluding Goodwill": NaN,
        "Net Income From Continuing Operation Net Minority Interest": NaN,
        "Reconciled Depreciation": NaN,
        "Reconciled Cost Of Revenue": NaN,
        "EBITDA": NaN,
        "EBIT": NaN,
        "Net Interest Income": NaN,
        "Interest Expense": NaN,
        "Normalized Income": NaN,
        "Net Income From Continuing And Discontinued Operation": NaN,
        "Total Expenses": NaN,
        "Diluted Average Shares": NaN,
        "Basic Average Shares": NaN,
        "Diluted EPS": NaN,
        "Basic EPS": NaN,
        "Diluted NI Availto Com Stockholders": NaN,
        "Net Income Common Stockholders": NaN,
        "Net Income": NaN,
        "Net Income Including Noncontrolling Interests": NaN,
        "Net Income Continuous Operations": NaN,
        "Tax Provision": NaN,
        "Pretax Income": NaN,
        "Other Income Expense": NaN,
        "Other Non Operating Income Expenses": -4000000.0,
        "Special Income Charges": NaN,
        "Gain On Sale Of Ppe": NaN,
        "Gain On Sale Of Security": NaN,
        "Net Non Operating Interest Income Expense": NaN,
        "Interest Expense Non Operating": NaN,
        "Operating Income": NaN,
        "Operating Expense": NaN,
        "Other Operating Expenses": NaN,
        "Selling General And Administration": NaN,
        "General And Administrative Expense": NaN,
        "Other Gand A": NaN,
        "Salaries And Wages": NaN,
        "Gross Profit": NaN,
        "Cost Of Revenue": NaN,
        "Total Revenue": NaN,
        "Excise Taxes": NaN,
        "Operating Revenue": NaN
    },
    "2024-06-30": {
        "Tax Effect Of Unusual Items": 8368032.2364,
        "Tax Rate For Calcs": 0.239087,
        "Normalized EBITDA": 1924000000.0,
        "Total Unusual Items": 35000000.0,
        "Total Unusual Items Excluding Goodwill": 35000000.0,
        "Net Income From Continuing Operation Net Minority Interest": 1133000000.0,
        "Reconciled Depreciation": 456000000.0,
        "Reconciled Cost Of Revenue": 11001000000.0,
        "EBITDA": 1959000000.0,
        "EBIT": 1503000000.0,
        "Net Interest Income": -14000000.0,
        "Interest Expense": 14000000.0,
        "Normalized Income": 1106368032.2364,
        "Net Income From Continuing And Discontinued Operation": 1133000000.0,
        "Total Expenses": 11224000000.0,
        "Diluted Average Shares": 537000000.0,
        "Basic Average Shares": 535800000.0,
        "Diluted EPS": 2.11,
        "Basic EPS": 2.11,
        "Diluted NI Availto Com Stockholders": 1133000000.0,
        "Net Income Common Stockholders": 1133000000.0,
        "Net Income": 1133000000.0,
        "Net Income Including Noncontrolling Interests": 1133000000.0,
        "Net Income Continuous Operations": 1133000000.0,
        "Tax Provision": 356000000.0,
        "Pretax Income": 1489000000.0,
        "Other Income Expense": 35000000.0,
        "Special Income Charges": 1000000.0,
        "Gain On Sale Of Ppe": 1000000.0,
        "Gain On Sale Of Security": 34000000.0,
        "Net Non Operating Interest Income Expense": -14000000.0,
        "Interest Expense Non Operating": 14000000.0,
        "Operating Income": 1468000000.0,
        "Operating Expense": 223000000.0,
        "Other Operating Expenses": 1000000.0,
        "Selling General And Administration": 222000000.0,
        "General And Administrative Expense": 222000000.0,
        "Other Gand A": 221000000.0,
        "Salaries And Wages": 1000000.0,
        "Gross Profit": 1691000000.0,
        "Cost Of Revenue": 11001000000.0,
        "Total Revenue": 12692000000.0,
        "Excise Taxes": 656000000.0,
        "Operating Revenue": 13348000000.0
    }
}