{
    "2023-03-31": {
        "Tax Effect Of Unusual Items": 0.0,
        "Tax Rate For Calcs": 0.0,
        "Normalized EBITDA": -21470000.0,
        "Total Unusual Items": -1483000.0,
        "Total Unusual Items Excluding Goodwill": -1483000.0,
        "Net Income From Continuing Operation Net Minority Interest": -30067000.0,
        "Reconciled Depreciation": 272000.0,
        "Reconciled Cost Of Revenue": 2285000.0,
        "EBITDA": -22953000.0,
        "EBIT": -22953000.0,
        "Net Interest Income": -2933000.0,
        "Normalized Income": -28584000.0,
        "Net Income From Continuing And Discontinued Operation": -30067000.0,
        "Total Expenses": 27325000.0,
        "Total Operating Income As Reported": -24436000.0,
        "Diluted Average Shares": 23745871.0,
        "Basic Average Shares": 23745871.0,
        "Diluted EPS": -1.27,
        "Basic EPS": -1.27,
        "Diluted NI Availto Com Stockholders": -30067000.0,
        "Net Income Common Stockholders": -30067000.0,
        "Otherunder Preferred Stock Dividend": NaN,
        "Net Income": -30067000.0,
        "Net Income Including Noncontrolling Interests": -30067000.0,
        "Net Income Continuous Operations": -30067000.0,
        "Tax Provision": 0.0,
        "Pretax Income": -30067000.0,
        "Other Income Expense": -4181000.0,
        "Other Non Operating Income Expenses": -2698000.0,
        "Special Income Charges": -1483000.0,
        "Restructuring And Mergern Acquisition": 1483000.0,
        "Net Non Operating Interest Income Expense": -2933000.0,
        "Total Other Finance Cost": 2933000.0,
        "Operating Income": -22953000.0,
        "Operating Expense": 25040000.0,
        "Research And Development": 3003000.0,
        "Selling General And Administration": 22037000.0,
        "General And Administrative Expense": 22037000.0,
        "Other Gand A": 22037000.0,
        "Salaries And Wages": NaN,
        "Gross Profit": 2087000.0,
        "Cost Of Revenue": 2285000.0,
        "Total Revenue": 4372000.0,
        "Operating Revenue": 4372000.0
    },
    "2022-12-31": {
        "Tax Effect Of Unusual Items": 0.0,
        "Tax Rate For Calcs": 0.0,
        "Normalized EBITDA": -18241000.0,
        "Total Unusual Items": NaN,
        "Total Unusual Items Excluding Goodwill": NaN,
        "Net Income From Continuing Operation Net Minority Interest": -23041000.0,
        "Reconciled Depreciation": 306000.0,
        "Reconciled Cost Of Revenue": 2217000.0,
        "EBITDA": -18241000.0,
        "EBIT": -18241000.0,
        "Net Interest Income": -2766000.0,
        "Normalized Income": -23041000.0,
        "Net Income From Continuing And Discontinued Operation": -23041000.0,
        "Total Expenses": 23249000.0,
        "Total Operating Income As Reported": -18241000.0,
        "Diluted Average Shares": 23739312.0,
        "Basic Average Shares": 23739312.0,
        "Diluted EPS": -0.97,
        "Basic EPS": -0.97,
        "Diluted NI Availto Com Stockholders": -23041000.0,
        "Net Income Common Stockholders": -23041000.0,
        "Otherunder Preferred Stock Dividend": 0.0,
        "Net Income": -23041000.0,
        "Net Income Including Noncontrolling Interests": -23041000.0,
        "Net Income Continuous Operations": -23041000.0,
        "Tax Provision": 0.0,
        "Pretax Income": -23041000.0,
        "Other Income Expense": -2034000.0,
        "Other Non Operating Income Expenses": -2034000.0,
        "Special Income Charges": NaN,
        "Restructuring And Mergern Acquisition": NaN,
        "Net Non Operating Interest Income Expense": -2766000.0,
        "Total Other Finance Cost": 2766000.0,
        "Operating Income": -18241000.0,
        "Operating Expense": 21032000.0,
        "Research And Development": 700000.0,
        "Selling General And Administration": 20332000.0,
        "General And Administrative Expense": 20332000.0,
        "Other Gand A": 20332000.0,
        "Salaries And Wages": NaN,
        "Gross Profit": 2791000.0,
        "Cost Of Revenue": 2217000.0,
        "Total Revenue": 5008000.0,
        "Operating Revenue": 5008000.0
    },
    "2022-09-30": {
        "Tax Effect Of Unusual Items": 0.0,
        "Tax Rate For Calcs": 0.0,
        "Normalized EBITDA": -21240000.0,
        "Total Unusual Items": NaN,
        "Total Unusual Items Excluding Goodwill": NaN,
        "Net Income From Continuing Operation Net Minority Interest": -31097000.0,
        "Reconciled Depreciation": 296000.0,
        "Reconciled Cost Of Revenue": 1508000.0,
        "EBITDA": -21240000.0,
        "EBIT": -21240000.0,
        "Net Interest Income": -3192000.0,
        "Normalized Income": -31097000.0,
        "Net Income From Continuing And Discontinued Operation": -31097000.0,
        "Total Expenses": 24322000.0,
        "Total Operating Income As Reported": -21240000.0,
        "Diluted Average Shares": 23709546.0,
        "Basic Average Shares": 23709546.0,
        "Diluted EPS": -1.31,
        "Basic EPS": -1.31,
        "Diluted NI Availto Com Stockholders": -31097000.0,
        "Net Income Common Stockholders": -31097000.0,
        "Otherunder Preferred Stock Dividend": 0.0,
        "Net Income": -31097000.0,
        "Net Income Including Noncontrolling Interests": -31097000.0,
        "Net Income Continuous Operations": -31097000.0,
        "Tax Provision": 0.0,
        "Pretax Income": -31097000.0,
        "Other Income Expense": -6665000.0,
        "Other Non Operating Income Expenses": -6665000.0,
        "Special Income Charges": NaN,
        "Restructuring And Mergern Acquisition": NaN,
        "Net Non Operating Interest Income Expense": -3192000.0,
        "Total Other Finance Cost": 3192000.0,
        "Operating Income": -21240000.0,
        "Operating Expense": 22814000.0,
        "Research And Development": 3155000.0,
        "Selling General And Administration": 19659000.0,
        "General And Administrative Expense": 19659000.0,
        "Other Gand A": 19659000.0,
        "Salaries And Wages": NaN,
        "Gross Profit": 1574000.0,
        "Cost Of Revenue": 1508000.0,
        "Total Revenue": 3082000.0,
        "Operating Revenue": 3082000.0
    },
    "2022-06-30": {
        "Tax Effect Of Unusual Items": 0.0,
        "Tax Rate For Calcs": 0.0,
        "Normalized EBITDA": -20691000.0,
        "Total Unusual Items": NaN,
        "Total Unusual Items Excluding Goodwill": NaN,
        "Net Income From Continuing Operation Net Minority Interest": -25204000.0,
        "Reconciled Depreciation": 289000.0,
        "Reconciled Cost Of Revenue": 1737000.0,
        "EBITDA": -20691000.0,
        "EBIT": -20980000.0,
        "Net Interest Income": -3450000.0,
        "Normalized Income": -25204000.0,
        "Net Income From Continuing And Discontinued Operation": -25204000.0,
        "Total Expenses": 23783000.0,
        "Total Operating Income As Reported": -20980000.0,
        "Diluted Average Shares": 23178302.0,
        "Basic Average Shares": 23178302.0,
        "Diluted EPS": -1.09,
        "Basic EPS": -1.09,
        "Diluted NI Availto Com Stockholders": -25204000.0,
        "Net Income Common Stockholders": -25204000.0,
        "Otherunder Preferred Stock Dividend": 0.0,
        "Net Income": -25204000.0,
        "Net Income Including Noncontrolling Interests": -25204000.0,
        "Net Income Continuous Operations": -25204000.0,
        "Tax Provision": 0.0,
        "Pretax Income": -25204000.0,
        "Other Income Expense": -774000.0,
        "Other Non Operating Income Expenses": -774000.0,
        "Special Income Charges": NaN,
        "Restructuring And Mergern Acquisition": NaN,
        "Net Non Operating Interest Income Expense": -3450000.0,
        "Total Other Finance Cost": 3450000.0,
        "Operating Income": -20980000.0,
        "Operating Expense": 22046000.0,
        "Research And Development": 3951000.0,
        "Selling General And Administration": 18095000.0,
        "General And Administrative Expense": 18095000.0,
        "Other Gand A": 18095000.0,
        "Salaries And Wages": NaN,
        "Gross Profit": 1066000.0,
        "Cost Of Revenue": 1737000.0,
        "Total Revenue": 2803000.0,
        "Operating Revenue": 2803000.0
    },
    "2022-03-31": {
        "Diluted EPS": -1.17,
        "Total Revenue": 2,
        "Gross Profit": 1,
        "Operating Income": -23,
        "EBIT": -22,
        "Net Income": -27
    },
    "2021-12-31": {
        "Diluted EPS": 12.18,
        "Total Revenue": 1,
        "Gross Profit": 0,
        "Operating Income": -24,
        "EBIT": -23,
        "Net Income": -25
    },
    "2021-09-30": {
        "Diluted EPS": -1.24,
        "Total Revenue": 0,
        "Gross Profit": 0,
        "Operating Income": -22,
        "EBIT": -22,
        "Net Income": -25
    },
    "2021-06-30": {
        "Diluted EPS": -1.1,
        "Total Revenue": NaN,
        "Gross Profit": NaN,
        "Operating Income": -15,
        "EBIT": -15,
        "Net Income": -15
    },
    "2021-03-31": {
        "Diluted EPS": -15.09,
        "Total Revenue": NaN,
        "Gross Profit": NaN,
        "Operating Income": -10,
        "EBIT": -9,
        "Net Income": -11
    },
    "2020-12-31": {
        "Diluted EPS": -12.61,
        "Total Revenue": NaN,
        "Gross Profit": NaN,
        "Operating Income": -13,
        "EBIT": -12,
        "Net Income": -14
    },
    "2020-09-30": {
        "Diluted EPS": -15.56,
        "Total Revenue": NaN,
        "Gross Profit": NaN,
        "Operating Income": -9,
        "EBIT": -9,
        "Net Income": -9
    },
    "2020-06-30": {
        "Diluted EPS": -35.88,
        "Total Revenue": NaN,
        "Gross Profit": NaN,
        "Operating Income": -13,
        "EBIT": -13,
        "Net Income": -13
    },
    "2020-03-31": {
        "Diluted EPS": -27.0,
        "Total Revenue": NaN,
        "Gross Profit": NaN,
        "Operating Income": -10,
        "EBIT": -10,
        "Net Income": -10
    },
    "2019-12-31": {
        "Diluted EPS": 0.0,
        "Total Revenue": NaN,
        "Gross Profit": NaN,
        "Operating Income": NaN,
        "EBIT": NaN,
        "Net Income": NaN
    },
    "2023-06-30": {
        "Tax Effect Of Unusual Items": 0.0,
        "Tax Rate For Calcs": 0.0,
        "Normalized EBITDA": -16104000.0,
        "Total Unusual Items": 0.0,
        "Total Unusual Items Excluding Goodwill": 0.0,
        "Net Income From Continuing Operation Net Minority Interest": -7357000.0,
        "Reconciled Depreciation": -57000.0,
        "Reconciled Cost Of Revenue": 3220000.0,
        "EBITDA": -16104000.0,
        "EBIT": -16104000.0,
        "Net Interest Income": -3015000.0,
        "Normalized Income": -7357000.0,
        "Net Income From Continuing And Discontinued Operation": -7357000.0,
        "Total Expenses": 22688000.0,
        "Total Operating Income As Reported": -16104000.0,
        "Diluted Average Shares": 23748008.0,
        "Basic Average Shares": 23748008.0,
        "Diluted EPS": -0.31,
        "Basic EPS": -0.31,
        "Diluted NI Availto Com Stockholders": -7357000.0,
        "Net Income Common Stockholders": -7357000.0,
        "Otherunder Preferred Stock Dividend": NaN,
        "Net Income": -7357000.0,
        "Net Income Including Noncontrolling Interests": -7357000.0,
        "Net Income Continuous Operations": -7357000.0,
        "Tax Provision": 0.0,
        "Pretax Income": -7357000.0,
        "Other Income Expense": 11762000.0,
        "Other Non Operating Income Expenses": 11762000.0,
        "Special Income Charges": 0.0,
        "Restructuring And Mergern Acquisition": 0.0,
        "Net Non Operating Interest Income Expense": -3015000.0,
        "Total Other Finance Cost": 3015000.0,
        "Operating Income": -16104000.0,
        "Operating Expense": 19468000.0,
        "Research And Development": 200000.0,
        "Selling General And Administration": 19268000.0,
        "General And Administrative Expense": 19268000.0,
        "Other Gand A": 18282000.0,
        "Salaries And Wages": 986000.0,
        "Gross Profit": 3364000.0,
        "Cost Of Revenue": 3220000.0,
        "Total Revenue": 6584000.0,
        "Operating Revenue": 6584000.0
    },
    "2023-09-30": {
        "Tax Effect Of Unusual Items": 0.0,
        "Tax Rate For Calcs": 0.0,
        "Normalized EBITDA": -12176000.0,
        "Total Unusual Items": 0.0,
        "Total Unusual Items Excluding Goodwill": 0.0,
        "Net Income From Continuing Operation Net Minority Interest": -13814000.0,
        "Reconciled Depreciation": 635000.0,
        "Reconciled Cost Of Revenue": 2230000.0,
        "EBITDA": -12176000.0,
        "EBIT": -12811000.0,
        "Net Interest Income": -3661000.0,
        "Normalized Income": -13814000.0,
        "Net Income From Continuing And Discontinued Operation": -13814000.0,
        "Total Expenses": 17834000.0,
        "Total Operating Income As Reported": -12811000.0,
        "Diluted Average Shares": 23749005.0,
        "Basic Average Shares": 23749005.0,
        "Diluted EPS": -0.58,
        "Basic EPS": -0.58,
        "Diluted NI Availto Com Stockholders": -13814000.0,
        "Net Income Common Stockholders": -13814000.0,
        "Otherunder Preferred Stock Dividend": NaN,
        "Net Income": -13814000.0,
        "Net Income Including Noncontrolling Interests": -13814000.0,
        "Net Income Continuous Operations": -13814000.0,
        "Tax Provision": 0.0,
        "Pretax Income": -13814000.0,
        "Other Income Expense": 2658000.0,
        "Other Non Operating Income Expenses": 2658000.0,
        "Special Income Charges": 0.0,
        "Restructuring And Mergern Acquisition": 0.0,
        "Net Non Operating Interest Income Expense": -3661000.0,
        "Total Other Finance Cost": 3661000.0,
        "Operating Income": -12811000.0,
        "Operating Expense": 15604000.0,
        "Research And Development": 252000.0,
        "Selling General And Administration": 15352000.0,
        "General And Administrative Expense": 15352000.0,
        "Other Gand A": 15352000.0,
        "Salaries And Wages": NaN,
        "Gross Profit": 2793000.0,
        "Cost Of Revenue": 2230000.0,
        "Total Revenue": 5023000.0,
        "Operating Revenue": 5023000.0
    }
}