{
    "2023-03-31": {
        "Tax Effect Of Unusual Items": NaN,
        "Tax Rate For Calcs": NaN,
        "Normalized EBITDA": NaN,
        "Net Income From Continuing Operation Net Minority Interest": NaN,
        "Reconciled Depreciation": NaN,
        "Reconciled Cost Of Revenue": 0.0,
        "EBITDA": NaN,
        "EBIT": NaN,
        "Net Interest Income": NaN,
        "Interest Income": NaN,
        "Normalized Income": NaN,
        "Net Income From Continuing And Discontinued Operation": NaN,
        "Total Expenses": NaN,
        "Total Operating Income As Reported": NaN,
        "Diluted Average Shares": 26442216.0,
        "Basic Average Shares": 26442216.0,
        "Diluted EPS": -0.51,
        "Basic EPS": -0.51,
        "Diluted NI Availto Com Stockholders": NaN,
        "Net Income Common Stockholders": NaN,
        "Net Income": NaN,
        "Net Income Including Noncontrolling Interests": NaN,
        "Net Income Continuous Operations": NaN,
        "Pretax Income": NaN,
        "Other Income Expense": NaN,
        "Other Non Operating Income Expenses": NaN,
        "Net Non Operating Interest Income Expense": NaN,
        "Interest Income Non Operating": NaN,
        "Operating Income": NaN,
        "Operating Expense": NaN,
        "Depreciation Amortization Depletion Income Statement": NaN,
        "Depreciation And Amortization In Income Statement": NaN,
        "Amortization": NaN,
        "Amortization Of Intangibles Income Statement": NaN,
        "Research And Development": NaN,
        "Selling General And Administration": NaN,
        "General And Administrative Expense": NaN,
        "Other Gand A": NaN,
        "Salaries And Wages": NaN,
        "Gross Profit": 0.0,
        "Cost Of Revenue": 0.0,
        "Total Revenue": NaN,
        "Operating Revenue": NaN
    },
    "2022-12-31": {
        "Tax Effect Of Unusual Items": NaN,
        "Tax Rate For Calcs": NaN,
        "Normalized EBITDA": NaN,
        "Net Income From Continuing Operation Net Minority Interest": NaN,
        "Reconciled Depreciation": NaN,
        "Reconciled Cost Of Revenue": 0.0,
        "EBITDA": NaN,
        "EBIT": NaN,
        "Net Interest Income": NaN,
        "Interest Income": NaN,
        "Normalized Income": NaN,
        "Net Income From Continuing And Discontinued Operation": NaN,
        "Total Expenses": NaN,
        "Total Operating Income As Reported": NaN,
        "Diluted Average Shares": NaN,
        "Basic Average Shares": NaN,
        "Diluted EPS": NaN,
        "Basic EPS": NaN,
        "Diluted NI Availto Com Stockholders": NaN,
        "Net Income Common Stockholders": NaN,
        "Net Income": NaN,
        "Net Income Including Noncontrolling Interests": NaN,
        "Net Income Continuous Operations": NaN,
        "Pretax Income": NaN,
        "Other Income Expense": NaN,
        "Other Non Operating Income Expenses": NaN,
        "Net Non Operating Interest Income Expense": NaN,
        "Interest Income Non Operating": NaN,
        "Operating Income": NaN,
        "Operating Expense": NaN,
        "Depreciation Amortization Depletion Income Statement": NaN,
        "Depreciation And Amortization In Income Statement": NaN,
        "Amortization": NaN,
        "Amortization Of Intangibles Income Statement": NaN,
        "Research And Development": NaN,
        "Selling General And Administration": NaN,
        "General And Administrative Expense": NaN,
        "Other Gand A": NaN,
        "Salaries And Wages": NaN,
        "Gross Profit": 455.0,
        "Cost Of Revenue": 0.0,
        "Total Revenue": NaN,
        "Operating Revenue": NaN
    },
    "2022-09-30": {
        "Tax Effect Of Unusual Items": 0.0,
        "Tax Rate For Calcs": 0.0,
        "Normalized EBITDA": -12983585.0,
        "Net Income From Continuing Operation Net Minority Interest": -12844330.0,
        "Reconciled Depreciation": 204533.0,
        "Reconciled Cost Of Revenue": 19343.0,
        "EBITDA": -12983585.0,
        "EBIT": -13188118.0,
        "Net Interest Income": 222985.0,
        "Interest Income": 222985.0,
        "Normalized Income": -12844330.0,
        "Net Income From Continuing And Discontinued Operation": -12844330.0,
        "Total Expenses": 13226498.0,
        "Total Operating Income As Reported": -13188150.0,
        "Diluted Average Shares": 26394490.0,
        "Basic Average Shares": 26394490.0,
        "Diluted EPS": -0.49,
        "Basic EPS": -0.49,
        "Diluted NI Availto Com Stockholders": -12844330.0,
        "Net Income Common Stockholders": -12844330.0,
        "Net Income": -12844330.0,
        "Net Income Including Noncontrolling Interests": -12844330.0,
        "Net Income Continuous Operations": -12844298.0,
        "Tax Provision": NaN,
        "Pretax Income": -12844298.0,
        "Other Income Expense": 120835.0,
        "Other Non Operating Income Expenses": 120835.0,
        "Net Non Operating Interest Income Expense": 222985.0,
        "Interest Income Non Operating": 222985.0,
        "Operating Income": -13188118.0,
        "Operating Expense": 13207155.0,
        "Depreciation Amortization Depletion Income Statement": 7317.0,
        "Depreciation And Amortization In Income Statement": 7317.0,
        "Amortization": 7317.0,
        "Amortization Of Intangibles Income Statement": 7317.0,
        "Research And Development": 9363838.0,
        "Selling General And Administration": 3836000.0,
        "General And Administrative Expense": 3836000.0,
        "Other Gand A": 1479000.0,
        "Salaries And Wages": 2357000.0,
        "Gross Profit": 19037.0,
        "Cost Of Revenue": 19343.0,
        "Total Revenue": 38380.0,
        "Operating Revenue": 38380.0
    },
    "2022-06-30": {
        "Tax Effect Of Unusual Items": 0.0,
        "Tax Rate For Calcs": 0.0,
        "Normalized EBITDA": -11443549.0,
        "Net Income From Continuing Operation Net Minority Interest": -11527303.0,
        "Reconciled Depreciation": 202357.0,
        "Reconciled Cost Of Revenue": 47933.0,
        "EBITDA": -11443549.0,
        "EBIT": -11645906.0,
        "Net Interest Income": 142799.0,
        "Interest Income": 142799.0,
        "Normalized Income": -11527303.0,
        "Net Income From Continuing And Discontinued Operation": -11527303.0,
        "Total Expenses": 11740325.0,
        "Rent Expense Supplemental": 345000.0,
        "Total Operating Income As Reported": -11646049.0,
        "Diluted Average Shares": 26386343.0,
        "Basic Average Shares": 26386343.0,
        "Diluted EPS": -0.44,
        "Basic EPS": -0.44,
        "Diluted NI Availto Com Stockholders": -11527303.0,
        "Net Income Common Stockholders": -11527303.0,
        "Net Income": -11527303.0,
        "Net Income Including Noncontrolling Interests": -11527303.0,
        "Net Income Continuous Operations": -11527160.0,
        "Tax Provision": NaN,
        "Pretax Income": -11527160.0,
        "Other Income Expense": -24053.0,
        "Other Non Operating Income Expenses": -24053.0,
        "Net Non Operating Interest Income Expense": 142799.0,
        "Interest Income Non Operating": 142799.0,
        "Operating Income": -11645906.0,
        "Operating Expense": 11692392.0,
        "Depreciation Amortization Depletion Income Statement": 7317.0,
        "Depreciation And Amortization In Income Statement": 7317.0,
        "Amortization": 7317.0,
        "Amortization Of Intangibles Income Statement": 7317.0,
        "Research And Development": 7981075.0,
        "Selling General And Administration": 3704000.0,
        "General And Administrative Expense": 3704000.0,
        "Other Gand A": 1104000.0,
        "Rent And Landing Fees": 345000.0,
        "Salaries And Wages": 2600000.0,
        "Gross Profit": 46486.0,
        "Cost Of Revenue": 47933.0,
        "Total Revenue": 94419.0,
        "Operating Revenue": 94419.0
    },
    "2022-03-31": {
        "Diluted EPS": -0.49,
        "Total Revenue": NaN,
        "Gross Profit": 0,
        "Operating Income": -13,
        "EBIT": -13,
        "Net Income": -13
    },
    "2021-12-31": {
        "Diluted EPS": 0.88,
        "Total Revenue": 0,
        "Gross Profit": 0,
        "Operating Income": -11,
        "EBIT": -11,
        "Net Income": -11
    },
    "2021-09-30": {
        "Diluted EPS": -0.47,
        "Total Revenue": 0,
        "Gross Profit": 0,
        "Operating Income": -9,
        "EBIT": -8,
        "Net Income": -9
    },
    "2021-06-30": {
        "Diluted EPS": -1.61,
        "Total Revenue": 1,
        "Gross Profit": 0,
        "Operating Income": -8,
        "EBIT": -8,
        "Net Income": -8
    },
    "2021-03-31": {
        "Diluted EPS": -1.26,
        "Total Revenue": 1,
        "Gross Profit": 0,
        "Operating Income": -6,
        "EBIT": -6,
        "Net Income": -6
    },
    "2020-12-31": {
        "Diluted EPS": 0.0,
        "Total Revenue": NaN,
        "Gross Profit": NaN,
        "Operating Income": NaN,
        "EBIT": NaN,
        "Net Income": NaN
    },
    "2020-09-30": {
        "Diluted EPS": -0.89,
        "Total Revenue": 1,
        "Gross Profit": 0,
        "Operating Income": -4,
        "EBIT": -4,
        "Net Income": -4
    },
    "2020-06-30": {
        "Diluted EPS": -0.73,
        "Total Revenue": 0,
        "Gross Profit": 0,
        "Operating Income": -4,
        "EBIT": -4,
        "Net Income": -4
    },
    "2023-06-30": {
        "Tax Effect Of Unusual Items": 0.0,
        "Tax Rate For Calcs": 0.0,
        "Normalized EBITDA": -13419471.0,
        "Net Income From Continuing Operation Net Minority Interest": -12188748.0,
        "Reconciled Depreciation": 85557.0,
        "Reconciled Cost Of Revenue": 0.0,
        "EBITDA": -13419471.0,
        "EBIT": -13505028.0,
        "Net Interest Income": 1166047.0,
        "Interest Income": 1166047.0,
        "Normalized Income": -12188748.0,
        "Net Income From Continuing And Discontinued Operation": -12188748.0,
        "Total Expenses": 13505028.0,
        "Total Operating Income As Reported": -13504988.0,
        "Diluted Average Shares": 28647450.0,
        "Basic Average Shares": 28647450.0,
        "Diluted EPS": -0.43,
        "Basic EPS": -0.43,
        "Diluted NI Availto Com Stockholders": -12188748.0,
        "Net Income Common Stockholders": -12188748.0,
        "Net Income": -12188748.0,
        "Net Income Including Noncontrolling Interests": -12188748.0,
        "Net Income Continuous Operations": -12188788.0,
        "Pretax Income": -12188788.0,
        "Other Income Expense": 150193.0,
        "Other Non Operating Income Expenses": 150193.0,
        "Net Non Operating Interest Income Expense": 1166047.0,
        "Interest Income Non Operating": 1166047.0,
        "Operating Income": -13505028.0,
        "Operating Expense": 13505028.0,
        "Depreciation Amortization Depletion Income Statement": 7317.0,
        "Depreciation And Amortization In Income Statement": 7317.0,
        "Amortization": 7317.0,
        "Amortization Of Intangibles Income Statement": 7317.0,
        "Research And Development": 9452711.0,
        "Selling General And Administration": 4045000.0,
        "General And Administrative Expense": 4045000.0,
        "Other Gand A": 1279000.0,
        "Salaries And Wages": 2766000.0,
        "Gross Profit": 0.0,
        "Cost Of Revenue": 0.0,
        "Total Revenue": 0.0,
        "Operating Revenue": 0.0
    },
    "2023-09-30": {
        "Tax Effect Of Unusual Items": 0.0,
        "Tax Rate For Calcs": 0.0,
        "Normalized EBITDA": -13840904.0,
        "Net Income From Continuing Operation Net Minority Interest": -12595211.0,
        "Reconciled Depreciation": 85611.0,
        "Reconciled Cost Of Revenue": 0.0,
        "EBITDA": -13840904.0,
        "EBIT": -13926515.0,
        "Net Interest Income": 855532.0,
        "Interest Income": 855532.0,
        "Normalized Income": -12595211.0,
        "Net Income From Continuing And Discontinued Operation": -12595211.0,
        "Total Expenses": 13926515.0,
        "Total Operating Income As Reported": -13926338.0,
        "Diluted Average Shares": 29266309.0,
        "Basic Average Shares": 29266309.0,
        "Diluted EPS": -0.43,
        "Basic EPS": -0.43,
        "Diluted NI Availto Com Stockholders": -12595211.0,
        "Net Income Common Stockholders": -12595211.0,
        "Net Income": -12595211.0,
        "Net Income Including Noncontrolling Interests": -12595211.0,
        "Net Income Continuous Operations": -12595388.0,
        "Pretax Income": -12595388.0,
        "Other Income Expense": 475595.0,
        "Other Non Operating Income Expenses": 475595.0,
        "Net Non Operating Interest Income Expense": 855532.0,
        "Interest Income Non Operating": 855532.0,
        "Operating Income": -13926515.0,
        "Operating Expense": 13926515.0,
        "Depreciation Amortization Depletion Income Statement": 7317.0,
        "Depreciation And Amortization In Income Statement": 7317.0,
        "Amortization": 7317.0,
        "Amortization Of Intangibles Income Statement": 7317.0,
        "Research And Development": 10050198.0,
        "Selling General And Administration": 3869000.0,
        "General And Administrative Expense": 3869000.0,
        "Other Gand A": 1096000.0,
        "Salaries And Wages": 2773000.0,
        "Gross Profit": 0.0,
        "Cost Of Revenue": 0.0,
        "Total Revenue": 0.0,
        "Operating Revenue": 0.0
    },
    "2023-12-31": {
        "Tax Effect Of Unusual Items": 0.0,
        "Tax Rate For Calcs": 0.0,
        "Normalized EBITDA": -16205429.0,
        "Net Income From Continuing Operation Net Minority Interest": -15083492.0,
        "Reconciled Depreciation": 97071.0,
        "Reconciled Cost Of Revenue": 0.0,
        "EBITDA": -16205429.0,
        "EBIT": -16302500.0,
        "Net Interest Income": 754144.0,
        "Interest Income": 754144.0,
        "Normalized Income": -15083492.0,
        "Net Income From Continuing And Discontinued Operation": -15083492.0,
        "Total Expenses": 16302500.0,
        "Total Operating Income As Reported": -16301988.0,
        "Diluted Average Shares": NaN,
        "Basic Average Shares": NaN,
        "Diluted EPS": NaN,
        "Basic EPS": NaN,
        "Diluted NI Availto Com Stockholders": -15083492.0,
        "Net Income Common Stockholders": -15083492.0,
        "Net Income": -15083492.0,
        "Net Income Including Noncontrolling Interests": -15083492.0,
        "Net Income Continuous Operations": -15084004.0,
        "Pretax Income": -15084004.0,
        "Other Income Expense": 464352.0,
        "Other Non Operating Income Expenses": 464352.0,
        "Net Non Operating Interest Income Expense": 754144.0,
        "Interest Income Non Operating": 754144.0,
        "Operating Income": -16302500.0,
        "Operating Expense": 16302500.0,
        "Depreciation Amortization Depletion Income Statement": 7317.0,
        "Depreciation And Amortization In Income Statement": 7317.0,
        "Amortization": 7317.0,
        "Amortization Of Intangibles Income Statement": 7317.0,
        "Research And Development": 11910183.0,
        "Selling General And Administration": 4385000.0,
        "General And Administrative Expense": 4385000.0,
        "Other Gand A": 1092000.0,
        "Salaries And Wages": 3293000.0,
        "Gross Profit": 0.0,
        "Cost Of Revenue": 0.0,
        "Total Revenue": 0.0,
        "Operating Revenue": 0.0
    },
    "2024-03-31": {
        "Tax Effect Of Unusual Items": 0.0,
        "Tax Rate For Calcs": 0.0,
        "Normalized EBITDA": -15228205.0,
        "Net Income From Continuing Operation Net Minority Interest": -14307829.0,
        "Reconciled Depreciation": 97526.0,
        "Reconciled Cost Of Revenue": NaN,
        "EBITDA": -15228205.0,
        "EBIT": -15325731.0,
        "Net Interest Income": 804884.0,
        "Interest Income": 804884.0,
        "Normalized Income": -14307829.0,
        "Net Income From Continuing And Discontinued Operation": -14307829.0,
        "Total Expenses": 15325731.0,
        "Total Operating Income As Reported": -15325750.0,
        "Diluted Average Shares": 29370357.0,
        "Basic Average Shares": 29370357.0,
        "Diluted EPS": -0.49,
        "Basic EPS": -0.49,
        "Diluted NI Availto Com Stockholders": -14307829.0,
        "Net Income Common Stockholders": -14307829.0,
        "Net Income": -14307829.0,
        "Net Income Including Noncontrolling Interests": -14307829.0,
        "Net Income Continuous Operations": -14307810.0,
        "Pretax Income": -14307810.0,
        "Other Income Expense": 213037.0,
        "Other Non Operating Income Expenses": 213037.0,
        "Net Non Operating Interest Income Expense": 804884.0,
        "Interest Income Non Operating": 804884.0,
        "Operating Income": -15325731.0,
        "Operating Expense": 15325731.0,
        "Depreciation Amortization Depletion Income Statement": 7317.0,
        "Depreciation And Amortization In Income Statement": 7317.0,
        "Amortization": 7317.0,
        "Amortization Of Intangibles Income Statement": 7317.0,
        "Research And Development": 11202414.0,
        "Selling General And Administration": 4116000.0,
        "General And Administrative Expense": 4116000.0,
        "Other Gand A": 1020000.0,
        "Salaries And Wages": 3096000.0,
        "Gross Profit": NaN,
        "Cost Of Revenue": NaN,
        "Total Revenue": 0.0,
        "Operating Revenue": 0.0
    },
    "2024-06-30": {
        "Tax Effect Of Unusual Items": 0.0,
        "Tax Rate For Calcs": 0.0,
        "Normalized EBITDA": -14815426.0,
        "Net Income From Continuing Operation Net Minority Interest": -14079927.0,
        "Reconciled Depreciation": 97849.0,
        "Reconciled Cost Of Revenue": NaN,
        "EBITDA": -14815426.0,
        "EBIT": -14913275.0,
        "Net Interest Income": 826104.0,
        "Interest Income": 826104.0,
        "Normalized Income": -14079927.0,
        "Net Income From Continuing And Discontinued Operation": -14079927.0,
        "Total Expenses": 14913275.0,
        "Total Operating Income As Reported": -14913748.0,
        "Diluted Average Shares": 29653355.0,
        "Basic Average Shares": 29653355.0,
        "Diluted EPS": -0.47,
        "Basic EPS": -0.47,
        "Diluted NI Availto Com Stockholders": -14079927.0,
        "Net Income Common Stockholders": -14079927.0,
        "Net Income": -14079927.0,
        "Net Income Including Noncontrolling Interests": -14079927.0,
        "Net Income Continuous Operations": -14079454.0,
        "Pretax Income": -14079454.0,
        "Other Income Expense": 7717.0,
        "Other Non Operating Income Expenses": 7717.0,
        "Net Non Operating Interest Income Expense": 826104.0,
        "Interest Income Non Operating": 826104.0,
        "Operating Income": -14913275.0,
        "Operating Expense": 14913275.0,
        "Depreciation Amortization Depletion Income Statement": 7317.0,
        "Depreciation And Amortization In Income Statement": 7317.0,
        "Amortization": 7317.0,
        "Amortization Of Intangibles Income Statement": 7317.0,
        "Research And Development": 10651958.0,
        "Selling General And Administration": 4254000.0,
        "General And Administrative Expense": 4254000.0,
        "Other Gand A": 1217000.0,
        "Salaries And Wages": 3037000.0,
        "Gross Profit": NaN,
        "Cost Of Revenue": NaN,
        "Total Revenue": 0.0,
        "Operating Revenue": 0.0
    }
}