{
    "2023-03-31": {
        "Tax Effect Of Unusual Items": 0.0,
        "Tax Rate For Calcs": 0.0,
        "Normalized EBITDA": -22365000.0,
        "Total Unusual Items": 4624000.0,
        "Total Unusual Items Excluding Goodwill": 4624000.0,
        "Net Income From Continuing Operation Net Minority Interest": -19747000.0,
        "Reconciled Depreciation": 1811000.0,
        "EBITDA": -17741000.0,
        "EBIT": -19552000.0,
        "Net Interest Income": 2059000.0,
        "Interest Expense": 195000.0,
        "Interest Income": 2254000.0,
        "Normalized Income": -24371000.0,
        "Net Income From Continuing And Discontinued Operation": -19747000.0,
        "Total Expenses": 36226000.0,
        "Total Operating Income As Reported": -26430000.0,
        "Diluted NI Availto Com Stockholders": -19747000.0,
        "Net Income Common Stockholders": -19747000.0,
        "Net Income": -19747000.0,
        "Net Income Including Noncontrolling Interests": -19747000.0,
        "Net Income Continuous Operations": -19747000.0,
        "Tax Provision": 0.0,
        "Pretax Income": -19747000.0,
        "Other Income Expense": 4624000.0,
        "Gain On Sale Of Security": 4624000.0,
        "Net Non Operating Interest Income Expense": 2059000.0,
        "Interest Expense Non Operating": 195000.0,
        "Interest Income Non Operating": 2254000.0,
        "Operating Income": -26430000.0,
        "Operating Expense": 36226000.0,
        "Other Operating Expenses": -941000.0,
        "Research And Development": 27581000.0,
        "Selling General And Administration": 9586000.0,
        "General And Administrative Expense": 9586000.0,
        "Other Gand A": 3467000.0,
        "Salaries And Wages": 6119000.0,
        "Total Revenue": 9796000.0,
        "Operating Revenue": 9796000.0
    },
    "2022-12-31": {
        "Tax Effect Of Unusual Items": -1784850.0,
        "Tax Rate For Calcs": 0.15,
        "Normalized EBITDA": 3525000.0,
        "Total Unusual Items": -11899000.0,
        "Total Unusual Items Excluding Goodwill": -11899000.0,
        "Net Income From Continuing Operation Net Minority Interest": -13232000.0,
        "Reconciled Depreciation": 1749000.0,
        "EBITDA": -8374000.0,
        "EBIT": -10123000.0,
        "Net Interest Income": 1441000.0,
        "Interest Expense": 290000.0,
        "Interest Income": 1731000.0,
        "Normalized Income": -3117850.0,
        "Net Income From Continuing And Discontinued Operation": -13232000.0,
        "Total Expenses": 37603000.0,
        "Total Operating Income As Reported": 45000.0,
        "Diluted NI Availto Com Stockholders": -13232000.0,
        "Net Income Common Stockholders": -13232000.0,
        "Net Income": -13232000.0,
        "Net Income Including Noncontrolling Interests": -13232000.0,
        "Net Income Continuous Operations": -13232000.0,
        "Tax Provision": 2819000.0,
        "Pretax Income": -10413000.0,
        "Other Income Expense": -11899000.0,
        "Gain On Sale Of Security": -11899000.0,
        "Net Non Operating Interest Income Expense": 1441000.0,
        "Interest Expense Non Operating": 290000.0,
        "Interest Income Non Operating": 1731000.0,
        "Operating Income": 45000.0,
        "Operating Expense": 37603000.0,
        "Other Operating Expenses": 16000.0,
        "Research And Development": 27846000.0,
        "Selling General And Administration": 9741000.0,
        "General And Administrative Expense": 9741000.0,
        "Other Gand A": 4080000.0,
        "Salaries And Wages": 5661000.0,
        "Total Revenue": 37648000.0,
        "Operating Revenue": 37648000.0
    },
    "2022-09-30": {
        "Tax Effect Of Unusual Items": 435200.0,
        "Tax Rate For Calcs": 0.4,
        "Normalized EBITDA": -19444000.0,
        "Total Unusual Items": 1088000.0,
        "Total Unusual Items Excluding Goodwill": 1088000.0,
        "Net Income From Continuing Operation Net Minority Interest": -20935000.0,
        "Reconciled Depreciation": 1811000.0,
        "EBITDA": -18356000.0,
        "EBIT": -20167000.0,
        "Net Interest Income": 460000.0,
        "Interest Expense": 210000.0,
        "Interest Income": 670000.0,
        "Normalized Income": -21587800.0,
        "Net Income From Continuing And Discontinued Operation": -20935000.0,
        "Total Expenses": 36985000.0,
        "Total Operating Income As Reported": -21925000.0,
        "Diluted Average Shares": 65634347.0,
        "Basic Average Shares": 65634347.0,
        "Diluted EPS": -0.32,
        "Basic EPS": -0.32,
        "Diluted NI Availto Com Stockholders": -20935000.0,
        "Net Income Common Stockholders": -20935000.0,
        "Net Income": -20935000.0,
        "Net Income Including Noncontrolling Interests": -20935000.0,
        "Net Income Continuous Operations": -20935000.0,
        "Tax Provision": 558000.0,
        "Pretax Income": -20377000.0,
        "Other Income Expense": 1088000.0,
        "Gain On Sale Of Security": 1088000.0,
        "Net Non Operating Interest Income Expense": 460000.0,
        "Interest Expense Non Operating": 210000.0,
        "Interest Income Non Operating": 670000.0,
        "Operating Income": -21925000.0,
        "Operating Expense": 36985000.0,
        "Other Operating Expenses": -9000.0,
        "Research And Development": 28572000.0,
        "Selling General And Administration": 8422000.0,
        "General And Administrative Expense": 8422000.0,
        "Other Gand A": 3287000.0,
        "Salaries And Wages": 5135000.0,
        "Total Revenue": 15060000.0,
        "Operating Revenue": 15060000.0
    },
    "2022-06-30": {
        "Tax Effect Of Unusual Items": 1651600.0,
        "Tax Rate For Calcs": 0.4,
        "Normalized EBITDA": -14817000.0,
        "Total Unusual Items": 4129000.0,
        "Total Unusual Items Excluding Goodwill": 4129000.0,
        "Net Income From Continuing Operation Net Minority Interest": -13980000.0,
        "Reconciled Depreciation": 1771000.0,
        "EBITDA": -10688000.0,
        "EBIT": -12459000.0,
        "Net Interest Income": -307000.0,
        "Interest Expense": 376000.0,
        "Interest Income": 69000.0,
        "Normalized Income": -16457400.0,
        "Net Income From Continuing And Discontinued Operation": -13980000.0,
        "Total Expenses": 33873000.0,
        "Total Operating Income As Reported": -16657000.0,
        "Diluted Average Shares": 64915600.0,
        "Basic Average Shares": 64915600.0,
        "Diluted EPS": -0.22,
        "Basic EPS": -0.22,
        "Diluted NI Availto Com Stockholders": -13980000.0,
        "Net Income Common Stockholders": -13980000.0,
        "Net Income": -13980000.0,
        "Net Income Including Noncontrolling Interests": -13980000.0,
        "Net Income Continuous Operations": -13980000.0,
        "Tax Provision": 1145000.0,
        "Pretax Income": -12835000.0,
        "Other Income Expense": 4129000.0,
        "Gain On Sale Of Security": 4129000.0,
        "Net Non Operating Interest Income Expense": -307000.0,
        "Interest Expense Non Operating": 376000.0,
        "Interest Income Non Operating": 69000.0,
        "Operating Income": -16658000.0,
        "Operating Expense": 33873000.0,
        "Other Operating Expenses": -27000.0,
        "Research And Development": 25216000.0,
        "Selling General And Administration": 8684000.0,
        "General And Administrative Expense": 8684000.0,
        "Other Gand A": 3605000.0,
        "Salaries And Wages": 5079000.0,
        "Total Revenue": 17215000.0,
        "Operating Revenue": 17215000.0
    },
    "2022-03-31": {
        "Diluted EPS": 1.52,
        "Total Revenue": 115,
        "Gross Profit": 115,
        "Operating Income": 77,
        "EBIT": 79,
        "Net Income": 96
    },
    "2021-12-31": {
        "Diluted EPS": -0.38,
        "Total Revenue": 18,
        "Gross Profit": 18,
        "Operating Income": -18,
        "EBIT": -16,
        "Net Income": -24
    },
    "2021-09-30": {
        "Diluted EPS": -0.51,
        "Total Revenue": 8,
        "Gross Profit": 8,
        "Operating Income": -27,
        "EBIT": -25,
        "Net Income": -32
    },
    "2021-06-30": {
        "Diluted EPS": -0.46,
        "Total Revenue": 6,
        "Gross Profit": 6,
        "Operating Income": -28,
        "EBIT": -27,
        "Net Income": -29
    },
    "2021-03-31": {
        "Diluted EPS": -0.41,
        "Total Revenue": 9,
        "Gross Profit": 9,
        "Operating Income": -29,
        "EBIT": -27,
        "Net Income": -26
    },
    "2020-12-31": {
        "Diluted EPS": 18.62,
        "Total Revenue": 14,
        "Gross Profit": 14,
        "Operating Income": -22,
        "EBIT": -22,
        "Net Income": 4
    },
    "2020-09-30": {
        "Diluted EPS": -3.3,
        "Total Revenue": 9,
        "Gross Profit": 9,
        "Operating Income": -22,
        "EBIT": -20,
        "Net Income": -207
    },
    "2020-06-30": {
        "Diluted EPS": -19.91,
        "Total Revenue": 8,
        "Gross Profit": 8,
        "Operating Income": -22,
        "EBIT": -22,
        "Net Income": -23
    },
    "2020-03-31": {
        "Diluted EPS": -0.18,
        "Total Revenue": NaN,
        "Gross Profit": NaN,
        "Operating Income": -4,
        "EBIT": -4,
        "Net Income": -3
    },
    "2019-12-31": {
        "Diluted EPS": -1.07,
        "Total Revenue": NaN,
        "Gross Profit": NaN,
        "Operating Income": -51,
        "EBIT": -51,
        "Net Income": -34
    },
    "2019-09-30": {
        "Diluted EPS": 0.03,
        "Total Revenue": NaN,
        "Gross Profit": NaN,
        "Operating Income": 0,
        "EBIT": 0,
        "Net Income": 1
    },
    "2019-06-30": {
        "Diluted EPS": 0.05,
        "Total Revenue": NaN,
        "Gross Profit": NaN,
        "Operating Income": 0,
        "EBIT": 0,
        "Net Income": 1
    },
    "2019-03-31": {
        "Diluted EPS": 0.04,
        "Total Revenue": NaN,
        "Gross Profit": NaN,
        "Operating Income": 0,
        "EBIT": 0,
        "Net Income": 1
    },
    "2018-12-31": {
        "Diluted EPS": 0.0,
        "Total Revenue": NaN,
        "Gross Profit": NaN,
        "Operating Income": NaN,
        "EBIT": NaN,
        "Net Income": NaN
    },
    "2018-09-30": {
        "Diluted EPS": 0.0,
        "Total Revenue": NaN,
        "Gross Profit": NaN,
        "Operating Income": 0,
        "EBIT": 0,
        "Net Income": 0
    },
    "2018-06-30": {
        "Diluted EPS": 0.0,
        "Total Revenue": NaN,
        "Gross Profit": NaN,
        "Operating Income": NaN,
        "EBIT": NaN,
        "Net Income": NaN
    },
    "2023-06-30": {
        "Tax Effect Of Unusual Items": 0.0,
        "Tax Rate For Calcs": 0.0,
        "Normalized EBITDA": -9716000.0,
        "Total Unusual Items": -12833000.0,
        "Total Unusual Items Excluding Goodwill": -12833000.0,
        "Net Income From Continuing Operation Net Minority Interest": -24610000.0,
        "Reconciled Depreciation": 1855000.0,
        "EBITDA": -22549000.0,
        "EBIT": -24404000.0,
        "Net Interest Income": 2538000.0,
        "Interest Expense": 206000.0,
        "Interest Income": 2744000.0,
        "Normalized Income": -11777000.0,
        "Net Income From Continuing And Discontinued Operation": -24610000.0,
        "Total Expenses": 36669000.0,
        "Total Operating Income As Reported": -14315000.0,
        "Diluted NI Availto Com Stockholders": -24610000.0,
        "Net Income Common Stockholders": -24610000.0,
        "Net Income": -24610000.0,
        "Net Income Including Noncontrolling Interests": -24610000.0,
        "Net Income Continuous Operations": -24610000.0,
        "Tax Provision": 0.0,
        "Pretax Income": -24610000.0,
        "Other Income Expense": -12833000.0,
        "Gain On Sale Of Security": -12833000.0,
        "Net Non Operating Interest Income Expense": 2538000.0,
        "Interest Expense Non Operating": 206000.0,
        "Interest Income Non Operating": 2744000.0,
        "Operating Income": -14315000.0,
        "Operating Expense": 36669000.0,
        "Other Operating Expenses": -6000.0,
        "Research And Development": 27317000.0,
        "Selling General And Administration": 9358000.0,
        "General And Administrative Expense": 9358000.0,
        "Other Gand A": 4236000.0,
        "Salaries And Wages": 5122000.0,
        "Total Revenue": 22354000.0,
        "Operating Revenue": 22354000.0
    },
    "2023-09-30": {
        "Tax Effect Of Unusual Items": 0.0,
        "Tax Rate For Calcs": 0.0,
        "Normalized EBITDA": -27506000.0,
        "Total Unusual Items": 3001000.0,
        "Total Unusual Items Excluding Goodwill": 3001000.0,
        "Net Income From Continuing Operation Net Minority Interest": -26489000.0,
        "Reconciled Depreciation": 1766000.0,
        "EBITDA": -24505000.0,
        "EBIT": -26271000.0,
        "Net Interest Income": 3776000.0,
        "Interest Expense": 218000.0,
        "Interest Income": 3994000.0,
        "Normalized Income": -29490000.0,
        "Net Income From Continuing And Discontinued Operation": -26489000.0,
        "Total Expenses": 39193000.0,
        "Total Operating Income As Reported": -33267000.0,
        "Diluted NI Availto Com Stockholders": -26489000.0,
        "Net Income Common Stockholders": -26489000.0,
        "Net Income": -26489000.0,
        "Net Income Including Noncontrolling Interests": -26489000.0,
        "Net Income Continuous Operations": -26489000.0,
        "Tax Provision": 0.0,
        "Pretax Income": -26489000.0,
        "Other Income Expense": 3001000.0,
        "Gain On Sale Of Security": 3001000.0,
        "Net Non Operating Interest Income Expense": 3776000.0,
        "Interest Expense Non Operating": 218000.0,
        "Interest Income Non Operating": 3994000.0,
        "Operating Income": -33267000.0,
        "Operating Expense": 39193000.0,
        "Other Operating Expenses": -186000.0,
        "Research And Development": 30498000.0,
        "Selling General And Administration": 8881000.0,
        "General And Administrative Expense": 8881000.0,
        "Other Gand A": 3915000.0,
        "Salaries And Wages": 4966000.0,
        "Total Revenue": 5926000.0,
        "Operating Revenue": 5926000.0
    }
}