{
    "2023-03-31": {
        "Tax Effect Of Unusual Items": 0.0,
        "Tax Rate For Calcs": 0.0,
        "Normalized EBITDA": -27251000.0,
        "Net Income From Continuing Operation Net Minority Interest": -25272000.0,
        "Reconciled Depreciation": 32000.0,
        "EBIT": -27251000.0,
        "Net Interest Income": 800000.0,
        "Interest Income": 800000.0,
        "Normalized Income": -25272000.0,
        "Net Income From Continuing And Discontinued Operation": -25272000.0,
        "Total Expenses": 27251000.0,
        "Total Operating Income As Reported": -27251000.0,
        "Diluted Average Shares": 43664783.0,
        "Basic Average Shares": 43664783.0,
        "Diluted EPS": -0.58,
        "Basic EPS": -0.58,
        "Diluted NI Availto Com Stockholders": -25272000.0,
        "Net Income Common Stockholders": -25272000.0,
        "Net Income": -25272000.0,
        "Net Income Including Noncontrolling Interests": -25272000.0,
        "Net Income Continuous Operations": -25272000.0,
        "Pretax Income": -25272000.0,
        "Other Income Expense": 1179000.0,
        "Other Non Operating Income Expenses": 1179000.0,
        "Net Non Operating Interest Income Expense": 800000.0,
        "Interest Income Non Operating": 800000.0,
        "Operating Income": -27251000.0,
        "Operating Expense": 27251000.0,
        "Research And Development": 22963000.0,
        "Selling General And Administration": 4288000.0,
        "General And Administrative Expense": NaN,
        "Other Gand A": NaN,
        "Total Revenue": 0.0,
        "Operating Revenue": 0.0,
        "Gross Profit": NaN
    },
    "2022-12-31": {
        "Tax Effect Of Unusual Items": 0.0,
        "Tax Rate For Calcs": 0.0,
        "Normalized EBITDA": -24338000.0,
        "Net Income From Continuing Operation Net Minority Interest": -56474000.0,
        "Reconciled Depreciation": 19000.0,
        "EBIT": -24357000.0,
        "Net Interest Income": 698000.0,
        "Interest Income": 698000.0,
        "Normalized Income": -56474000.0,
        "Net Income From Continuing And Discontinued Operation": -56474000.0,
        "Total Expenses": 24357000.0,
        "Total Operating Income As Reported": -57327000.0,
        "Diluted Average Shares": NaN,
        "Basic Average Shares": NaN,
        "Diluted EPS": NaN,
        "Basic EPS": NaN,
        "Diluted NI Availto Com Stockholders": -56474000.0,
        "Net Income Common Stockholders": -56474000.0,
        "Net Income": -56474000.0,
        "Net Income Including Noncontrolling Interests": -56474000.0,
        "Net Income Continuous Operations": -56474000.0,
        "Pretax Income": -56474000.0,
        "Other Income Expense": -32815000.0,
        "Other Non Operating Income Expenses": 155000.0,
        "Net Non Operating Interest Income Expense": 698000.0,
        "Interest Income Non Operating": 698000.0,
        "Operating Income": -24357000.0,
        "Operating Expense": 24357000.0,
        "Research And Development": 20735000.0,
        "Selling General And Administration": 3622000.0,
        "General And Administrative Expense": 3622000.0,
        "Other Gand A": 3622000.0,
        "Total Revenue": 0.0,
        "Operating Revenue": 0.0,
        "Gross Profit": NaN
    },
    "2022-09-30": {
        "Tax Effect Of Unusual Items": 0.0,
        "Tax Rate For Calcs": 0.0,
        "Normalized EBITDA": -20099000.0,
        "Net Income From Continuing Operation Net Minority Interest": -21224000.0,
        "Reconciled Depreciation": 17000.0,
        "EBIT": -20116000.0,
        "Net Interest Income": 230000.0,
        "Interest Income": 230000.0,
        "Normalized Income": -21224000.0,
        "Net Income From Continuing And Discontinued Operation": -21224000.0,
        "Total Expenses": 20116000.0,
        "Total Operating Income As Reported": -20116000.0,
        "Diluted Average Shares": 30564995.0,
        "Basic Average Shares": 30564995.0,
        "Diluted EPS": -0.69,
        "Basic EPS": -0.69,
        "Diluted NI Availto Com Stockholders": -21224000.0,
        "Net Income Common Stockholders": -21224000.0,
        "Net Income": -21224000.0,
        "Net Income Including Noncontrolling Interests": -21224000.0,
        "Net Income Continuous Operations": -21224000.0,
        "Pretax Income": -21224000.0,
        "Other Income Expense": -1338000.0,
        "Other Non Operating Income Expenses": -1338000.0,
        "Net Non Operating Interest Income Expense": 230000.0,
        "Interest Income Non Operating": 230000.0,
        "Operating Income": -20116000.0,
        "Operating Expense": 20116000.0,
        "Research And Development": 16537000.0,
        "Selling General And Administration": 3579000.0,
        "General And Administrative Expense": 3579000.0,
        "Other Gand A": 3579000.0,
        "Total Revenue": 0.0,
        "Operating Revenue": 0.0,
        "Gross Profit": NaN
    },
    "2022-06-30": {
        "Tax Effect Of Unusual Items": 0.0,
        "Tax Rate For Calcs": 0.0,
        "Normalized EBITDA": -20610000.0,
        "Net Income From Continuing Operation Net Minority Interest": -21901000.0,
        "Reconciled Depreciation": 20000.0,
        "EBIT": -20610000.0,
        "Net Interest Income": 106000.0,
        "Interest Income": 106000.0,
        "Normalized Income": -21901000.0,
        "Net Income From Continuing And Discontinued Operation": -21901000.0,
        "Total Expenses": 20610000.0,
        "Total Operating Income As Reported": -20610000.0,
        "Diluted Average Shares": 30248767.0,
        "Basic Average Shares": 30248767.0,
        "Diluted EPS": -0.72,
        "Basic EPS": -0.72,
        "Diluted NI Availto Com Stockholders": -21901000.0,
        "Net Income Common Stockholders": -21901000.0,
        "Net Income": -21901000.0,
        "Net Income Including Noncontrolling Interests": -21901000.0,
        "Net Income Continuous Operations": -21901000.0,
        "Pretax Income": -21901000.0,
        "Other Income Expense": -1397000.0,
        "Other Non Operating Income Expenses": -1397000.0,
        "Net Non Operating Interest Income Expense": 106000.0,
        "Interest Income Non Operating": 106000.0,
        "Operating Income": -20610000.0,
        "Operating Expense": 20610000.0,
        "Research And Development": 16538000.0,
        "Selling General And Administration": 4072000.0,
        "General And Administrative Expense": 4072000.0,
        "Other Gand A": 4072000.0,
        "Total Revenue": 0.0,
        "Operating Revenue": 0.0,
        "Gross Profit": NaN
    },
    "2022-03-31": {
        "Diluted EPS": -0.74,
        "Total Revenue": NaN,
        "Gross Profit": NaN,
        "Operating Income": -21,
        "EBIT": -21,
        "Net Income": -21
    },
    "2021-12-31": {
        "Diluted EPS": -0.72,
        "Total Revenue": NaN,
        "Gross Profit": NaN,
        "Operating Income": -22,
        "EBIT": -22,
        "Net Income": -21
    },
    "2021-09-30": {
        "Diluted EPS": -0.76,
        "Total Revenue": NaN,
        "Gross Profit": NaN,
        "Operating Income": -18,
        "EBIT": -18,
        "Net Income": -19
    },
    "2021-06-30": {
        "Diluted EPS": -0.82,
        "Total Revenue": NaN,
        "Gross Profit": NaN,
        "Operating Income": -19,
        "EBIT": -19,
        "Net Income": -18
    },
    "2021-03-31": {
        "Diluted EPS": -1.63,
        "Total Revenue": NaN,
        "Gross Profit": NaN,
        "Operating Income": -32,
        "EBIT": -32,
        "Net Income": -35
    },
    "2020-12-31": {
        "Diluted EPS": -0.42,
        "Total Revenue": NaN,
        "Gross Profit": NaN,
        "Operating Income": -14,
        "EBIT": -14,
        "Net Income": -11
    },
    "2020-09-30": {
        "Diluted EPS": -0.7,
        "Total Revenue": NaN,
        "Gross Profit": NaN,
        "Operating Income": -14,
        "EBIT": -14,
        "Net Income": -13
    },
    "2020-06-30": {
        "Diluted EPS": -0.9,
        "Total Revenue": NaN,
        "Gross Profit": NaN,
        "Operating Income": -12,
        "EBIT": -12,
        "Net Income": -11
    },
    "2020-03-31": {
        "Diluted EPS": -0.79,
        "Total Revenue": NaN,
        "Gross Profit": NaN,
        "Operating Income": -9,
        "EBIT": -9,
        "Net Income": -8
    },
    "2019-12-31": {
        "Diluted EPS": 2.91,
        "Total Revenue": NaN,
        "Gross Profit": NaN,
        "Operating Income": -8,
        "EBIT": -8,
        "Net Income": -8
    },
    "2019-09-30": {
        "Diluted EPS": -0.82,
        "Total Revenue": NaN,
        "Gross Profit": NaN,
        "Operating Income": -9,
        "EBIT": -9,
        "Net Income": -8
    },
    "2019-06-30": {
        "Diluted EPS": -1.52,
        "Total Revenue": NaN,
        "Gross Profit": NaN,
        "Operating Income": -15,
        "EBIT": -15,
        "Net Income": -15
    },
    "2019-03-31": {
        "Diluted EPS": -5.09,
        "Total Revenue": NaN,
        "Gross Profit": NaN,
        "Operating Income": -5,
        "EBIT": -5,
        "Net Income": -4
    },
    "2018-12-31": {
        "Diluted EPS": 5.24,
        "Total Revenue": NaN,
        "Gross Profit": NaN,
        "Operating Income": 7,
        "EBIT": 7,
        "Net Income": 7
    },
    "2018-09-30": {
        "Diluted EPS": -2.12,
        "Total Revenue": NaN,
        "Gross Profit": NaN,
        "Operating Income": -2,
        "EBIT": -2,
        "Net Income": -2
    },
    "2018-06-30": {
        "Diluted EPS": -3.15,
        "Total Revenue": NaN,
        "Gross Profit": NaN,
        "Operating Income": -3,
        "EBIT": -3,
        "Net Income": -3
    },
    "2018-03-31": {
        "Diluted EPS": -13.6,
        "Total Revenue": NaN,
        "Gross Profit": NaN,
        "Operating Income": -14,
        "EBIT": -14,
        "Net Income": -14
    },
    "2017-12-31": {
        "Diluted EPS": -13.2,
        "Total Revenue": NaN,
        "Gross Profit": NaN,
        "Operating Income": -15,
        "EBIT": -15,
        "Net Income": -15
    },
    "2017-09-30": {
        "Diluted EPS": -12.0,
        "Total Revenue": NaN,
        "Gross Profit": NaN,
        "Operating Income": -13,
        "EBIT": -12,
        "Net Income": -12
    },
    "2017-06-30": {
        "Diluted EPS": -11.6,
        "Total Revenue": NaN,
        "Gross Profit": NaN,
        "Operating Income": -13,
        "EBIT": -12,
        "Net Income": -12
    },
    "2017-03-31": {
        "Diluted EPS": -15.6,
        "Total Revenue": NaN,
        "Gross Profit": NaN,
        "Operating Income": -13,
        "EBIT": -12,
        "Net Income": -13
    },
    "2016-12-31": {
        "Diluted EPS": -15.2,
        "Total Revenue": NaN,
        "Gross Profit": NaN,
        "Operating Income": -12,
        "EBIT": -11,
        "Net Income": -12
    },
    "2016-09-30": {
        "Diluted EPS": -12.8,
        "Total Revenue": NaN,
        "Gross Profit": NaN,
        "Operating Income": -10,
        "EBIT": -10,
        "Net Income": -10
    },
    "2016-06-30": {
        "Diluted EPS": -12.0,
        "Total Revenue": NaN,
        "Gross Profit": NaN,
        "Operating Income": -10,
        "EBIT": -9,
        "Net Income": -9
    },
    "2016-03-31": {
        "Diluted EPS": -12.4,
        "Total Revenue": NaN,
        "Gross Profit": NaN,
        "Operating Income": -10,
        "EBIT": -9,
        "Net Income": -10
    },
    "2015-12-31": {
        "Diluted EPS": -12.4,
        "Total Revenue": NaN,
        "Gross Profit": NaN,
        "Operating Income": -10,
        "EBIT": -10,
        "Net Income": -10
    },
    "2015-09-30": {
        "Diluted EPS": -20.4,
        "Total Revenue": NaN,
        "Gross Profit": NaN,
        "Operating Income": -12,
        "EBIT": -12,
        "Net Income": -12
    },
    "2015-06-30": {
        "Diluted EPS": -25.2,
        "Total Revenue": NaN,
        "Gross Profit": NaN,
        "Operating Income": -15,
        "EBIT": -15,
        "Net Income": -15
    },
    "2015-03-31": {
        "Diluted EPS": -24.8,
        "Total Revenue": NaN,
        "Gross Profit": NaN,
        "Operating Income": -15,
        "EBIT": -15,
        "Net Income": -15
    },
    "2014-12-31": {
        "Diluted EPS": 898.0,
        "Total Revenue": NaN,
        "Gross Profit": NaN,
        "Operating Income": -14,
        "EBIT": -14,
        "Net Income": -14
    },
    "2014-09-30": {
        "Diluted EPS": -23.6,
        "Total Revenue": NaN,
        "Gross Profit": NaN,
        "Operating Income": -13,
        "EBIT": -13,
        "Net Income": -13
    },
    "2014-06-30": {
        "Diluted EPS": -36.4,
        "Total Revenue": NaN,
        "Gross Profit": NaN,
        "Operating Income": -12,
        "EBIT": -11,
        "Net Income": -16
    },
    "2014-03-31": {
        "Diluted EPS": -979.6,
        "Total Revenue": NaN,
        "Gross Profit": NaN,
        "Operating Income": -12,
        "EBIT": -12,
        "Net Income": -14
    },
    "2013-12-31": {
        "Diluted EPS": -891.2,
        "Total Revenue": NaN,
        "Gross Profit": NaN,
        "Operating Income": -10,
        "EBIT": -10,
        "Net Income": -10
    },
    "2013-09-30": {
        "Diluted EPS": -652.4,
        "Total Revenue": NaN,
        "Gross Profit": NaN,
        "Operating Income": -9,
        "EBIT": -9,
        "Net Income": -9
    },
    "2013-06-30": {
        "Diluted EPS": -573.2,
        "Total Revenue": NaN,
        "Gross Profit": NaN,
        "Operating Income": -7,
        "EBIT": -7,
        "Net Income": -7
    },
    "2013-03-31": {
        "Diluted EPS": -884.4,
        "Total Revenue": NaN,
        "Gross Profit": NaN,
        "Operating Income": -5,
        "EBIT": -5,
        "Net Income": -10
    },
    "2012-12-31": {
        "Diluted EPS": 0.0,
        "Total Revenue": NaN,
        "Gross Profit": NaN,
        "Operating Income": NaN,
        "EBIT": NaN,
        "Net Income": NaN
    }
}