{
    "2023-03-31": {
        "Tax Effect Of Unusual Items": 0.0,
        "Tax Rate For Calcs": 0.016401,
        "Normalized EBITDA": -64205000.0,
        "Total Unusual Items": 0.0,
        "Total Unusual Items Excluding Goodwill": 0.0,
        "Net Income From Continuing Operation Net Minority Interest": -59432000.0,
        "Reconciled Depreciation": 54000.0,
        "EBITDA": -64205000.0,
        "EBIT": -64259000.0,
        "Net Interest Income": 3480000.0,
        "Interest Income": 3480000.0,
        "Normalized Income": -59432000.0,
        "Net Income From Continuing And Discontinued Operation": -59432000.0,
        "Total Expenses": 64259000.0,
        "Diluted Average Shares": 129632592.0,
        "Basic Average Shares": 129632592.0,
        "Diluted EPS": -0.46,
        "Basic EPS": -0.46,
        "Diluted NI Availto Com Stockholders": -59432000.0,
        "Net Income Common Stockholders": -59432000.0,
        "Net Income": -59432000.0,
        "Net Income Including Noncontrolling Interests": -59432000.0,
        "Net Income Continuous Operations": -59432000.0,
        "Tax Provision": -991000.0,
        "Pretax Income": -60423000.0,
        "Other Income Expense": 356000.0,
        "Other Non Operating Income Expenses": 356000.0,
        "Special Income Charges": 0.0,
        "Other Special Charges": 0.0,
        "Net Non Operating Interest Income Expense": 3480000.0,
        "Interest Income Non Operating": 3480000.0,
        "Operating Income": -64259000.0,
        "Operating Expense": 64259000.0,
        "Research And Development": 51837000.0,
        "Selling General And Administration": 12422000.0,
        "General And Administrative Expense": 12422000.0,
        "Other Gand A": 12422000.0,
        "Total Revenue": 0.0,
        "Operating Revenue": 0.0
    },
    "2022-12-31": {
        "Tax Effect Of Unusual Items": NaN,
        "Tax Rate For Calcs": NaN,
        "Normalized EBITDA": NaN,
        "Total Unusual Items": NaN,
        "Total Unusual Items Excluding Goodwill": NaN,
        "Net Income From Continuing Operation Net Minority Interest": NaN,
        "Reconciled Depreciation": NaN,
        "EBITDA": NaN,
        "EBIT": NaN,
        "Net Interest Income": NaN,
        "Interest Income": NaN,
        "Normalized Income": NaN,
        "Net Income From Continuing And Discontinued Operation": NaN,
        "Total Expenses": NaN,
        "Diluted Average Shares": 128574190.0,
        "Basic Average Shares": 128574190.0,
        "Diluted EPS": -0.49,
        "Basic EPS": -0.49,
        "Diluted NI Availto Com Stockholders": NaN,
        "Net Income Common Stockholders": NaN,
        "Net Income": NaN,
        "Net Income Including Noncontrolling Interests": NaN,
        "Net Income Continuous Operations": NaN,
        "Tax Provision": NaN,
        "Pretax Income": NaN,
        "Other Income Expense": NaN,
        "Other Non Operating Income Expenses": NaN,
        "Special Income Charges": NaN,
        "Other Special Charges": 10000000.0,
        "Net Non Operating Interest Income Expense": NaN,
        "Interest Income Non Operating": NaN,
        "Operating Income": NaN,
        "Operating Expense": NaN,
        "Research And Development": NaN,
        "Selling General And Administration": NaN,
        "General And Administrative Expense": NaN,
        "Other Gand A": NaN,
        "Total Revenue": NaN,
        "Operating Revenue": NaN
    },
    "2022-09-30": {
        "Tax Effect Of Unusual Items": 0.0,
        "Tax Rate For Calcs": 0.4,
        "Normalized EBITDA": -49568000.0,
        "Total Unusual Items": NaN,
        "Total Unusual Items Excluding Goodwill": NaN,
        "Net Income From Continuing Operation Net Minority Interest": -47928000.0,
        "Reconciled Depreciation": 46000.0,
        "EBITDA": -49568000.0,
        "EBIT": -49614000.0,
        "Net Interest Income": 1154000.0,
        "Interest Income": 1154000.0,
        "Normalized Income": -47928000.0,
        "Net Income From Continuing And Discontinued Operation": -47928000.0,
        "Total Expenses": 49614000.0,
        "Diluted Average Shares": 116572820.0,
        "Basic Average Shares": 116572820.0,
        "Diluted EPS": -0.41,
        "Basic EPS": -0.41,
        "Diluted NI Availto Com Stockholders": -47928000.0,
        "Net Income Common Stockholders": -47928000.0,
        "Net Income": -47928000.0,
        "Net Income Including Noncontrolling Interests": -47928000.0,
        "Net Income Continuous Operations": -47928000.0,
        "Tax Provision": 261000.0,
        "Pretax Income": -47667000.0,
        "Other Income Expense": 793000.0,
        "Other Non Operating Income Expenses": 793000.0,
        "Special Income Charges": NaN,
        "Other Special Charges": NaN,
        "Net Non Operating Interest Income Expense": 1154000.0,
        "Interest Income Non Operating": 1154000.0,
        "Operating Income": -49614000.0,
        "Operating Expense": 49614000.0,
        "Research And Development": 37739000.0,
        "Selling General And Administration": 11875000.0,
        "General And Administrative Expense": 11875000.0,
        "Other Gand A": 11875000.0,
        "Total Revenue": 0.0,
        "Operating Revenue": 0.0
    },
    "2022-06-30": {
        "Tax Effect Of Unusual Items": 0.0,
        "Tax Rate For Calcs": 0.0088,
        "Normalized EBITDA": -40331000.0,
        "Total Unusual Items": NaN,
        "Total Unusual Items Excluding Goodwill": NaN,
        "Net Income From Continuing Operation Net Minority Interest": -40373000.0,
        "Reconciled Depreciation": 44000.0,
        "EBITDA": -40331000.0,
        "EBIT": -40375000.0,
        "Net Interest Income": NaN,
        "Interest Income": NaN,
        "Normalized Income": -40373000.0,
        "Net Income From Continuing And Discontinued Operation": -40373000.0,
        "Total Expenses": 40375000.0,
        "Diluted Average Shares": 116557508.0,
        "Basic Average Shares": 116557508.0,
        "Diluted EPS": -0.35,
        "Basic EPS": -0.35,
        "Diluted NI Availto Com Stockholders": -40373000.0,
        "Net Income Common Stockholders": -40373000.0,
        "Net Income": -40373000.0,
        "Net Income Including Noncontrolling Interests": -40373000.0,
        "Net Income Continuous Operations": -40373000.0,
        "Tax Provision": 352000.0,
        "Pretax Income": -40021000.0,
        "Other Income Expense": 354000.0,
        "Other Non Operating Income Expenses": 354000.0,
        "Special Income Charges": NaN,
        "Other Special Charges": NaN,
        "Net Non Operating Interest Income Expense": NaN,
        "Interest Income Non Operating": NaN,
        "Operating Income": -40375000.0,
        "Operating Expense": 40375000.0,
        "Research And Development": 28429000.0,
        "Selling General And Administration": 11946000.0,
        "General And Administrative Expense": 11946000.0,
        "Other Gand A": 11946000.0,
        "Total Revenue": 0.0,
        "Operating Revenue": 0.0
    },
    "2022-03-31": {
        "Diluted EPS": -0.41,
        "Total Revenue": NaN,
        "Gross Profit": NaN,
        "Operating Income": -47,
        "EBIT": -47,
        "Net Income": -47
    },
    "2021-12-31": {
        "Diluted EPS": -0.36,
        "Total Revenue": NaN,
        "Gross Profit": NaN,
        "Operating Income": -41,
        "EBIT": -41,
        "Net Income": -41
    },
    "2021-09-30": {
        "Diluted EPS": -0.35,
        "Total Revenue": NaN,
        "Gross Profit": NaN,
        "Operating Income": -38,
        "EBIT": -38,
        "Net Income": -38
    },
    "2021-06-30": {
        "Diluted EPS": -0.31,
        "Total Revenue": NaN,
        "Gross Profit": NaN,
        "Operating Income": -30,
        "EBIT": -30,
        "Net Income": -30
    },
    "2021-03-31": {
        "Diluted EPS": -0.27,
        "Total Revenue": NaN,
        "Gross Profit": NaN,
        "Operating Income": -29,
        "EBIT": -29,
        "Net Income": -28
    },
    "2020-12-31": {
        "Diluted EPS": -0.32,
        "Total Revenue": NaN,
        "Gross Profit": NaN,
        "Operating Income": -32,
        "EBIT": -32,
        "Net Income": -32
    },
    "2020-09-30": {
        "Diluted EPS": -0.25,
        "Total Revenue": NaN,
        "Gross Profit": NaN,
        "Operating Income": -21,
        "EBIT": -21,
        "Net Income": -21
    },
    "2020-06-30": {
        "Diluted EPS": -0.38,
        "Total Revenue": NaN,
        "Gross Profit": NaN,
        "Operating Income": -27,
        "EBIT": -27,
        "Net Income": -27
    },
    "2020-03-31": {
        "Diluted EPS": -0.36,
        "Total Revenue": NaN,
        "Gross Profit": NaN,
        "Operating Income": -20,
        "EBIT": -20,
        "Net Income": -21
    },
    "2019-12-31": {
        "Diluted EPS": -0.28,
        "Total Revenue": NaN,
        "Gross Profit": NaN,
        "Operating Income": -11,
        "EBIT": -11,
        "Net Income": -11
    },
    "2019-09-30": {
        "Diluted EPS": -0.38,
        "Total Revenue": NaN,
        "Gross Profit": NaN,
        "Operating Income": -14,
        "EBIT": -14,
        "Net Income": -14
    },
    "2019-06-30": {
        "Diluted EPS": -0.52,
        "Total Revenue": NaN,
        "Gross Profit": NaN,
        "Operating Income": -20,
        "EBIT": -20,
        "Net Income": -20
    },
    "2019-03-31": {
        "Diluted EPS": 0.0,
        "Total Revenue": NaN,
        "Gross Profit": NaN,
        "Operating Income": NaN,
        "EBIT": NaN,
        "Net Income": 0
    },
    "2018-12-31": {
        "Diluted EPS": -0.24,
        "Total Revenue": NaN,
        "Gross Profit": NaN,
        "Operating Income": -9,
        "EBIT": -9,
        "Net Income": -9
    },
    "2023-06-30": {
        "Tax Effect Of Unusual Items": -1250.0,
        "Tax Rate For Calcs": 0.0001,
        "Normalized EBITDA": -53424000.0,
        "Total Unusual Items": -12500000.0,
        "Total Unusual Items Excluding Goodwill": -12500000.0,
        "Net Income From Continuing Operation Net Minority Interest": -73937000.0,
        "Reconciled Depreciation": 53000.0,
        "EBITDA": -65924000.0,
        "EBIT": -65977000.0,
        "Net Interest Income": 4065000.0,
        "Interest Income": 4065000.0,
        "Normalized Income": -61438250.0,
        "Net Income From Continuing And Discontinued Operation": -73937000.0,
        "Total Expenses": 65977000.0,
        "Diluted Average Shares": 130503264.0,
        "Basic Average Shares": 130503264.0,
        "Diluted EPS": -0.57,
        "Basic EPS": -0.57,
        "Diluted NI Availto Com Stockholders": -73937000.0,
        "Net Income Common Stockholders": -73937000.0,
        "Net Income": -73937000.0,
        "Net Income Including Noncontrolling Interests": -73937000.0,
        "Net Income Continuous Operations": -73937000.0,
        "Tax Provision": -11000.0,
        "Pretax Income": -73948000.0,
        "Other Income Expense": -12036000.0,
        "Other Non Operating Income Expenses": 464000.0,
        "Special Income Charges": -12500000.0,
        "Other Special Charges": 12500000.0,
        "Net Non Operating Interest Income Expense": 4065000.0,
        "Interest Income Non Operating": 4065000.0,
        "Operating Income": -65977000.0,
        "Operating Expense": 65977000.0,
        "Research And Development": 50575000.0,
        "Selling General And Administration": 15402000.0,
        "General And Administrative Expense": 15402000.0,
        "Other Gand A": 15402000.0,
        "Total Revenue": 0.0,
        "Operating Revenue": 0.0
    },
    "2023-09-30": {
        "Tax Effect Of Unusual Items": 0.0,
        "Tax Rate For Calcs": 0.21,
        "Normalized EBITDA": -61744000.0,
        "Total Unusual Items": 0.0,
        "Total Unusual Items Excluding Goodwill": 0.0,
        "Net Income From Continuing Operation Net Minority Interest": -58662000.0,
        "Reconciled Depreciation": 56000.0,
        "EBITDA": -61744000.0,
        "EBIT": -61800000.0,
        "Net Interest Income": 3572000.0,
        "Interest Income": 3572000.0,
        "Normalized Income": -58662000.0,
        "Net Income From Continuing And Discontinued Operation": -58662000.0,
        "Total Expenses": 61800000.0,
        "Diluted Average Shares": 131155642.0,
        "Basic Average Shares": 131155642.0,
        "Diluted EPS": -0.45,
        "Basic EPS": -0.45,
        "Diluted NI Availto Com Stockholders": -58662000.0,
        "Net Income Common Stockholders": -58662000.0,
        "Net Income": -58662000.0,
        "Net Income Including Noncontrolling Interests": -58662000.0,
        "Net Income Continuous Operations": -58662000.0,
        "Tax Provision": 454000.0,
        "Pretax Income": -58208000.0,
        "Other Income Expense": 20000.0,
        "Other Non Operating Income Expenses": 20000.0,
        "Special Income Charges": 0.0,
        "Other Special Charges": NaN,
        "Net Non Operating Interest Income Expense": 3572000.0,
        "Interest Income Non Operating": 3572000.0,
        "Operating Income": -61800000.0,
        "Operating Expense": 61800000.0,
        "Research And Development": 47959000.0,
        "Selling General And Administration": 13841000.0,
        "General And Administrative Expense": 13841000.0,
        "Other Gand A": 13841000.0,
        "Total Revenue": 0.0,
        "Operating Revenue": 0.0
    },
    "2023-12-31": {
        "Tax Effect Of Unusual Items": 0.0,
        "Tax Rate For Calcs": 0.0021,
        "Normalized EBITDA": -61495000.0,
        "Total Unusual Items": 0.0,
        "Total Unusual Items Excluding Goodwill": 0.0,
        "Net Income From Continuing Operation Net Minority Interest": -51418000.0,
        "Reconciled Depreciation": 58000.0,
        "EBITDA": -61495000.0,
        "EBIT": -61553000.0,
        "Net Interest Income": 8933000.0,
        "Interest Income": 8933000.0,
        "Normalized Income": -51418000.0,
        "Net Income From Continuing And Discontinued Operation": -51418000.0,
        "Total Expenses": 61553000.0,
        "Diluted Average Shares": 144523034.0,
        "Basic Average Shares": 144523034.0,
        "Diluted EPS": -0.36,
        "Basic EPS": -0.36,
        "Diluted NI Availto Com Stockholders": -51418000.0,
        "Net Income Common Stockholders": -51418000.0,
        "Net Income": -51418000.0,
        "Net Income Including Noncontrolling Interests": -51418000.0,
        "Net Income Continuous Operations": -51418000.0,
        "Tax Provision": -108000.0,
        "Pretax Income": -51526000.0,
        "Other Income Expense": 1094000.0,
        "Other Non Operating Income Expenses": 1094000.0,
        "Special Income Charges": 0.0,
        "Other Special Charges": NaN,
        "Net Non Operating Interest Income Expense": 8933000.0,
        "Interest Income Non Operating": 8933000.0,
        "Operating Income": -61553000.0,
        "Operating Expense": 61553000.0,
        "Research And Development": 48338000.0,
        "Selling General And Administration": 13215000.0,
        "General And Administrative Expense": 13215000.0,
        "Other Gand A": 13215000.0,
        "Total Revenue": 0.0,
        "Operating Revenue": 0.0
    },
    "2024-03-31": {
        "Tax Effect Of Unusual Items": 0.0,
        "Tax Rate For Calcs": 0.4,
        "Normalized EBITDA": -80815000.0,
        "Total Unusual Items": 0.0,
        "Total Unusual Items Excluding Goodwill": 0.0,
        "Net Income From Continuing Operation Net Minority Interest": -75319000.0,
        "Reconciled Depreciation": 64000.0,
        "EBITDA": -80815000.0,
        "EBIT": -80879000.0,
        "Net Interest Income": 8379000.0,
        "Interest Income": 8379000.0,
        "Normalized Income": -75319000.0,
        "Net Income From Continuing And Discontinued Operation": -75319000.0,
        "Total Expenses": 80879000.0,
        "Diluted Average Shares": NaN,
        "Basic Average Shares": NaN,
        "Diluted EPS": NaN,
        "Basic EPS": NaN,
        "Diluted NI Availto Com Stockholders": -75319000.0,
        "Net Income Common Stockholders": -75319000.0,
        "Net Income": -75319000.0,
        "Net Income Including Noncontrolling Interests": -75319000.0,
        "Net Income Continuous Operations": -75319000.0,
        "Tax Provision": 232000.0,
        "Pretax Income": -75087000.0,
        "Other Income Expense": -2587000.0,
        "Other Non Operating Income Expenses": -2587000.0,
        "Special Income Charges": 0.0,
        "Other Special Charges": 0.0,
        "Net Non Operating Interest Income Expense": 8379000.0,
        "Interest Income Non Operating": 8379000.0,
        "Operating Income": -80879000.0,
        "Operating Expense": 80879000.0,
        "Research And Development": 66056000.0,
        "Selling General And Administration": 14823000.0,
        "General And Administrative Expense": 14823000.0,
        "Other Gand A": 14823000.0,
        "Total Revenue": 0.0,
        "Operating Revenue": 0.0
    }
}