{
    "2023-03-31": {
        "Tax Effect Of Unusual Items": 0.0,
        "Tax Rate For Calcs": 0.0,
        "Normalized EBITDA": -41058000.0,
        "Net Income From Continuing Operation Net Minority Interest": -48916000.0,
        "Reconciled Depreciation": 295000.0,
        "EBITDA": -41058000.0,
        "EBIT": -41353000.0,
        "Net Interest Income": -5080000.0,
        "Interest Expense": 7563000.0,
        "Interest Income": 2483000.0,
        "Normalized Income": -48916000.0,
        "Net Income From Continuing And Discontinued Operation": -48916000.0,
        "Total Expenses": 43783000.0,
        "Total Operating Income As Reported": -43766000.0,
        "Diluted Average Shares": 43575000.0,
        "Basic Average Shares": 43575000.0,
        "Diluted EPS": -1.12,
        "Basic EPS": -1.12,
        "Diluted NI Availto Com Stockholders": -48916000.0,
        "Net Income Common Stockholders": -48916000.0,
        "Net Income": -48916000.0,
        "Net Income Including Noncontrolling Interests": -48916000.0,
        "Net Income Continuous Operations": -48916000.0,
        "Tax Provision": 0.0,
        "Pretax Income": -48916000.0,
        "Other Income Expense": -70000.0,
        "Other Non Operating Income Expenses": -70000.0,
        "Net Non Operating Interest Income Expense": -5080000.0,
        "Interest Expense Non Operating": 7563000.0,
        "Interest Income Non Operating": 2483000.0,
        "Operating Income": -43766000.0,
        "Operating Expense": 43783000.0,
        "Other Operating Expenses": NaN,
        "Research And Development": 37386000.0,
        "Selling General And Administration": 6397000.0,
        "General And Administrative Expense": 6397000.0,
        "Other Gand A": 6397000.0,
        "Total Revenue": 17000.0,
        "Operating Revenue": 17000.0
    },
    "2022-12-31": {
        "Tax Effect Of Unusual Items": NaN,
        "Tax Rate For Calcs": NaN,
        "Normalized EBITDA": NaN,
        "Net Income From Continuing Operation Net Minority Interest": NaN,
        "Reconciled Depreciation": NaN,
        "EBITDA": NaN,
        "EBIT": NaN,
        "Net Interest Income": NaN,
        "Interest Expense": NaN,
        "Interest Income": NaN,
        "Normalized Income": NaN,
        "Net Income From Continuing And Discontinued Operation": NaN,
        "Total Expenses": NaN,
        "Total Operating Income As Reported": NaN,
        "Diluted Average Shares": 43268000.0,
        "Basic Average Shares": 43268000.0,
        "Diluted EPS": -0.95,
        "Basic EPS": -0.95,
        "Diluted NI Availto Com Stockholders": NaN,
        "Net Income Common Stockholders": NaN,
        "Net Income": NaN,
        "Net Income Including Noncontrolling Interests": NaN,
        "Net Income Continuous Operations": NaN,
        "Tax Provision": NaN,
        "Pretax Income": NaN,
        "Other Income Expense": NaN,
        "Other Non Operating Income Expenses": NaN,
        "Net Non Operating Interest Income Expense": NaN,
        "Interest Expense Non Operating": NaN,
        "Interest Income Non Operating": NaN,
        "Operating Income": NaN,
        "Operating Expense": NaN,
        "Other Operating Expenses": 0.0,
        "Research And Development": NaN,
        "Selling General And Administration": NaN,
        "General And Administrative Expense": NaN,
        "Other Gand A": NaN,
        "Total Revenue": NaN,
        "Operating Revenue": NaN
    },
    "2022-09-30": {
        "Tax Effect Of Unusual Items": 0.0,
        "Tax Rate For Calcs": 0.0,
        "Normalized EBITDA": -30003000.0,
        "Net Income From Continuing Operation Net Minority Interest": -35325000.0,
        "Reconciled Depreciation": 309000.0,
        "EBITDA": -30003000.0,
        "EBIT": -30003000.0,
        "Net Interest Income": -5340000.0,
        "Interest Expense": 5340000.0,
        "Interest Income": NaN,
        "Normalized Income": -35325000.0,
        "Net Income From Continuing And Discontinued Operation": -35325000.0,
        "Total Expenses": 30281000.0,
        "Total Operating Income As Reported": -30003000.0,
        "Diluted Average Shares": 39071000.0,
        "Basic Average Shares": 39071000.0,
        "Diluted EPS": -0.9,
        "Basic EPS": -0.9,
        "Diluted NI Availto Com Stockholders": -35325000.0,
        "Net Income Common Stockholders": -35325000.0,
        "Net Income": -35325000.0,
        "Net Income Including Noncontrolling Interests": -35325000.0,
        "Net Income Continuous Operations": -35325000.0,
        "Tax Provision": 0.0,
        "Pretax Income": -35325000.0,
        "Other Income Expense": -5322000.0,
        "Other Non Operating Income Expenses": -5322000.0,
        "Net Non Operating Interest Income Expense": -5340000.0,
        "Interest Expense Non Operating": 5340000.0,
        "Interest Income Non Operating": NaN,
        "Operating Income": -30003000.0,
        "Operating Expense": 30281000.0,
        "Other Operating Expenses": NaN,
        "Research And Development": 24934000.0,
        "Selling General And Administration": 5347000.0,
        "General And Administrative Expense": 5347000.0,
        "Other Gand A": 5347000.0,
        "Total Revenue": 278000.0,
        "Operating Revenue": 278000.0
    },
    "2022-06-30": {
        "Tax Effect Of Unusual Items": 0.0,
        "Tax Rate For Calcs": 0.4,
        "Normalized EBITDA": -34273000.0,
        "Net Income From Continuing Operation Net Minority Interest": -37732000.0,
        "Reconciled Depreciation": 307000.0,
        "EBITDA": -34273000.0,
        "EBIT": -34580000.0,
        "Net Interest Income": -3148000.0,
        "Interest Expense": 3148000.0,
        "Interest Income": NaN,
        "Normalized Income": -37732000.0,
        "Net Income From Continuing And Discontinued Operation": -37732000.0,
        "Total Expenses": 35308000.0,
        "Total Operating Income As Reported": -34597000.0,
        "Diluted Average Shares": 39040000.0,
        "Basic Average Shares": 39040000.0,
        "Diluted EPS": -0.97,
        "Basic EPS": -0.97,
        "Diluted NI Availto Com Stockholders": -37732000.0,
        "Net Income Common Stockholders": -37732000.0,
        "Net Income": -37732000.0,
        "Net Income Including Noncontrolling Interests": -37732000.0,
        "Net Income Continuous Operations": -37732000.0,
        "Tax Provision": 4000.0,
        "Pretax Income": -37728000.0,
        "Other Income Expense": 17000.0,
        "Other Non Operating Income Expenses": 17000.0,
        "Net Non Operating Interest Income Expense": -3148000.0,
        "Interest Expense Non Operating": 3148000.0,
        "Interest Income Non Operating": NaN,
        "Operating Income": -34597000.0,
        "Operating Expense": 35308000.0,
        "Other Operating Expenses": NaN,
        "Research And Development": 29906000.0,
        "Selling General And Administration": 5402000.0,
        "General And Administrative Expense": 5402000.0,
        "Other Gand A": 5402000.0,
        "Total Revenue": 711000.0,
        "Operating Revenue": 711000.0
    },
    "2022-03-31": {
        "Diluted EPS": -0.8,
        "Total Revenue": 1,
        "Gross Profit": 1,
        "Operating Income": -29,
        "EBIT": -28,
        "Net Income": -31
    },
    "2021-12-31": {
        "Diluted EPS": -0.55,
        "Total Revenue": 3,
        "Gross Profit": 3,
        "Operating Income": -19,
        "EBIT": -19,
        "Net Income": -21
    },
    "2021-09-30": {
        "Diluted EPS": -0.54,
        "Total Revenue": 3,
        "Gross Profit": 3,
        "Operating Income": -19,
        "EBIT": -18,
        "Net Income": -21
    },
    "2021-06-30": {
        "Diluted EPS": -0.55,
        "Total Revenue": 1,
        "Gross Profit": 1,
        "Operating Income": -20,
        "EBIT": -19,
        "Net Income": -21
    },
    "2021-03-31": {
        "Diluted EPS": -0.51,
        "Total Revenue": 1,
        "Gross Profit": 1,
        "Operating Income": -19,
        "EBIT": -18,
        "Net Income": -19
    },
    "2020-12-31": {
        "Diluted EPS": -0.14,
        "Total Revenue": 3,
        "Gross Profit": 3,
        "Operating Income": -17,
        "EBIT": -17,
        "Net Income": -18
    },
    "2020-09-30": {
        "Diluted EPS": -0.77,
        "Total Revenue": 6,
        "Gross Profit": 6,
        "Operating Income": -16,
        "EBIT": -11,
        "Net Income": -20
    },
    "2020-06-30": {
        "Diluted EPS": -0.99,
        "Total Revenue": 3,
        "Gross Profit": 3,
        "Operating Income": -17,
        "EBIT": -13,
        "Net Income": -18
    },
    "2020-03-31": {
        "Diluted EPS": -1.11,
        "Total Revenue": 1,
        "Gross Profit": 1,
        "Operating Income": -18,
        "EBIT": -16,
        "Net Income": -20
    },
    "2019-12-31": {
        "Diluted EPS": 0.0,
        "Total Revenue": NaN,
        "Gross Profit": NaN,
        "Operating Income": NaN,
        "EBIT": NaN,
        "Net Income": NaN
    },
    "2019-09-30": {
        "Diluted EPS": -1.11,
        "Total Revenue": 1,
        "Gross Profit": 1,
        "Operating Income": -13,
        "EBIT": -13,
        "Net Income": -20
    },
    "2023-06-30": {
        "Tax Effect Of Unusual Items": 0.0,
        "Tax Rate For Calcs": 0.21,
        "Normalized EBITDA": -38848000.0,
        "Net Income From Continuing Operation Net Minority Interest": -47052000.0,
        "Reconciled Depreciation": 294000.0,
        "EBITDA": -38848000.0,
        "EBIT": -39142000.0,
        "Net Interest Income": -5491000.0,
        "Interest Expense": 7905000.0,
        "Interest Income": 2414000.0,
        "Normalized Income": -47052000.0,
        "Net Income From Continuing And Discontinued Operation": -47052000.0,
        "Total Expenses": 41369000.0,
        "Total Operating Income As Reported": -41339000.0,
        "Diluted Average Shares": 43642000.0,
        "Basic Average Shares": 43642000.0,
        "Diluted EPS": -1.08,
        "Basic EPS": -1.08,
        "Diluted NI Availto Com Stockholders": -47052000.0,
        "Net Income Common Stockholders": -47052000.0,
        "Net Income": -47052000.0,
        "Net Income Including Noncontrolling Interests": -47052000.0,
        "Net Income Continuous Operations": -47052000.0,
        "Tax Provision": 5000.0,
        "Pretax Income": -47047000.0,
        "Other Income Expense": -217000.0,
        "Other Non Operating Income Expenses": -217000.0,
        "Net Non Operating Interest Income Expense": -5491000.0,
        "Interest Expense Non Operating": 7905000.0,
        "Interest Income Non Operating": 2414000.0,
        "Operating Income": -41339000.0,
        "Operating Expense": 41369000.0,
        "Other Operating Expenses": NaN,
        "Research And Development": 34106000.0,
        "Selling General And Administration": 7263000.0,
        "General And Administrative Expense": 7263000.0,
        "Other Gand A": 7263000.0,
        "Total Revenue": 30000.0,
        "Operating Revenue": 30000.0
    },
    "2023-09-30": {
        "Tax Effect Of Unusual Items": 0.0,
        "Tax Rate For Calcs": 0.21,
        "Normalized EBITDA": -43334000.0,
        "Net Income From Continuing Operation Net Minority Interest": -51789000.0,
        "Reconciled Depreciation": 304000.0,
        "EBITDA": -43334000.0,
        "EBIT": -43638000.0,
        "Net Interest Income": -5825000.0,
        "Interest Expense": 8149000.0,
        "Interest Income": 2324000.0,
        "Normalized Income": -51789000.0,
        "Net Income From Continuing And Discontinued Operation": -51789000.0,
        "Total Expenses": 45946000.0,
        "Total Operating Income As Reported": -45827000.0,
        "Diluted Average Shares": 47151000.0,
        "Basic Average Shares": 47151000.0,
        "Diluted EPS": -1.1,
        "Basic EPS": -1.1,
        "Diluted NI Availto Com Stockholders": -51789000.0,
        "Net Income Common Stockholders": -51789000.0,
        "Net Income": -51789000.0,
        "Net Income Including Noncontrolling Interests": -51789000.0,
        "Net Income Continuous Operations": -51789000.0,
        "Tax Provision": 2000.0,
        "Pretax Income": -51787000.0,
        "Other Income Expense": -135000.0,
        "Other Non Operating Income Expenses": -135000.0,
        "Net Non Operating Interest Income Expense": -5825000.0,
        "Interest Expense Non Operating": 8149000.0,
        "Interest Income Non Operating": 2324000.0,
        "Operating Income": -45827000.0,
        "Operating Expense": 45946000.0,
        "Other Operating Expenses": NaN,
        "Research And Development": 38057000.0,
        "Selling General And Administration": 7889000.0,
        "General And Administrative Expense": 7889000.0,
        "Other Gand A": 7889000.0,
        "Total Revenue": 119000.0,
        "Operating Revenue": 119000.0
    },
    "2023-12-31": {
        "Tax Effect Of Unusual Items": 0.0,
        "Tax Rate For Calcs": 4.3e-05,
        "Normalized EBITDA": -83453000.0,
        "Net Income From Continuing Operation Net Minority Interest": -93604000.0,
        "Reconciled Depreciation": 298000.0,
        "EBITDA": -83453000.0,
        "EBIT": -83751000.0,
        "Net Interest Income": -3527000.0,
        "Interest Expense": 8223000.0,
        "Interest Income": 4696000.0,
        "Normalized Income": -93604000.0,
        "Net Income From Continuing And Discontinued Operation": -93604000.0,
        "Total Expenses": 89923000.0,
        "Total Operating Income As Reported": -88289000.0,
        "Diluted Average Shares": NaN,
        "Basic Average Shares": NaN,
        "Diluted EPS": NaN,
        "Basic EPS": NaN,
        "Diluted NI Availto Com Stockholders": -93604000.0,
        "Net Income Common Stockholders": -93604000.0,
        "Net Income": -93604000.0,
        "Net Income Including Noncontrolling Interests": -93604000.0,
        "Net Income Continuous Operations": -93604000.0,
        "Tax Provision": -4000.0,
        "Pretax Income": -91974000.0,
        "Other Income Expense": -158000.0,
        "Other Non Operating Income Expenses": -158000.0,
        "Net Non Operating Interest Income Expense": -3527000.0,
        "Interest Expense Non Operating": 8223000.0,
        "Interest Income Non Operating": 4696000.0,
        "Operating Income": -88289000.0,
        "Operating Expense": 89923000.0,
        "Other Operating Expenses": NaN,
        "Research And Development": 82091000.0,
        "Selling General And Administration": 7832000.0,
        "General And Administrative Expense": 7832000.0,
        "Other Gand A": 7832000.0,
        "Total Revenue": 1634000.0,
        "Operating Revenue": 1634000.0
    },
    "2024-03-31": {
        "Tax Effect Of Unusual Items": 0.0,
        "Tax Rate For Calcs": 0.0,
        "Normalized EBITDA": -70220000.0,
        "Net Income From Continuing Operation Net Minority Interest": -78710000.0,
        "Reconciled Depreciation": 360000.0,
        "EBITDA": -70220000.0,
        "EBIT": -70580000.0,
        "Net Interest Income": -4826000.0,
        "Interest Expense": 8130000.0,
        "Interest Income": 3304000.0,
        "Normalized Income": -78710000.0,
        "Net Income From Continuing And Discontinued Operation": -78710000.0,
        "Total Expenses": 73825000.0,
        "Total Operating Income As Reported": -73825000.0,
        "Diluted Average Shares": 54554000.0,
        "Basic Average Shares": 54554000.0,
        "Diluted EPS": -1.44,
        "Basic EPS": -1.44,
        "Diluted NI Availto Com Stockholders": -78710000.0,
        "Net Income Common Stockholders": -78710000.0,
        "Net Income": -78710000.0,
        "Net Income Including Noncontrolling Interests": -78710000.0,
        "Net Income Continuous Operations": -78710000.0,
        "Tax Provision": 0.0,
        "Pretax Income": -78710000.0,
        "Other Income Expense": -59000.0,
        "Other Non Operating Income Expenses": -59000.0,
        "Net Non Operating Interest Income Expense": -4826000.0,
        "Interest Expense Non Operating": 8130000.0,
        "Interest Income Non Operating": 3304000.0,
        "Operating Income": -73825000.0,
        "Operating Expense": 73825000.0,
        "Other Operating Expenses": NaN,
        "Research And Development": 63851000.0,
        "Selling General And Administration": 9974000.0,
        "General And Administrative Expense": 9974000.0,
        "Other Gand A": 9974000.0,
        "Total Revenue": 0.0,
        "Operating Revenue": 0.0
    }
}