{
    "2023-03-31": {
        "Tax Effect Of Unusual Items": NaN,
        "Tax Rate For Calcs": NaN,
        "Normalized EBITDA": NaN,
        "Total Unusual Items": NaN,
        "Total Unusual Items Excluding Goodwill": NaN,
        "Net Income From Continuing Operation Net Minority Interest": NaN,
        "Reconciled Depreciation": NaN,
        "Reconciled Cost Of Revenue": NaN,
        "EBITDA": NaN,
        "EBIT": NaN,
        "Net Interest Income": NaN,
        "Interest Expense": NaN,
        "Interest Income": NaN,
        "Normalized Income": NaN,
        "Net Income From Continuing And Discontinued Operation": NaN,
        "Total Expenses": NaN,
        "Total Operating Income As Reported": NaN,
        "Diluted Average Shares": NaN,
        "Basic Average Shares": NaN,
        "Diluted EPS": NaN,
        "Basic EPS": NaN,
        "Diluted NI Availto Com Stockholders": NaN,
        "Net Income Common Stockholders": NaN,
        "Net Income": NaN,
        "Minority Interests": NaN,
        "Net Income Including Noncontrolling Interests": NaN,
        "Net Income Continuous Operations": NaN,
        "Tax Provision": NaN,
        "Pretax Income": NaN,
        "Other Income Expense": NaN,
        "Other Non Operating Income Expenses": NaN,
        "Special Income Charges": NaN,
        "Restructuring And Mergern Acquisition": NaN,
        "Gain On Sale Of Security": -47332000.0,
        "Net Non Operating Interest Income Expense": NaN,
        "Total Other Finance Cost": 26000.0,
        "Interest Expense Non Operating": NaN,
        "Interest Income Non Operating": NaN,
        "Operating Income": NaN,
        "Operating Expense": NaN,
        "Research And Development": NaN,
        "Selling General And Administration": NaN,
        "General And Administrative Expense": NaN,
        "Other Gand A": NaN,
        "Salaries And Wages": NaN,
        "Gross Profit": NaN,
        "Cost Of Revenue": NaN,
        "Total Revenue": NaN,
        "Operating Revenue": NaN
    },
    "2022-12-31": {
        "Tax Effect Of Unusual Items": NaN,
        "Tax Rate For Calcs": NaN,
        "Normalized EBITDA": NaN,
        "Total Unusual Items": NaN,
        "Total Unusual Items Excluding Goodwill": NaN,
        "Net Income From Continuing Operation Net Minority Interest": NaN,
        "Reconciled Depreciation": NaN,
        "Reconciled Cost Of Revenue": NaN,
        "EBITDA": NaN,
        "EBIT": NaN,
        "Net Interest Income": NaN,
        "Interest Expense": NaN,
        "Interest Income": NaN,
        "Normalized Income": NaN,
        "Net Income From Continuing And Discontinued Operation": NaN,
        "Total Expenses": NaN,
        "Total Operating Income As Reported": NaN,
        "Diluted Average Shares": NaN,
        "Basic Average Shares": NaN,
        "Diluted EPS": NaN,
        "Basic EPS": NaN,
        "Diluted NI Availto Com Stockholders": NaN,
        "Net Income Common Stockholders": NaN,
        "Net Income": NaN,
        "Minority Interests": NaN,
        "Net Income Including Noncontrolling Interests": NaN,
        "Net Income Continuous Operations": NaN,
        "Tax Provision": NaN,
        "Pretax Income": NaN,
        "Other Income Expense": NaN,
        "Other Non Operating Income Expenses": NaN,
        "Special Income Charges": NaN,
        "Restructuring And Mergern Acquisition": NaN,
        "Gain On Sale Of Security": 6474000.0,
        "Net Non Operating Interest Income Expense": NaN,
        "Total Other Finance Cost": NaN,
        "Interest Expense Non Operating": NaN,
        "Interest Income Non Operating": NaN,
        "Operating Income": NaN,
        "Operating Expense": NaN,
        "Research And Development": NaN,
        "Selling General And Administration": NaN,
        "General And Administrative Expense": NaN,
        "Other Gand A": NaN,
        "Salaries And Wages": NaN,
        "Gross Profit": NaN,
        "Cost Of Revenue": NaN,
        "Total Revenue": NaN,
        "Operating Revenue": NaN
    },
    "2022-09-30": {
        "Tax Effect Of Unusual Items": NaN,
        "Tax Rate For Calcs": NaN,
        "Normalized EBITDA": NaN,
        "Total Unusual Items": NaN,
        "Total Unusual Items Excluding Goodwill": NaN,
        "Net Income From Continuing Operation Net Minority Interest": NaN,
        "Reconciled Depreciation": NaN,
        "Reconciled Cost Of Revenue": NaN,
        "EBITDA": NaN,
        "EBIT": NaN,
        "Net Interest Income": NaN,
        "Interest Expense": NaN,
        "Interest Income": NaN,
        "Normalized Income": NaN,
        "Net Income From Continuing And Discontinued Operation": NaN,
        "Total Expenses": NaN,
        "Total Operating Income As Reported": NaN,
        "Diluted Average Shares": NaN,
        "Basic Average Shares": NaN,
        "Diluted EPS": NaN,
        "Basic EPS": NaN,
        "Diluted NI Availto Com Stockholders": NaN,
        "Net Income Common Stockholders": NaN,
        "Net Income": NaN,
        "Minority Interests": NaN,
        "Net Income Including Noncontrolling Interests": NaN,
        "Net Income Continuous Operations": NaN,
        "Tax Provision": NaN,
        "Pretax Income": NaN,
        "Other Income Expense": NaN,
        "Other Non Operating Income Expenses": NaN,
        "Special Income Charges": NaN,
        "Restructuring And Mergern Acquisition": NaN,
        "Gain On Sale Of Security": NaN,
        "Net Non Operating Interest Income Expense": NaN,
        "Total Other Finance Cost": 75000.0,
        "Interest Expense Non Operating": NaN,
        "Interest Income Non Operating": NaN,
        "Operating Income": NaN,
        "Operating Expense": NaN,
        "Research And Development": NaN,
        "Selling General And Administration": NaN,
        "General And Administrative Expense": NaN,
        "Other Gand A": NaN,
        "Salaries And Wages": NaN,
        "Gross Profit": NaN,
        "Cost Of Revenue": NaN,
        "Total Revenue": NaN,
        "Operating Revenue": NaN
    },
    "2022-06-30": {
        "Tax Effect Of Unusual Items": 3362395.107727,
        "Tax Rate For Calcs": 0.140774,
        "Normalized EBITDA": -29791000.0,
        "Total Unusual Items": 23885000.0,
        "Total Unusual Items Excluding Goodwill": 23885000.0,
        "Net Income From Continuing Operation Net Minority Interest": -4234000.0,
        "Reconciled Depreciation": 5580000.0,
        "Reconciled Cost Of Revenue": 15178000.0,
        "EBITDA": -5906000.0,
        "EBIT": -5906000.0,
        "Net Interest Income": -92000.0,
        "Interest Expense": 267000.0,
        "Interest Income": 175000.0,
        "Normalized Income": -24756604.892273,
        "Net Income From Continuing And Discontinued Operation": -4234000.0,
        "Total Expenses": 55730000.0,
        "Total Operating Income As Reported": -29975000.0,
        "Diluted Average Shares": 116983265.0,
        "Basic Average Shares": 116983265.0,
        "Diluted EPS": -0.04,
        "Basic EPS": -0.04,
        "Diluted NI Availto Com Stockholders": -4234000.0,
        "Average Dilution Earnings": 0.0,
        "Net Income Common Stockholders": -4234000.0,
        "Net Income": -4234000.0,
        "Minority Interests": 1070000.0,
        "Net Income Including Noncontrolling Interests": -5304000.0,
        "Net Income Continuous Operations": -5304000.0,
        "Tax Provision": -869000.0,
        "Pretax Income": -6173000.0,
        "Other Income Expense": 23894000.0,
        "Other Non Operating Income Expenses": 9000.0,
        "Special Income Charges": 3584000.0,
        "Restructuring And Mergern Acquisition": -3584000.0,
        "Gain On Sale Of Security": 20301000.0,
        "Net Non Operating Interest Income Expense": -92000.0,
        "Interest Expense Non Operating": 267000.0,
        "Interest Income Non Operating": 175000.0,
        "Operating Income": -29975000.0,
        "Operating Expense": 40552000.0,
        "Research And Development": 28467000.0,
        "Selling General And Administration": 12085000.0,
        "General And Administrative Expense": NaN,
        "Other Gand A": NaN,
        "Salaries And Wages": NaN,
        "Gross Profit": 10577000.0,
        "Cost Of Revenue": 15178000.0,
        "Total Revenue": 25755000.0,
        "Operating Revenue": 25755000.0
    },
    "2022-03-31": {
        "Diluted EPS": 0.07,
        "Total Revenue": 22,
        "Gross Profit": 8,
        "Operating Income": -34,
        "EBIT": -28,
        "Net Income": 11
    },
    "2021-12-31": {
        "Diluted EPS": -0.14,
        "Total Revenue": 19,
        "Gross Profit": 7,
        "Operating Income": -27,
        "EBIT": -23,
        "Net Income": -25
    },
    "2021-09-30": {
        "Diluted EPS": -0.83,
        "Total Revenue": 12,
        "Gross Profit": 5,
        "Operating Income": -21,
        "EBIT": -20,
        "Net Income": -80
    },
    "2021-06-30": {
        "Diluted EPS": 0.06,
        "Total Revenue": 9,
        "Gross Profit": 4,
        "Operating Income": -19,
        "EBIT": -18,
        "Net Income": 6
    },
    "2021-03-31": {
        "Diluted EPS": -0.35,
        "Total Revenue": 8,
        "Gross Profit": 3,
        "Operating Income": -8,
        "EBIT": -7,
        "Net Income": 11
    },
    "2020-12-31": {
        "Diluted EPS": -2.78,
        "Total Revenue": 11,
        "Gross Profit": 4,
        "Operating Income": -11,
        "EBIT": -10,
        "Net Income": -75
    },
    "2020-09-30": {
        "Diluted EPS": -0.7,
        "Total Revenue": 8,
        "Gross Profit": 4,
        "Operating Income": -3,
        "EBIT": -2,
        "Net Income": -22
    },
    "2020-06-30": {
        "Diluted EPS": -0.22,
        "Total Revenue": 4,
        "Gross Profit": 2,
        "Operating Income": -5,
        "EBIT": -5,
        "Net Income": -7
    },
    "2020-03-31": {
        "Diluted EPS": 0.58,
        "Total Revenue": NaN,
        "Gross Profit": NaN,
        "Operating Income": 0,
        "EBIT": 0,
        "Net Income": 7
    },
    "2019-12-31": {
        "Diluted EPS": 0.0,
        "Total Revenue": NaN,
        "Gross Profit": NaN,
        "Operating Income": NaN,
        "EBIT": NaN,
        "Net Income": NaN
    },
    "2019-09-30": {
        "Diluted EPS": -0.01,
        "Total Revenue": NaN,
        "Gross Profit": NaN,
        "Operating Income": 0,
        "EBIT": 0,
        "Net Income": 1
    },
    "2019-06-30": {
        "Diluted EPS": -0.0,
        "Total Revenue": NaN,
        "Gross Profit": NaN,
        "Operating Income": 0,
        "EBIT": 0,
        "Net Income": 0
    },
    "2023-06-30": {
        "Tax Effect Of Unusual Items": 5743290.0,
        "Tax Rate For Calcs": 0.21,
        "Normalized EBITDA": -27630000.0,
        "Total Unusual Items": 27349000.0,
        "Total Unusual Items Excluding Goodwill": 27349000.0,
        "Net Income From Continuing Operation Net Minority Interest": -13127000.0,
        "Reconciled Depreciation": 10796000.0,
        "Reconciled Cost Of Revenue": 32127000.0,
        "EBITDA": -281000.0,
        "EBIT": -11077000.0,
        "Net Interest Income": -274000.0,
        "Interest Expense": 2144000.0,
        "Interest Income": 1870000.0,
        "Normalized Income": -34732710.0,
        "Net Income From Continuing And Discontinued Operation": -13127000.0,
        "Total Expenses": 92833000.0,
        "Total Operating Income As Reported": -40725000.0,
        "Diluted Average Shares": 141973731.0,
        "Basic Average Shares": 141973731.0,
        "Diluted EPS": -0.09,
        "Basic EPS": -0.09,
        "Diluted NI Availto Com Stockholders": -13127000.0,
        "Net Income Common Stockholders": -13127000.0,
        "Net Income": -13127000.0,
        "Minority Interests": 436000.0,
        "Net Income Including Noncontrolling Interests": -13563000.0,
        "Net Income Continuous Operations": -13563000.0,
        "Tax Provision": 342000.0,
        "Pretax Income": -13221000.0,
        "Other Income Expense": 27778000.0,
        "Other Non Operating Income Expenses": 429000.0,
        "Special Income Charges": 2303000.0,
        "Restructuring And Mergern Acquisition": -2303000.0,
        "Gain On Sale Of Security": 25046000.0,
        "Net Non Operating Interest Income Expense": -274000.0,
        "Total Other Finance Cost": NaN,
        "Interest Expense Non Operating": 2144000.0,
        "Interest Income Non Operating": 1870000.0,
        "Operating Income": -40725000.0,
        "Operating Expense": 60706000.0,
        "Research And Development": 42069000.0,
        "Selling General And Administration": 18637000.0,
        "General And Administrative Expense": 18637000.0,
        "Other Gand A": 13573000.0,
        "Salaries And Wages": 5064000.0,
        "Gross Profit": 19981000.0,
        "Cost Of Revenue": 32127000.0,
        "Total Revenue": 52108000.0,
        "Operating Revenue": 52108000.0
    },
    "2023-09-30": {
        "Tax Effect Of Unusual Items": 4030950.0,
        "Tax Rate For Calcs": 0.21,
        "Normalized EBITDA": -23944000.0,
        "Total Unusual Items": 19195000.0,
        "Total Unusual Items Excluding Goodwill": 19195000.0,
        "Net Income From Continuing Operation Net Minority Interest": -17097000.0,
        "Reconciled Depreciation": 11036000.0,
        "Reconciled Cost Of Revenue": 35187000.0,
        "EBITDA": -4749000.0,
        "EBIT": -15785000.0,
        "Net Interest Income": -384000.0,
        "Interest Expense": 2242000.0,
        "Interest Income": 1858000.0,
        "Normalized Income": -32261050.0,
        "Net Income From Continuing And Discontinued Operation": -17097000.0,
        "Total Expenses": 96622000.0,
        "Total Operating Income As Reported": -36146000.0,
        "Diluted Average Shares": 146962717.0,
        "Basic Average Shares": 146962717.0,
        "Diluted EPS": -0.12,
        "Basic EPS": -0.12,
        "Diluted NI Availto Com Stockholders": -17097000.0,
        "Net Income Common Stockholders": -17097000.0,
        "Net Income": -17097000.0,
        "Minority Interests": 1580000.0,
        "Net Income Including Noncontrolling Interests": -18677000.0,
        "Net Income Continuous Operations": -18677000.0,
        "Tax Provision": 650000.0,
        "Pretax Income": -18027000.0,
        "Other Income Expense": 18503000.0,
        "Other Non Operating Income Expenses": -692000.0,
        "Special Income Charges": 3535000.0,
        "Restructuring And Mergern Acquisition": -3535000.0,
        "Gain On Sale Of Security": 15660000.0,
        "Net Non Operating Interest Income Expense": -384000.0,
        "Total Other Finance Cost": 246000.0,
        "Interest Expense Non Operating": 2242000.0,
        "Interest Income Non Operating": 1858000.0,
        "Operating Income": -36146000.0,
        "Operating Expense": 61435000.0,
        "Research And Development": 41594000.0,
        "Selling General And Administration": 19841000.0,
        "General And Administrative Expense": NaN,
        "Other Gand A": NaN,
        "Salaries And Wages": NaN,
        "Gross Profit": 25289000.0,
        "Cost Of Revenue": 35187000.0,
        "Total Revenue": 60476000.0,
        "Operating Revenue": 60476000.0
    },
    "2023-12-31": {
        "Tax Effect Of Unusual Items": 719213.182537,
        "Tax Rate For Calcs": 0.110665,
        "Normalized EBITDA": -14636000.0,
        "Total Unusual Items": 6499000.0,
        "Total Unusual Items Excluding Goodwill": 6499000.0,
        "Net Income From Continuing Operation Net Minority Interest": -14655000.0,
        "Reconciled Depreciation": 6193000.0,
        "Reconciled Cost Of Revenue": 42236000.0,
        "EBITDA": -8137000.0,
        "EBIT": -14330000.0,
        "Net Interest Income": -462000.0,
        "Interest Expense": 2116000.0,
        "Interest Income": 1654000.0,
        "Normalized Income": -20434786.817463,
        "Net Income From Continuing And Discontinued Operation": -14655000.0,
        "Total Expenses": 91704000.0,
        "Total Operating Income As Reported": -21571000.0,
        "Diluted Average Shares": 159996055.0,
        "Basic Average Shares": 159996055.0,
        "Diluted EPS": -0.09,
        "Basic EPS": -0.09,
        "Diluted NI Availto Com Stockholders": -14655000.0,
        "Net Income Common Stockholders": -14655000.0,
        "Net Income": -14655000.0,
        "Minority Interests": -29000.0,
        "Net Income Including Noncontrolling Interests": -14626000.0,
        "Net Income Continuous Operations": -14626000.0,
        "Tax Provision": -1820000.0,
        "Pretax Income": -16446000.0,
        "Other Income Expense": 5587000.0,
        "Other Non Operating Income Expenses": -912000.0,
        "Special Income Charges": -7193000.0,
        "Restructuring And Mergern Acquisition": 7193000.0,
        "Gain On Sale Of Security": 13692000.0,
        "Net Non Operating Interest Income Expense": -462000.0,
        "Total Other Finance Cost": 0.0,
        "Interest Expense Non Operating": 2116000.0,
        "Interest Income Non Operating": 1654000.0,
        "Operating Income": -21571000.0,
        "Operating Expense": 49468000.0,
        "Research And Development": 34281000.0,
        "Selling General And Administration": 15187000.0,
        "General And Administrative Expense": NaN,
        "Other Gand A": NaN,
        "Salaries And Wages": NaN,
        "Gross Profit": 27897000.0,
        "Cost Of Revenue": 42236000.0,
        "Total Revenue": 70133000.0,
        "Operating Revenue": 70133000.0
    },
    "2024-03-31": {
        "Tax Effect Of Unusual Items": 482087.937281,
        "Tax Rate For Calcs": 0.031388,
        "Normalized EBITDA": -38212000.0,
        "Total Unusual Items": 15359000.0,
        "Total Unusual Items Excluding Goodwill": 15359000.0,
        "Net Income From Continuing Operation Net Minority Interest": -31179000.0,
        "Reconciled Depreciation": 10373000.0,
        "Reconciled Cost Of Revenue": 30089000.0,
        "EBITDA": -22853000.0,
        "EBIT": -33226000.0,
        "Net Interest Income": -797000.0,
        "Interest Expense": 2106000.0,
        "Interest Income": 1309000.0,
        "Normalized Income": -46055912.062719,
        "Net Income From Continuing And Discontinued Operation": -31179000.0,
        "Total Expenses": 102000000.0,
        "Total Operating Income As Reported": -49647000.0,
        "Diluted Average Shares": 164602608.0,
        "Basic Average Shares": 164602608.0,
        "Diluted EPS": -0.19,
        "Basic EPS": -0.19,
        "Diluted NI Availto Com Stockholders": -31179000.0,
        "Net Income Common Stockholders": -31179000.0,
        "Net Income": -31179000.0,
        "Minority Interests": 3044000.0,
        "Net Income Including Noncontrolling Interests": -34223000.0,
        "Net Income Continuous Operations": -34223000.0,
        "Tax Provision": -1109000.0,
        "Pretax Income": -35332000.0,
        "Other Income Expense": 15112000.0,
        "Other Non Operating Income Expenses": -247000.0,
        "Special Income Charges": 15359000.0,
        "Restructuring And Mergern Acquisition": -15359000.0,
        "Gain On Sale Of Security": NaN,
        "Net Non Operating Interest Income Expense": -797000.0,
        "Total Other Finance Cost": 250000.0,
        "Interest Expense Non Operating": 2106000.0,
        "Interest Income Non Operating": 1309000.0,
        "Operating Income": -49647000.0,
        "Operating Expense": 71911000.0,
        "Research And Development": 49589000.0,
        "Selling General And Administration": 22322000.0,
        "General And Administrative Expense": NaN,
        "Other Gand A": NaN,
        "Salaries And Wages": NaN,
        "Gross Profit": 22264000.0,
        "Cost Of Revenue": 30089000.0,
        "Total Revenue": 52353000.0,
        "Operating Revenue": 52353000.0
    },
    "2024-06-30": {
        "Tax Effect Of Unusual Items": 3639510.0,
        "Tax Rate For Calcs": 0.21,
        "Normalized EBITDA": -25670000.0,
        "Total Unusual Items": 17331000.0,
        "Total Unusual Items Excluding Goodwill": 17331000.0,
        "Net Income From Continuing Operation Net Minority Interest": -19160000.0,
        "Reconciled Depreciation": 10441000.0,
        "Reconciled Cost Of Revenue": 30241000.0,
        "EBITDA": -8339000.0,
        "EBIT": -18780000.0,
        "Net Interest Income": -1058000.0,
        "Interest Expense": 2134000.0,
        "Interest Income": 1076000.0,
        "Normalized Income": -32851490.0,
        "Net Income From Continuing And Discontinued Operation": -19160000.0,
        "Total Expenses": 88989000.0,
        "Total Operating Income As Reported": -36634000.0,
        "Diluted Average Shares": 170164241.0,
        "Basic Average Shares": 170164241.0,
        "Diluted EPS": -0.11,
        "Basic EPS": -0.11,
        "Diluted NI Availto Com Stockholders": -19160000.0,
        "Net Income Common Stockholders": -19160000.0,
        "Net Income": -19160000.0,
        "Minority Interests": 1840000.0,
        "Net Income Including Noncontrolling Interests": -21000000.0,
        "Net Income Continuous Operations": -21000000.0,
        "Tax Provision": 86000.0,
        "Pretax Income": -20914000.0,
        "Other Income Expense": 16778000.0,
        "Other Non Operating Income Expenses": -553000.0,
        "Special Income Charges": 17331000.0,
        "Restructuring And Mergern Acquisition": -17331000.0,
        "Gain On Sale Of Security": NaN,
        "Net Non Operating Interest Income Expense": -1058000.0,
        "Total Other Finance Cost": NaN,
        "Interest Expense Non Operating": 2134000.0,
        "Interest Income Non Operating": 1076000.0,
        "Operating Income": -36634000.0,
        "Operating Expense": 58748000.0,
        "Research And Development": 41301000.0,
        "Selling General And Administration": 17447000.0,
        "General And Administrative Expense": NaN,
        "Other Gand A": NaN,
        "Salaries And Wages": NaN,
        "Gross Profit": 22114000.0,
        "Cost Of Revenue": 30241000.0,
        "Total Revenue": 52355000.0,
        "Operating Revenue": 52355000.0
    }
}