{
    "2023-06-30": {
        "Tax Effect Of Unusual Items": 0.0,
        "Tax Rate For Calcs": 0.288802,
        "Normalized EBITDA": 961000000.0,
        "Total Unusual Items": -11000000.0,
        "Total Unusual Items Excluding Goodwill": -11000000.0,
        "Net Income From Continuing Operation Net Minority Interest": 724000000.0,
        "Reconciled Depreciation": NaN,
        "Reconciled Cost Of Revenue": 3211000000.0,
        "EBITDA": 961000000.0,
        "EBIT": 961000000.0,
        "Net Interest Income": NaN,
        "Interest Expense": NaN,
        "Interest Income": NaN,
        "Normalized Income": 724000000.0,
        "Net Income From Continuing And Discontinued Operation": 724000000.0,
        "Total Expenses": 3656000000.0,
        "Rent Expense Supplemental": 2000000.0,
        "Total Operating Income As Reported": 961000000.0,
        "Diluted Average Shares": 4258823529.0,
        "Basic Average Shares": 4258823529.0,
        "Diluted EPS": 0.17,
        "Basic EPS": 0.17,
        "Diluted NI Availto Com Stockholders": 724000000.0,
        "Net Income Common Stockholders": 724000000.0,
        "Net Income": 724000000.0,
        "Minority Interests": NaN,
        "Net Income Including Noncontrolling Interests": 724000000.0,
        "Net Income Continuous Operations": 724000000.0,
        "Tax Provision": 294000000.0,
        "Pretax Income": 1018000000.0,
        "Other Income Expense": 57000000.0,
        "Other Non Operating Income Expenses": 57000000.0,
        "Special Income Charges": -11000000.0,
        "Write Off": 11000000.0,
        "Gain On Sale Of Security": NaN,
        "Net Non Operating Interest Income Expense": NaN,
        "Interest Expense Non Operating": NaN,
        "Interest Income Non Operating": NaN,
        "Operating Income": 961000000.0,
        "Operating Expense": 445000000.0,
        "Other Operating Expenses": 30000000.0,
        "Other Taxes": 11000000.0,
        "Selling General And Administration": 445000000.0,
        "Selling And Marketing Expense": 217000000.0,
        "General And Administrative Expense": 228000000.0,
        "Other Gand A": 228000000.0,
        "Insurance And Claims": 6000000.0,
        "Rent And Landing Fees": 1000000.0,
        "Salaries And Wages": 249000000.0,
        "Gross Profit": 1406000000.0,
        "Cost Of Revenue": 3211000000.0,
        "Total Revenue": 4617000000.0,
        "Operating Revenue": 4617000000.0
    },
    "2023-03-31": {
        "Tax Effect Of Unusual Items": NaN,
        "Tax Rate For Calcs": NaN,
        "Normalized EBITDA": NaN,
        "Total Unusual Items": 3000000.0,
        "Total Unusual Items Excluding Goodwill": 3000000.0,
        "Net Income From Continuing Operation Net Minority Interest": NaN,
        "Reconciled Depreciation": 136000000.0,
        "Reconciled Cost Of Revenue": NaN,
        "EBITDA": NaN,
        "EBIT": NaN,
        "Net Interest Income": 42000000.0,
        "Interest Expense": 10000000.0,
        "Interest Income": 52000000.0,
        "Normalized Income": NaN,
        "Net Income From Continuing And Discontinued Operation": NaN,
        "Total Expenses": NaN,
        "Rent Expense Supplemental": 3000000.0,
        "Total Operating Income As Reported": NaN,
        "Diluted Average Shares": NaN,
        "Basic Average Shares": NaN,
        "Diluted EPS": NaN,
        "Basic EPS": NaN,
        "Diluted NI Availto Com Stockholders": NaN,
        "Net Income Common Stockholders": NaN,
        "Net Income": NaN,
        "Minority Interests": -1000000.0,
        "Net Income Including Noncontrolling Interests": NaN,
        "Net Income Continuous Operations": NaN,
        "Tax Provision": NaN,
        "Pretax Income": NaN,
        "Other Income Expense": NaN,
        "Other Non Operating Income Expenses": NaN,
        "Special Income Charges": -10000000.0,
        "Write Off": 10000000.0,
        "Gain On Sale Of Security": 13000000.0,
        "Net Non Operating Interest Income Expense": 42000000.0,
        "Interest Expense Non Operating": 10000000.0,
        "Interest Income Non Operating": 52000000.0,
        "Operating Income": NaN,
        "Operating Expense": NaN,
        "Other Operating Expenses": 31000000.0,
        "Other Taxes": 9000000.0,
        "Selling General And Administration": NaN,
        "Selling And Marketing Expense": NaN,
        "General And Administrative Expense": NaN,
        "Other Gand A": NaN,
        "Insurance And Claims": 5000000.0,
        "Rent And Landing Fees": 2000000.0,
        "Salaries And Wages": 228000000.0,
        "Gross Profit": NaN,
        "Cost Of Revenue": NaN,
        "Total Revenue": NaN,
        "Operating Revenue": NaN
    },
    "2022-12-31": {
        "Tax Effect Of Unusual Items": NaN,
        "Tax Rate For Calcs": NaN,
        "Normalized EBITDA": NaN,
        "Total Unusual Items": 16000000.0,
        "Total Unusual Items Excluding Goodwill": 16000000.0,
        "Net Income From Continuing Operation Net Minority Interest": NaN,
        "Reconciled Depreciation": 137000000.0,
        "Reconciled Cost Of Revenue": NaN,
        "EBITDA": NaN,
        "EBIT": NaN,
        "Net Interest Income": 45000000.0,
        "Interest Expense": 10000000.0,
        "Interest Income": 55000000.0,
        "Normalized Income": NaN,
        "Net Income From Continuing And Discontinued Operation": NaN,
        "Total Expenses": NaN,
        "Rent Expense Supplemental": 3000000.0,
        "Total Operating Income As Reported": NaN,
        "Diluted Average Shares": NaN,
        "Basic Average Shares": NaN,
        "Diluted EPS": NaN,
        "Basic EPS": NaN,
        "Diluted NI Availto Com Stockholders": NaN,
        "Net Income Common Stockholders": NaN,
        "Net Income": NaN,
        "Minority Interests": 0.0,
        "Net Income Including Noncontrolling Interests": NaN,
        "Net Income Continuous Operations": NaN,
        "Tax Provision": NaN,
        "Pretax Income": NaN,
        "Other Income Expense": NaN,
        "Other Non Operating Income Expenses": NaN,
        "Special Income Charges": -13000000.0,
        "Write Off": 13000000.0,
        "Gain On Sale Of Security": 29000000.0,
        "Net Non Operating Interest Income Expense": 45000000.0,
        "Interest Expense Non Operating": 10000000.0,
        "Interest Income Non Operating": 55000000.0,
        "Operating Income": NaN,
        "Operating Expense": NaN,
        "Other Operating Expenses": 30000000.0,
        "Other Taxes": 9000000.0,
        "Selling General And Administration": NaN,
        "Selling And Marketing Expense": NaN,
        "General And Administrative Expense": NaN,
        "Other Gand A": NaN,
        "Insurance And Claims": 5000000.0,
        "Rent And Landing Fees": 2000000.0,
        "Salaries And Wages": 230000000.0,
        "Gross Profit": NaN,
        "Cost Of Revenue": NaN,
        "Total Revenue": NaN,
        "Operating Revenue": NaN
    },
    "2022-09-30": {
        "Tax Effect Of Unusual Items": NaN,
        "Tax Rate For Calcs": NaN,
        "Normalized EBITDA": NaN,
        "Total Unusual Items": 4000000.0,
        "Total Unusual Items Excluding Goodwill": 4000000.0,
        "Net Income From Continuing Operation Net Minority Interest": NaN,
        "Reconciled Depreciation": 128000000.0,
        "Reconciled Cost Of Revenue": NaN,
        "EBITDA": NaN,
        "EBIT": NaN,
        "Net Interest Income": 49000000.0,
        "Interest Expense": 8000000.0,
        "Interest Income": 57000000.0,
        "Normalized Income": NaN,
        "Net Income From Continuing And Discontinued Operation": NaN,
        "Total Expenses": NaN,
        "Rent Expense Supplemental": 2000000.0,
        "Total Operating Income As Reported": NaN,
        "Diluted Average Shares": NaN,
        "Basic Average Shares": NaN,
        "Diluted EPS": NaN,
        "Basic EPS": NaN,
        "Diluted NI Availto Com Stockholders": NaN,
        "Net Income Common Stockholders": NaN,
        "Net Income": NaN,
        "Minority Interests": -1000000.0,
        "Net Income Including Noncontrolling Interests": NaN,
        "Net Income Continuous Operations": NaN,
        "Tax Provision": NaN,
        "Pretax Income": NaN,
        "Other Income Expense": NaN,
        "Other Non Operating Income Expenses": NaN,
        "Special Income Charges": -6000000.0,
        "Write Off": 6000000.0,
        "Gain On Sale Of Security": 10000000.0,
        "Net Non Operating Interest Income Expense": 49000000.0,
        "Interest Expense Non Operating": 8000000.0,
        "Interest Income Non Operating": 57000000.0,
        "Operating Income": NaN,
        "Operating Expense": NaN,
        "Other Operating Expenses": 27000000.0,
        "Other Taxes": 9000000.0,
        "Selling General And Administration": NaN,
        "Selling And Marketing Expense": NaN,
        "General And Administrative Expense": NaN,
        "Other Gand A": NaN,
        "Insurance And Claims": 6000000.0,
        "Rent And Landing Fees": 1000000.0,
        "Salaries And Wages": 225000000.0,
        "Gross Profit": NaN,
        "Cost Of Revenue": NaN,
        "Total Revenue": NaN,
        "Operating Revenue": NaN
    },
    "2022-06-30": {
        "Tax Effect Of Unusual Items": 3170454.545455,
        "Tax Rate For Calcs": 0.288223,
        "Normalized EBITDA": 1087000000.0,
        "Total Unusual Items": 11000000.0,
        "Total Unusual Items Excluding Goodwill": 11000000.0,
        "Net Income From Continuing Operation Net Minority Interest": 689000000.0,
        "Reconciled Depreciation": 123000000.0,
        "Reconciled Cost Of Revenue": 3144000000.0,
        "EBITDA": 1098000000.0,
        "EBIT": 975000000.0,
        "Net Interest Income": 55000000.0,
        "Interest Expense": 7000000.0,
        "Interest Income": 62000000.0,
        "Normalized Income": 681170454.545455,
        "Net Income From Continuing And Discontinued Operation": 689000000.0,
        "Total Expenses": 3550000000.0,
        "Rent Expense Supplemental": 2000000.0,
        "Total Operating Income As Reported": 888000000.0,
        "Diluted Average Shares": 4306250000.0,
        "Basic Average Shares": 4306250000.0,
        "Diluted EPS": 0.16,
        "Basic EPS": 0.16,
        "Diluted NI Availto Com Stockholders": 689000000.0,
        "Net Income Common Stockholders": 689000000.0,
        "Net Income": 689000000.0,
        "Minority Interests": 0.0,
        "Net Income Including Noncontrolling Interests": 689000000.0,
        "Net Income Continuous Operations": 689000000.0,
        "Tax Provision": 279000000.0,
        "Pretax Income": 968000000.0,
        "Other Income Expense": 19000000.0,
        "Other Non Operating Income Expenses": 8000000.0,
        "Special Income Charges": -6000000.0,
        "Write Off": 6000000.0,
        "Gain On Sale Of Security": 17000000.0,
        "Net Non Operating Interest Income Expense": 55000000.0,
        "Interest Expense Non Operating": 7000000.0,
        "Interest Income Non Operating": 62000000.0,
        "Operating Income": 894000000.0,
        "Operating Expense": 406000000.0,
        "Other Operating Expenses": 28000000.0,
        "Other Taxes": 10000000.0,
        "Selling General And Administration": 368000000.0,
        "Selling And Marketing Expense": 34000000.0,
        "General And Administrative Expense": 334000000.0,
        "Other Gand A": 107000000.0,
        "Insurance And Claims": 5000000.0,
        "Rent And Landing Fees": 1000000.0,
        "Salaries And Wages": 221000000.0,
        "Gross Profit": 1300000000.0,
        "Cost Of Revenue": 3144000000.0,
        "Total Revenue": 4444000000.0,
        "Operating Revenue": 4444000000.0
    },
    "2022-03-31": {
        "Diluted EPS": 0.18,
        "Total Revenue": NaN,
        "Gross Profit": NaN,
        "Operating Income": 920,
        "EBIT": NaN,
        "Net Income": 752
    },
    "2021-12-31": {
        "Diluted EPS": 0.18,
        "Total Revenue": NaN,
        "Gross Profit": NaN,
        "Operating Income": 998,
        "EBIT": NaN,
        "Net Income": 774
    },
    "2021-09-30": {
        "Diluted EPS": 0.17,
        "Total Revenue": NaN,
        "Gross Profit": NaN,
        "Operating Income": 941,
        "EBIT": NaN,
        "Net Income": 733
    },
    "2021-06-30": {
        "Diluted EPS": 0.17,
        "Total Revenue": NaN,
        "Gross Profit": NaN,
        "Operating Income": 896,
        "EBIT": NaN,
        "Net Income": 704
    },
    "2021-03-31": {
        "Diluted EPS": 0.16,
        "Total Revenue": NaN,
        "Gross Profit": NaN,
        "Operating Income": 884,
        "EBIT": 998,
        "Net Income": 697
    },
    "2020-12-31": {
        "Diluted EPS": 0.17,
        "Total Revenue": NaN,
        "Gross Profit": NaN,
        "Operating Income": 893,
        "EBIT": NaN,
        "Net Income": 705
    },
    "2020-09-30": {
        "Diluted EPS": 0.15,
        "Total Revenue": NaN,
        "Gross Profit": NaN,
        "Operating Income": 840,
        "EBIT": 955,
        "Net Income": 653
    },
    "2020-06-30": {
        "Diluted EPS": 0.13,
        "Total Revenue": NaN,
        "Gross Profit": NaN,
        "Operating Income": 708,
        "EBIT": 808,
        "Net Income": 558
    },
    "2020-03-31": {
        "Diluted EPS": 0.14,
        "Total Revenue": NaN,
        "Gross Profit": NaN,
        "Operating Income": 675,
        "EBIT": 778,
        "Net Income": 590
    },
    "2019-12-31": {
        "Diluted EPS": 0.15,
        "Total Revenue": NaN,
        "Gross Profit": NaN,
        "Operating Income": 711,
        "EBIT": 814,
        "Net Income": 626
    },
    "2019-09-30": {
        "Diluted EPS": 0.13,
        "Total Revenue": NaN,
        "Gross Profit": NaN,
        "Operating Income": 696,
        "EBIT": 799,
        "Net Income": 569
    },
    "2019-06-30": {
        "Diluted EPS": 0.13,
        "Total Revenue": NaN,
        "Gross Profit": NaN,
        "Operating Income": 642,
        "EBIT": 740,
        "Net Income": 546
    },
    "2019-03-31": {
        "Diluted EPS": 0.14,
        "Total Revenue": NaN,
        "Gross Profit": NaN,
        "Operating Income": 659,
        "EBIT": 734,
        "Net Income": 582
    },
    "2018-12-31": {
        "Diluted EPS": 0.12,
        "Total Revenue": NaN,
        "Gross Profit": NaN,
        "Operating Income": 675,
        "EBIT": 757,
        "Net Income": 502
    },
    "2018-09-30": {
        "Diluted EPS": 0.13,
        "Total Revenue": NaN,
        "Gross Profit": NaN,
        "Operating Income": 692,
        "EBIT": 757,
        "Net Income": 581
    },
    "2018-06-30": {
        "Diluted EPS": 0.12,
        "Total Revenue": NaN,
        "Gross Profit": NaN,
        "Operating Income": 670,
        "EBIT": 735,
        "Net Income": 534
    },
    "2018-03-31": {
        "Diluted EPS": 0.13,
        "Total Revenue": NaN,
        "Gross Profit": NaN,
        "Operating Income": 693,
        "EBIT": 764,
        "Net Income": 571
    },
    "2017-12-31": {
        "Diluted EPS": 0.17,
        "Total Revenue": NaN,
        "Gross Profit": 982,
        "Operating Income": 669,
        "EBIT": 746,
        "Net Income": 796
    },
    "2017-09-30": {
        "Diluted EPS": 0.13,
        "Total Revenue": NaN,
        "Gross Profit": 985,
        "Operating Income": 659,
        "EBIT": 730,
        "Net Income": 578
    },
    "2017-06-30": {
        "Diluted EPS": 0.12,
        "Total Revenue": NaN,
        "Gross Profit": 959,
        "Operating Income": 638,
        "EBIT": 708,
        "Net Income": 541
    },
    "2017-03-31": {
        "Diluted EPS": 0.12,
        "Total Revenue": NaN,
        "Gross Profit": 954,
        "Operating Income": 634,
        "EBIT": 701,
        "Net Income": 543
    },
    "2016-12-31": {
        "Diluted EPS": 0.12,
        "Total Revenue": NaN,
        "Gross Profit": 950,
        "Operating Income": 640,
        "EBIT": 704,
        "Net Income": 547
    },
    "2016-09-30": {
        "Diluted EPS": 0.12,
        "Total Revenue": NaN,
        "Gross Profit": 949,
        "Operating Income": 644,
        "EBIT": 707,
        "Net Income": 539
    },
    "2016-06-30": {
        "Diluted EPS": 0.11,
        "Total Revenue": NaN,
        "Gross Profit": 909,
        "Operating Income": 602,
        "EBIT": 662,
        "Net Income": 511
    },
    "2016-03-31": {
        "Diluted EPS": 0.12,
        "Total Revenue": NaN,
        "Gross Profit": 930,
        "Operating Income": 625,
        "EBIT": 687,
        "Net Income": 533
    },
    "2015-12-31": {
        "Diluted EPS": 0.12,
        "Total Revenue": NaN,
        "Gross Profit": 895,
        "Operating Income": 599,
        "EBIT": 655,
        "Net Income": 524
    },
    "2015-09-30": {
        "Diluted EPS": 0.12,
        "Total Revenue": NaN,
        "Gross Profit": 904,
        "Operating Income": 610,
        "EBIT": 665,
        "Net Income": 519
    },
    "2015-06-30": {
        "Diluted EPS": 0.11,
        "Total Revenue": NaN,
        "Gross Profit": 822,
        "Operating Income": 541,
        "EBIT": 590,
        "Net Income": 476
    },
    "2015-03-31": {
        "Diluted EPS": 0.11,
        "Total Revenue": NaN,
        "Gross Profit": 842,
        "Operating Income": 555,
        "EBIT": 601,
        "Net Income": 498
    },
    "2014-12-31": {
        "Diluted EPS": 0.12,
        "Total Revenue": NaN,
        "Gross Profit": 858,
        "Operating Income": 592,
        "EBIT": 635,
        "Net Income": 522
    },
    "2014-09-30": {
        "Diluted EPS": 0.11,
        "Total Revenue": NaN,
        "Gross Profit": 848,
        "Operating Income": 575,
        "EBIT": 622,
        "Net Income": 511
    },
    "2014-06-30": {
        "Diluted EPS": 0.11,
        "Total Revenue": NaN,
        "Gross Profit": 789,
        "Operating Income": 536,
        "EBIT": 575,
        "Net Income": 482
    },
    "2014-03-31": {
        "Diluted EPS": 0.11,
        "Total Revenue": NaN,
        "Gross Profit": 774,
        "Operating Income": 534,
        "EBIT": 592,
        "Net Income": 487
    },
    "2013-12-31": {
        "Diluted EPS": 0.1,
        "Total Revenue": NaN,
        "Gross Profit": 759,
        "Operating Income": 526,
        "EBIT": 584,
        "Net Income": 463
    },
    "2013-09-30": {
        "Diluted EPS": 0.08,
        "Total Revenue": NaN,
        "Gross Profit": 729,
        "Operating Income": 451,
        "EBIT": 505,
        "Net Income": 383
    },
    "2013-06-30": {
        "Diluted EPS": 0.09,
        "Total Revenue": NaN,
        "Gross Profit": 695,
        "Operating Income": 468,
        "EBIT": 524,
        "Net Income": 418
    },
    "2013-03-31": {
        "Diluted EPS": 0.1,
        "Total Revenue": NaN,
        "Gross Profit": 677,
        "Operating Income": 457,
        "EBIT": 514,
        "Net Income": 444
    },
    "2012-12-31": {
        "Diluted EPS": 0.1,
        "Total Revenue": NaN,
        "Gross Profit": 708,
        "Operating Income": 491,
        "EBIT": 545,
        "Net Income": 434
    },
    "2012-09-30": {
        "Diluted EPS": 0.09,
        "Total Revenue": NaN,
        "Gross Profit": 683,
        "Operating Income": 472,
        "EBIT": 522,
        "Net Income": 431
    },
    "2012-06-30": {
        "Diluted EPS": 0.09,
        "Total Revenue": NaN,
        "Gross Profit": 693,
        "Operating Income": 489,
        "EBIT": 535,
        "Net Income": 416
    },
    "2012-03-31": {
        "Diluted EPS": 0.1,
        "Total Revenue": NaN,
        "Gross Profit": 730,
        "Operating Income": 528,
        "EBIT": 577,
        "Net Income": 463
    },
    "2011-12-31": {
        "Diluted EPS": 0.1,
        "Total Revenue": NaN,
        "Gross Profit": 776,
        "Operating Income": 560,
        "EBIT": 605,
        "Net Income": 458
    },
    "2011-09-30": {
        "Diluted EPS": 0.09,
        "Total Revenue": NaN,
        "Gross Profit": 721,
        "Operating Income": 490,
        "EBIT": 541,
        "Net Income": 411
    },
    "2011-06-30": {
        "Diluted EPS": 0.08,
        "Total Revenue": NaN,
        "Gross Profit": 649,
        "Operating Income": 435,
        "EBIT": 485,
        "Net Income": 384
    },
    "2011-03-31": {
        "Diluted EPS": 0.09,
        "Total Revenue": NaN,
        "Gross Profit": 666,
        "Operating Income": 464,
        "EBIT": 513,
        "Net Income": 402
    },
    "2010-12-31": {
        "Diluted EPS": 0.09,
        "Total Revenue": NaN,
        "Gross Profit": 679,
        "Operating Income": 479,
        "EBIT": 527,
        "Net Income": 397
    },
    "2010-09-30": {
        "Diluted EPS": 0.08,
        "Total Revenue": NaN,
        "Gross Profit": 641,
        "Operating Income": 452,
        "EBIT": 499,
        "Net Income": 374
    },
    "2010-06-30": {
        "Diluted EPS": 0.07,
        "Total Revenue": NaN,
        "Gross Profit": 558,
        "Operating Income": 384,
        "EBIT": 429,
        "Net Income": 326
    },
    "2010-03-31": {
        "Diluted EPS": 0.08,
        "Total Revenue": NaN,
        "Gross Profit": 552,
        "Operating Income": 390,
        "EBIT": 440,
        "Net Income": 349
    },
    "2009-12-31": {
        "Diluted EPS": 0.07,
        "Total Revenue": NaN,
        "Gross Profit": 532,
        "Operating Income": 382,
        "EBIT": 437,
        "Net Income": 334
    },
    "2009-09-30": {
        "Diluted EPS": 0.07,
        "Total Revenue": NaN,
        "Gross Profit": 492,
        "Operating Income": 350,
        "EBIT": 398,
        "Net Income": 317
    },
    "2009-06-30": {
        "Diluted EPS": 0.07,
        "Total Revenue": NaN,
        "Gross Profit": 479,
        "Operating Income": 338,
        "EBIT": 384,
        "Net Income": 313
    },
    "2009-03-31": {
        "Diluted EPS": 0.07,
        "Total Revenue": NaN,
        "Gross Profit": 471,
        "Operating Income": 330,
        "EBIT": 375,
        "Net Income": 321
    },
    "2023-09-30": {
        "Tax Effect Of Unusual Items": -583018.867925,
        "Tax Rate For Calcs": 0.291509,
        "Normalized EBITDA": 1079000000.0,
        "Total Unusual Items": -2000000.0,
        "Total Unusual Items Excluding Goodwill": -2000000.0,
        "Net Income From Continuing Operation Net Minority Interest": 751000000.0,
        "Reconciled Depreciation": NaN,
        "Reconciled Cost Of Revenue": 3271000000.0,
        "EBITDA": 1077000000.0,
        "EBIT": 1077000000.0,
        "Net Interest Income": 42000000.0,
        "Interest Expense": 17000000.0,
        "Interest Income": 59000000.0,
        "Normalized Income": 752416981.132075,
        "Net Income From Continuing And Discontinued Operation": 751000000.0,
        "Total Expenses": 3704000000.0,
        "Rent Expense Supplemental": 3000000.0,
        "Total Operating Income As Reported": 1000000000.0,
        "Diluted Average Shares": 4142819712.0,
        "Basic Average Shares": 4138636582.0,
        "Diluted EPS": 0.18,
        "Basic EPS": 0.18,
        "Diluted NI Availto Com Stockholders": 751000000.0,
        "Net Income Common Stockholders": 751000000.0,
        "Net Income": 751000000.0,
        "Minority Interests": 0.0,
        "Net Income Including Noncontrolling Interests": 751000000.0,
        "Net Income Continuous Operations": 751000000.0,
        "Tax Provision": 309000000.0,
        "Pretax Income": 1060000000.0,
        "Other Income Expense": 4000000.0,
        "Other Non Operating Income Expenses": 6000000.0,
        "Special Income Charges": -14000000.0,
        "Write Off": 14000000.0,
        "Gain On Sale Of Security": 12000000.0,
        "Net Non Operating Interest Income Expense": 42000000.0,
        "Interest Expense Non Operating": 17000000.0,
        "Interest Income Non Operating": 59000000.0,
        "Operating Income": 1014000000.0,
        "Operating Expense": 433000000.0,
        "Other Operating Expenses": 30000000.0,
        "Other Taxes": 8000000.0,
        "Selling General And Administration": 395000000.0,
        "Selling And Marketing Expense": 39000000.0,
        "General And Administrative Expense": 356000000.0,
        "Other Gand A": 96000000.0,
        "Insurance And Claims": 7000000.0,
        "Rent And Landing Fees": 2000000.0,
        "Salaries And Wages": 251000000.0,
        "Gross Profit": 1447000000.0,
        "Cost Of Revenue": 3271000000.0,
        "Total Revenue": 4718000000.0,
        "Operating Revenue": 4718000000.0
    },
    "2023-12-31": {
        "Tax Effect Of Unusual Items": 0.0,
        "Tax Rate For Calcs": 0.290821,
        "Normalized EBITDA": 956000000.0,
        "Total Unusual Items": NaN,
        "Total Unusual Items Excluding Goodwill": NaN,
        "Net Income From Continuing Operation Net Minority Interest": 733000000.0,
        "Reconciled Depreciation": NaN,
        "Reconciled Cost Of Revenue": 3274000000.0,
        "EBITDA": 956000000.0,
        "EBIT": 956000000.0,
        "Net Interest Income": NaN,
        "Interest Expense": NaN,
        "Interest Income": NaN,
        "Normalized Income": 733000000.0,
        "Net Income From Continuing And Discontinued Operation": 733000000.0,
        "Total Expenses": 3707000000.0,
        "Rent Expense Supplemental": NaN,
        "Total Operating Income As Reported": 956000000.0,
        "Diluted Average Shares": 4072222222.0,
        "Basic Average Shares": 4072222222.0,
        "Diluted EPS": 0.18,
        "Basic EPS": 0.18,
        "Diluted NI Availto Com Stockholders": 733000000.0,
        "Net Income Common Stockholders": 733000000.0,
        "Net Income": 733000000.0,
        "Minority Interests": NaN,
        "Net Income Including Noncontrolling Interests": 734000000.0,
        "Net Income Continuous Operations": 734000000.0,
        "Tax Provision": 301000000.0,
        "Pretax Income": 1035000000.0,
        "Other Income Expense": 79000000.0,
        "Other Non Operating Income Expenses": 79000000.0,
        "Special Income Charges": NaN,
        "Write Off": NaN,
        "Gain On Sale Of Security": NaN,
        "Net Non Operating Interest Income Expense": NaN,
        "Interest Expense Non Operating": NaN,
        "Interest Income Non Operating": NaN,
        "Operating Income": 956000000.0,
        "Operating Expense": 433000000.0,
        "Other Operating Expenses": NaN,
        "Other Taxes": NaN,
        "Selling General And Administration": 433000000.0,
        "Selling And Marketing Expense": 204000000.0,
        "General And Administrative Expense": 229000000.0,
        "Other Gand A": 229000000.0,
        "Insurance And Claims": NaN,
        "Rent And Landing Fees": NaN,
        "Salaries And Wages": NaN,
        "Gross Profit": 1389000000.0,
        "Cost Of Revenue": 3274000000.0,
        "Total Revenue": 4663000000.0,
        "Operating Revenue": 4663000000.0
    },
    "2024-03-31": {
        "Tax Effect Of Unusual Items": 0.0,
        "Tax Rate For Calcs": 0.221411,
        "Normalized EBITDA": 1485000000.0,
        "Total Unusual Items": NaN,
        "Total Unusual Items Excluding Goodwill": NaN,
        "Net Income From Continuing Operation Net Minority Interest": 959000000.0,
        "Reconciled Depreciation": NaN,
        "Reconciled Cost Of Revenue": 3220000000.0,
        "EBITDA": 1485000000.0,
        "EBIT": 1485000000.0,
        "Net Interest Income": NaN,
        "Interest Expense": NaN,
        "Interest Income": NaN,
        "Normalized Income": 959000000.0,
        "Net Income From Continuing And Discontinued Operation": 959000000.0,
        "Total Expenses": 3633000000.0,
        "Rent Expense Supplemental": NaN,
        "Total Operating Income As Reported": 917000000.0,
        "Diluted Average Shares": 4145052370.0,
        "Basic Average Shares": 4139432133.0,
        "Diluted EPS": 0.23,
        "Basic EPS": 0.23,
        "Diluted NI Availto Com Stockholders": 959000000.0,
        "Net Income Common Stockholders": 959000000.0,
        "Net Income": 959000000.0,
        "Minority Interests": NaN,
        "Net Income Including Noncontrolling Interests": 960000000.0,
        "Net Income Continuous Operations": 960000000.0,
        "Tax Provision": 273000000.0,
        "Pretax Income": 1233000000.0,
        "Other Income Expense": -130000000.0,
        "Other Non Operating Income Expenses": -172000000.0,
        "Special Income Charges": NaN,
        "Write Off": NaN,
        "Gain On Sale Of Security": NaN,
        "Net Non Operating Interest Income Expense": NaN,
        "Interest Expense Non Operating": NaN,
        "Interest Income Non Operating": NaN,
        "Operating Income": 932000000.0,
        "Operating Expense": 413000000.0,
        "Other Operating Expenses": NaN,
        "Other Taxes": NaN,
        "Selling General And Administration": 253000000.0,
        "Selling And Marketing Expense": -465000000.0,
        "General And Administrative Expense": 718000000.0,
        "Other Gand A": -292000000.0,
        "Insurance And Claims": NaN,
        "Rent And Landing Fees": NaN,
        "Salaries And Wages": NaN,
        "Gross Profit": 1345000000.0,
        "Cost Of Revenue": 3220000000.0,
        "Total Revenue": 4565000000.0,
        "Operating Revenue": 4565000000.0
    },
    "2024-06-30": {
        "Tax Effect Of Unusual Items": 0.0,
        "Tax Rate For Calcs": 0.2939,
        "Normalized EBITDA": 994000000.0,
        "Total Unusual Items": NaN,
        "Total Unusual Items Excluding Goodwill": NaN,
        "Net Income From Continuing Operation Net Minority Interest": 763000000.0,
        "Reconciled Depreciation": NaN,
        "Reconciled Cost Of Revenue": 3259000000.0,
        "EBITDA": 994000000.0,
        "EBIT": 994000000.0,
        "Net Interest Income": NaN,
        "Interest Expense": NaN,
        "Interest Income": NaN,
        "Normalized Income": 763000000.0,
        "Net Income From Continuing And Discontinued Operation": 763000000.0,
        "Total Expenses": 3720000000.0,
        "Rent Expense Supplemental": NaN,
        "Total Operating Income As Reported": 994000000.0,
        "Diluted Average Shares": 4238888889.0,
        "Basic Average Shares": 4238888889.0,
        "Diluted EPS": 0.18,
        "Basic EPS": 0.18,
        "Diluted NI Availto Com Stockholders": 763000000.0,
        "Net Income Common Stockholders": 763000000.0,
        "Net Income": 763000000.0,
        "Minority Interests": NaN,
        "Net Income Including Noncontrolling Interests": 763000000.0,
        "Net Income Continuous Operations": 763000000.0,
        "Tax Provision": 318000000.0,
        "Pretax Income": 1082000000.0,
        "Other Income Expense": 88000000.0,
        "Other Non Operating Income Expenses": 88000000.0,
        "Special Income Charges": NaN,
        "Write Off": NaN,
        "Gain On Sale Of Security": NaN,
        "Net Non Operating Interest Income Expense": NaN,
        "Interest Expense Non Operating": NaN,
        "Interest Income Non Operating": NaN,
        "Operating Income": 994000000.0,
        "Operating Expense": 461000000.0,
        "Other Operating Expenses": NaN,
        "Other Taxes": NaN,
        "Selling General And Administration": 461000000.0,
        "Selling And Marketing Expense": 232000000.0,
        "General And Administrative Expense": 229000000.0,
        "Other Gand A": 229000000.0,
        "Insurance And Claims": NaN,
        "Rent And Landing Fees": NaN,
        "Salaries And Wages": NaN,
        "Gross Profit": 1455000000.0,
        "Cost Of Revenue": 3259000000.0,
        "Total Revenue": 4714000000.0,
        "Operating Revenue": 4714000000.0
    }
}