{
    "2023-03-31": {
        "Tax Effect Of Unusual Items": 0.0,
        "Tax Rate For Calcs": 0.251,
        "Normalized EBITDA": 345000000.0,
        "Total Unusual Items": 0.0,
        "Total Unusual Items Excluding Goodwill": 0.0,
        "Net Income From Continuing Operation Net Minority Interest": 191000000.0,
        "Reconciled Depreciation": 54000000.0,
        "Reconciled Cost Of Revenue": 1650000000.0,
        "EBITDA": 345000000.0,
        "EBIT": 291000000.0,
        "Net Interest Income": -32000000.0,
        "Interest Expense": 32000000.0,
        "Normalized Income": 191000000.0,
        "Net Income From Continuing And Discontinued Operation": 191000000.0,
        "Total Expenses": 1846000000.0,
        "Total Operating Income As Reported": 291000000.0,
        "Diluted Average Shares": 67100000.0,
        "Basic Average Shares": 66100000.0,
        "Diluted EPS": 2.85,
        "Basic EPS": 2.89,
        "Diluted NI Availto Com Stockholders": 191000000.0,
        "Net Income Common Stockholders": 191000000.0,
        "Net Income": 191000000.0,
        "Minority Interests": -3000000.0,
        "Net Income Including Noncontrolling Interests": 194000000.0,
        "Net Income Continuous Operations": 194000000.0,
        "Tax Provision": 65000000.0,
        "Pretax Income": 259000000.0,
        "Other Income Expense": NaN,
        "Other Non Operating Income Expenses": NaN,
        "Special Income Charges": 0.0,
        "Gain On Sale Of Business": 0.0,
        "Restructuring And Mergern Acquisition": 0.0,
        "Net Non Operating Interest Income Expense": -32000000.0,
        "Interest Expense Non Operating": 32000000.0,
        "Operating Income": 291000000.0,
        "Operating Expense": 196000000.0,
        "Other Operating Expenses": 196000000.0,
        "Gross Profit": 487000000.0,
        "Cost Of Revenue": 1650000000.0,
        "Total Revenue": 2137000000.0,
        "Operating Revenue": 2137000000.0
    },
    "2022-12-31": {
        "Tax Effect Of Unusual Items": 145161.290323,
        "Tax Rate For Calcs": 0.072581,
        "Normalized EBITDA": 211000000.0,
        "Total Unusual Items": 2000000.0,
        "Total Unusual Items Excluding Goodwill": 2000000.0,
        "Net Income From Continuing Operation Net Minority Interest": 114000000.0,
        "Reconciled Depreciation": 55000000.0,
        "Reconciled Cost Of Revenue": 1636000000.0,
        "EBITDA": 213000000.0,
        "EBIT": 158000000.0,
        "Net Interest Income": -34000000.0,
        "Interest Expense": 34000000.0,
        "Normalized Income": 112145161.290323,
        "Net Income From Continuing And Discontinued Operation": 114000000.0,
        "Total Expenses": 1832000000.0,
        "Total Operating Income As Reported": 157000000.0,
        "Diluted Average Shares": 66700000.0,
        "Basic Average Shares": 65800000.0,
        "Diluted EPS": 1.71,
        "Basic EPS": 1.73,
        "Diluted NI Availto Com Stockholders": 114000000.0,
        "Net Income Common Stockholders": 114000000.0,
        "Net Income": 114000000.0,
        "Minority Interests": -1000000.0,
        "Net Income Including Noncontrolling Interests": 115000000.0,
        "Net Income Continuous Operations": 115000000.0,
        "Tax Provision": 9000000.0,
        "Pretax Income": 124000000.0,
        "Other Income Expense": 3000000.0,
        "Other Non Operating Income Expenses": 1000000.0,
        "Special Income Charges": 2000000.0,
        "Restructuring And Mergern Acquisition": -2000000.0,
        "Net Non Operating Interest Income Expense": -34000000.0,
        "Interest Expense Non Operating": 34000000.0,
        "Operating Income": 155000000.0,
        "Operating Expense": 196000000.0,
        "Other Operating Expenses": 196000000.0,
        "Gross Profit": 351000000.0,
        "Cost Of Revenue": 1636000000.0,
        "Total Revenue": 1987000000.0,
        "Operating Revenue": 1987000000.0
    },
    "2022-09-30": {
        "Tax Effect Of Unusual Items": -646000.0,
        "Tax Rate For Calcs": 0.323,
        "Normalized EBITDA": 187000000.0,
        "Total Unusual Items": -2000000.0,
        "Total Unusual Items Excluding Goodwill": -2000000.0,
        "Net Income From Continuing Operation Net Minority Interest": 106000000.0,
        "Reconciled Depreciation": 53000000.0,
        "Reconciled Cost Of Revenue": 1649000000.0,
        "EBITDA": 185000000.0,
        "EBIT": 185000000.0,
        "Net Interest Income": -24000000.0,
        "Interest Expense": 24000000.0,
        "Normalized Income": 107354000.0,
        "Net Income From Continuing And Discontinued Operation": 106000000.0,
        "Total Expenses": 1839000000.0,
        "Total Operating Income As Reported": 182000000.0,
        "Diluted Average Shares": 66600000.0,
        "Basic Average Shares": 65800000.0,
        "Diluted EPS": 1.59,
        "Basic EPS": 1.61,
        "Diluted NI Availto Com Stockholders": 106000000.0,
        "Net Income Common Stockholders": 106000000.0,
        "Net Income": 106000000.0,
        "Minority Interests": -3000000.0,
        "Net Income Including Noncontrolling Interests": 109000000.0,
        "Net Income Continuous Operations": 109000000.0,
        "Tax Provision": 52000000.0,
        "Pretax Income": 161000000.0,
        "Other Income Expense": 1000000.0,
        "Other Non Operating Income Expenses": 3000000.0,
        "Special Income Charges": -2000000.0,
        "Restructuring And Mergern Acquisition": 2000000.0,
        "Net Non Operating Interest Income Expense": -24000000.0,
        "Interest Expense Non Operating": 24000000.0,
        "Operating Income": 184000000.0,
        "Operating Expense": 190000000.0,
        "Other Operating Expenses": 190000000.0,
        "Gross Profit": 374000000.0,
        "Cost Of Revenue": 1649000000.0,
        "Total Revenue": 2023000000.0,
        "Operating Revenue": 2023000000.0
    },
    "2022-06-30": {
        "Tax Effect Of Unusual Items": -520000.0,
        "Tax Rate For Calcs": 0.26,
        "Normalized EBITDA": 269000000.0,
        "Total Unusual Items": -2000000.0,
        "Total Unusual Items Excluding Goodwill": -2000000.0,
        "Net Income From Continuing Operation Net Minority Interest": 142000000.0,
        "Reconciled Depreciation": 54000000.0,
        "Reconciled Cost Of Revenue": 1654000000.0,
        "EBITDA": 267000000.0,
        "EBIT": 213000000.0,
        "Net Interest Income": -17000000.0,
        "Interest Expense": 17000000.0,
        "Normalized Income": 143480000.0,
        "Net Income From Continuing And Discontinued Operation": 142000000.0,
        "Total Expenses": 1829000000.0,
        "Total Operating Income As Reported": 213000000.0,
        "Diluted Average Shares": 67100000.0,
        "Basic Average Shares": 66400000.0,
        "Diluted EPS": 2.12,
        "Basic EPS": 2.14,
        "Diluted NI Availto Com Stockholders": 142000000.0,
        "Net Income Common Stockholders": 142000000.0,
        "Net Income": 142000000.0,
        "Minority Interests": -3000000.0,
        "Net Income Including Noncontrolling Interests": 145000000.0,
        "Net Income Continuous Operations": 145000000.0,
        "Tax Provision": 51000000.0,
        "Pretax Income": 196000000.0,
        "Other Income Expense": -2000000.0,
        "Other Non Operating Income Expenses": NaN,
        "Special Income Charges": -2000000.0,
        "Restructuring And Mergern Acquisition": 2000000.0,
        "Net Non Operating Interest Income Expense": -17000000.0,
        "Interest Expense Non Operating": 17000000.0,
        "Operating Income": 215000000.0,
        "Operating Expense": 175000000.0,
        "Other Operating Expenses": 175000000.0,
        "Gross Profit": 390000000.0,
        "Cost Of Revenue": 1654000000.0,
        "Total Revenue": 2044000000.0,
        "Operating Revenue": 2044000000.0
    },
    "2022-03-31": {
        "Diluted EPS": 1.92,
        "Total Revenue": NaN,
        "Gross Profit": 379,
        "Operating Income": 210,
        "EBIT": 263,
        "Net Income": 130
    },
    "2021-12-31": {
        "Diluted EPS": 1.02,
        "Total Revenue": NaN,
        "Gross Profit": 290,
        "Operating Income": 86,
        "EBIT": 151,
        "Net Income": 67
    },
    "2021-09-30": {
        "Diluted EPS": 1.75,
        "Total Revenue": NaN,
        "Gross Profit": 323,
        "Operating Income": 172,
        "EBIT": 224,
        "Net Income": 118
    },
    "2021-06-30": {
        "Diluted EPS": 2.62,
        "Total Revenue": NaN,
        "Gross Profit": 367,
        "Operating Income": 222,
        "EBIT": 273,
        "Net Income": 178
    },
    "2021-03-31": {
        "Diluted EPS": -3.66,
        "Total Revenue": NaN,
        "Gross Profit": 351,
        "Operating Income": -170,
        "EBIT": -118,
        "Net Income": -246
    },
    "2020-12-31": {
        "Diluted EPS": 1.7,
        "Total Revenue": NaN,
        "Gross Profit": 352,
        "Operating Income": 163,
        "EBIT": 218,
        "Net Income": 115
    },
    "2020-09-30": {
        "Diluted EPS": 1.36,
        "Total Revenue": NaN,
        "Gross Profit": 326,
        "Operating Income": 153,
        "EBIT": 205,
        "Net Income": 92
    },
    "2020-06-30": {
        "Diluted EPS": 0.98,
        "Total Revenue": NaN,
        "Gross Profit": 271,
        "Operating Income": 113,
        "EBIT": 165,
        "Net Income": 66
    },
    "2020-03-31": {
        "Diluted EPS": 1.11,
        "Total Revenue": NaN,
        "Gross Profit": 323,
        "Operating Income": 153,
        "EBIT": 207,
        "Net Income": 75
    },
    "2019-12-31": {
        "Diluted EPS": 1.62,
        "Total Revenue": NaN,
        "Gross Profit": 323,
        "Operating Income": 170,
        "EBIT": 232,
        "Net Income": 109
    },
    "2019-09-30": {
        "Diluted EPS": 1.47,
        "Total Revenue": NaN,
        "Gross Profit": 344,
        "Operating Income": 165,
        "EBIT": 220,
        "Net Income": 99
    },
    "2019-06-30": {
        "Diluted EPS": 1.56,
        "Total Revenue": NaN,
        "Gross Profit": 329,
        "Operating Income": 168,
        "EBIT": 220,
        "Net Income": 105
    },
    "2019-03-31": {
        "Diluted EPS": 1.48,
        "Total Revenue": NaN,
        "Gross Profit": 316,
        "Operating Income": 161,
        "EBIT": 212,
        "Net Income": 100
    },
    "2018-12-31": {
        "Diluted EPS": 1.38,
        "Total Revenue": NaN,
        "Gross Profit": 320,
        "Operating Income": 158,
        "EBIT": 217,
        "Net Income": 94
    },
    "2018-09-30": {
        "Diluted EPS": 1.32,
        "Total Revenue": NaN,
        "Gross Profit": 334,
        "Operating Income": 155,
        "EBIT": 236,
        "Net Income": 95
    },
    "2018-06-30": {
        "Diluted EPS": 1.57,
        "Total Revenue": NaN,
        "Gross Profit": 360,
        "Operating Income": 193,
        "EBIT": 246,
        "Net Income": 114
    },
    "2018-03-31": {
        "Diluted EPS": 1.9,
        "Total Revenue": NaN,
        "Gross Profit": 354,
        "Operating Income": 197,
        "EBIT": 251,
        "Net Income": 140
    },
    "2017-12-31": {
        "Diluted EPS": 1.34,
        "Total Revenue": NaN,
        "Gross Profit": 360,
        "Operating Income": 202,
        "EBIT": 255,
        "Net Income": 99
    },
    "2017-09-30": {
        "Diluted EPS": 2.26,
        "Total Revenue": NaN,
        "Gross Profit": 388,
        "Operating Income": 231,
        "EBIT": 284,
        "Net Income": 166
    },
    "2017-06-30": {
        "Diluted EPS": 1.78,
        "Total Revenue": NaN,
        "Gross Profit": 373,
        "Operating Income": 210,
        "EBIT": 262,
        "Net Income": 130
    },
    "2017-03-31": {
        "Diluted EPS": 1.68,
        "Total Revenue": NaN,
        "Gross Profit": 351,
        "Operating Income": 193,
        "EBIT": 244,
        "Net Income": 124
    },
    "2016-12-31": {
        "Diluted EPS": 1.27,
        "Total Revenue": NaN,
        "Gross Profit": 338,
        "Operating Income": 187,
        "EBIT": 237,
        "Net Income": 95
    },
    "2016-09-30": {
        "Diluted EPS": 1.93,
        "Total Revenue": NaN,
        "Gross Profit": 369,
        "Operating Income": 221,
        "EBIT": 271,
        "Net Income": 143
    },
    "2016-06-30": {
        "Diluted EPS": 1.58,
        "Total Revenue": NaN,
        "Gross Profit": 355,
        "Operating Income": 198,
        "EBIT": 247,
        "Net Income": 117
    },
    "2016-03-31": {
        "Diluted EPS": 1.77,
        "Total Revenue": NaN,
        "Gross Profit": 339,
        "Operating Income": 200,
        "EBIT": 247,
        "Net Income": 130
    },
    "2015-12-31": {
        "Diluted EPS": 1.41,
        "Total Revenue": NaN,
        "Gross Profit": 312,
        "Operating Income": 172,
        "EBIT": 221,
        "Net Income": 103
    },
    "2015-09-30": {
        "Diluted EPS": 1.48,
        "Total Revenue": NaN,
        "Gross Profit": 330,
        "Operating Income": 175,
        "EBIT": 224,
        "Net Income": 108
    },
    "2015-06-30": {
        "Diluted EPS": 1.47,
        "Total Revenue": NaN,
        "Gross Profit": 319,
        "Operating Income": 173,
        "EBIT": 222,
        "Net Income": 107
    },
    "2015-03-31": {
        "Diluted EPS": 1.15,
        "Total Revenue": NaN,
        "Gross Profit": 281,
        "Operating Income": 140,
        "EBIT": 187,
        "Net Income": 84
    },
    "2014-12-31": {
        "Diluted EPS": 0.83,
        "Total Revenue": NaN,
        "Gross Profit": 272,
        "Operating Income": 118,
        "EBIT": 166,
        "Net Income": 61
    },
    "2014-09-30": {
        "Diluted EPS": 1.6,
        "Total Revenue": NaN,
        "Gross Profit": 298,
        "Operating Income": 178,
        "EBIT": 227,
        "Net Income": 119
    },
    "2014-06-30": {
        "Diluted EPS": 1.35,
        "Total Revenue": NaN,
        "Gross Profit": 296,
        "Operating Income": 163,
        "EBIT": 213,
        "Net Income": 103
    },
    "2014-03-31": {
        "Diluted EPS": 0.96,
        "Total Revenue": NaN,
        "Gross Profit": 250,
        "Operating Income": 122,
        "EBIT": 170,
        "Net Income": 73
    },
    "2013-12-31": {
        "Diluted EPS": 1.34,
        "Total Revenue": NaN,
        "Gross Profit": 291,
        "Operating Income": 161,
        "EBIT": 210,
        "Net Income": 104
    },
    "2013-09-30": {
        "Diluted EPS": 1.1,
        "Total Revenue": NaN,
        "Gross Profit": 259,
        "Operating Income": 137,
        "EBIT": 184,
        "Net Income": 86
    },
    "2013-06-30": {
        "Diluted EPS": 1.2,
        "Total Revenue": NaN,
        "Gross Profit": 276,
        "Operating Income": 140,
        "EBIT": 189,
        "Net Income": 95
    },
    "2013-03-31": {
        "Diluted EPS": 1.41,
        "Total Revenue": NaN,
        "Gross Profit": 306,
        "Operating Income": 175,
        "EBIT": 224,
        "Net Income": 111
    },
    "2012-12-31": {
        "Diluted EPS": 1.41,
        "Total Revenue": NaN,
        "Gross Profit": 334,
        "Operating Income": 185,
        "EBIT": 235,
        "Net Income": 112
    },
    "2012-09-30": {
        "Diluted EPS": 1.45,
        "Total Revenue": NaN,
        "Gross Profit": 313,
        "Operating Income": 169,
        "EBIT": 223,
        "Net Income": 113
    },
    "2012-06-30": {
        "Diluted EPS": 1.4,
        "Total Revenue": NaN,
        "Gross Profit": 295,
        "Operating Income": 153,
        "EBIT": 206,
        "Net Income": 109
    },
    "2012-03-31": {
        "Diluted EPS": 1.21,
        "Total Revenue": NaN,
        "Gross Profit": 296,
        "Operating Income": 161,
        "EBIT": 215,
        "Net Income": 94
    },
    "2011-12-31": {
        "Diluted EPS": 1.22,
        "Total Revenue": NaN,
        "Gross Profit": 280,
        "Operating Income": 166,
        "EBIT": 221,
        "Net Income": 95
    },
    "2011-09-30": {
        "Diluted EPS": 1.12,
        "Total Revenue": NaN,
        "Gross Profit": 276,
        "Operating Income": 142,
        "EBIT": 195,
        "Net Income": 88
    },
    "2011-06-30": {
        "Diluted EPS": 1.01,
        "Total Revenue": NaN,
        "Gross Profit": 272,
        "Operating Income": 135,
        "EBIT": 189,
        "Net Income": 79
    },
    "2011-03-31": {
        "Diluted EPS": 1.97,
        "Total Revenue": NaN,
        "Gross Profit": 298,
        "Operating Income": 227,
        "EBIT": 276,
        "Net Income": 154
    },
    "2010-12-31": {
        "Diluted EPS": 0.67,
        "Total Revenue": NaN,
        "Gross Profit": 246,
        "Operating Income": 102,
        "EBIT": 152,
        "Net Income": 52
    },
    "2010-09-30": {
        "Diluted EPS": 0.48,
        "Total Revenue": NaN,
        "Gross Profit": 172,
        "Operating Income": 89,
        "EBIT": 124,
        "Net Income": 37
    },
    "2010-06-30": {
        "Diluted EPS": 0.48,
        "Total Revenue": NaN,
        "Gross Profit": 164,
        "Operating Income": 77,
        "EBIT": 112,
        "Net Income": 37
    },
    "2010-03-31": {
        "Diluted EPS": 0.57,
        "Total Revenue": 937,
        "Gross Profit": 143,
        "Operating Income": 72,
        "EBIT": 107,
        "Net Income": 43
    },
    "2009-12-31": {
        "Diluted EPS": 0.75,
        "Total Revenue": 959,
        "Gross Profit": 162,
        "Operating Income": 102,
        "EBIT": 137,
        "Net Income": 56
    },
    "2009-09-30": {
        "Diluted EPS": 0.7,
        "Total Revenue": 971,
        "Gross Profit": 153,
        "Operating Income": 87,
        "EBIT": 120,
        "Net Income": 53
    },
    "2009-06-30": {
        "Diluted EPS": -1.13,
        "Total Revenue": 912,
        "Gross Profit": 112,
        "Operating Income": -75,
        "EBIT": -43,
        "Net Income": -85
    },
    "2009-03-31": {
        "Diluted EPS": 0.22,
        "Total Revenue": 831,
        "Gross Profit": 93,
        "Operating Income": 38,
        "EBIT": 68,
        "Net Income": 17
    },
    "2023-06-30": {
        "Tax Effect Of Unusual Items": 0.0,
        "Tax Rate For Calcs": 0.251,
        "Normalized EBITDA": 304000000.0,
        "Total Unusual Items": 0.0,
        "Total Unusual Items Excluding Goodwill": 0.0,
        "Net Income From Continuing Operation Net Minority Interest": 163000000.0,
        "Reconciled Depreciation": 55000000.0,
        "Reconciled Cost Of Revenue": 1628000000.0,
        "EBITDA": 304000000.0,
        "EBIT": 249000000.0,
        "Net Interest Income": -30000000.0,
        "Interest Expense": 30000000.0,
        "Normalized Income": 163000000.0,
        "Net Income From Continuing And Discontinued Operation": 163000000.0,
        "Total Expenses": 1818000000.0,
        "Total Operating Income As Reported": 251000000.0,
        "Diluted Average Shares": 67300000.0,
        "Basic Average Shares": 66300000.0,
        "Diluted EPS": 2.42,
        "Basic EPS": 2.46,
        "Diluted NI Availto Com Stockholders": 163000000.0,
        "Net Income Common Stockholders": 163000000.0,
        "Net Income": 163000000.0,
        "Minority Interests": -1000000.0,
        "Net Income Including Noncontrolling Interests": 164000000.0,
        "Net Income Continuous Operations": 164000000.0,
        "Tax Provision": 55000000.0,
        "Pretax Income": 219000000.0,
        "Other Income Expense": -2000000.0,
        "Other Non Operating Income Expenses": -2000000.0,
        "Special Income Charges": 0.0,
        "Gain On Sale Of Business": NaN,
        "Restructuring And Mergern Acquisition": 0.0,
        "Net Non Operating Interest Income Expense": -30000000.0,
        "Interest Expense Non Operating": 30000000.0,
        "Operating Income": 251000000.0,
        "Operating Expense": 190000000.0,
        "Other Operating Expenses": 190000000.0,
        "Gross Profit": 441000000.0,
        "Cost Of Revenue": 1628000000.0,
        "Total Revenue": 2069000000.0,
        "Operating Revenue": 2069000000.0
    },
    "2023-09-30": {
        "Tax Effect Of Unusual Items": -1350000.0,
        "Tax Rate For Calcs": 0.135,
        "Normalized EBITDA": 277000000.0,
        "Total Unusual Items": -10000000.0,
        "Total Unusual Items Excluding Goodwill": -10000000.0,
        "Net Income From Continuing Operation Net Minority Interest": 158000000.0,
        "Reconciled Depreciation": 56000000.0,
        "Reconciled Cost Of Revenue": 1612000000.0,
        "EBITDA": 267000000.0,
        "EBIT": 211000000.0,
        "Net Interest Income": -26000000.0,
        "Interest Expense": 26000000.0,
        "Normalized Income": 166650000.0,
        "Net Income From Continuing And Discontinued Operation": 158000000.0,
        "Total Expenses": 1810000000.0,
        "Total Operating Income As Reported": 213000000.0,
        "Diluted Average Shares": 67000000.0,
        "Basic Average Shares": 66000000.0,
        "Diluted EPS": 2.36,
        "Basic EPS": 2.39,
        "Diluted NI Availto Com Stockholders": 158000000.0,
        "Net Income Common Stockholders": 158000000.0,
        "Net Income": 158000000.0,
        "Minority Interests": -2000000.0,
        "Net Income Including Noncontrolling Interests": 160000000.0,
        "Net Income Continuous Operations": 160000000.0,
        "Tax Provision": 25000000.0,
        "Pretax Income": 185000000.0,
        "Other Income Expense": -12000000.0,
        "Other Non Operating Income Expenses": -2000000.0,
        "Special Income Charges": -10000000.0,
        "Gain On Sale Of Business": NaN,
        "Restructuring And Mergern Acquisition": 10000000.0,
        "Net Non Operating Interest Income Expense": -26000000.0,
        "Interest Expense Non Operating": 26000000.0,
        "Operating Income": 223000000.0,
        "Operating Expense": 198000000.0,
        "Other Operating Expenses": 198000000.0,
        "Gross Profit": 421000000.0,
        "Cost Of Revenue": 1612000000.0,
        "Total Revenue": 2033000000.0,
        "Operating Revenue": 2033000000.0
    },
    "2023-12-31": {
        "Tax Effect Of Unusual Items": -244318.181818,
        "Tax Rate For Calcs": 0.244318,
        "Normalized EBITDA": 257000000.0,
        "Total Unusual Items": -1000000.0,
        "Total Unusual Items Excluding Goodwill": -1000000.0,
        "Net Income From Continuing Operation Net Minority Interest": 131000000.0,
        "Reconciled Depreciation": 54000000.0,
        "Reconciled Cost Of Revenue": 1521000000.0,
        "EBITDA": 256000000.0,
        "EBIT": 202000000.0,
        "Net Interest Income": -26000000.0,
        "Interest Expense": 26000000.0,
        "Normalized Income": 131755681.818182,
        "Net Income From Continuing And Discontinued Operation": 131000000.0,
        "Total Expenses": 1718000000.0,
        "Total Operating Income As Reported": 202000000.0,
        "Diluted Average Shares": 66400000.0,
        "Basic Average Shares": 65400000.0,
        "Diluted EPS": 1.97,
        "Basic EPS": 2.0,
        "Diluted NI Availto Com Stockholders": 131000000.0,
        "Net Income Common Stockholders": 131000000.0,
        "Net Income": 131000000.0,
        "Minority Interests": -2000000.0,
        "Net Income Including Noncontrolling Interests": 133000000.0,
        "Net Income Continuous Operations": 133000000.0,
        "Tax Provision": 43000000.0,
        "Pretax Income": 176000000.0,
        "Other Income Expense": -1000000.0,
        "Other Non Operating Income Expenses": 0.0,
        "Special Income Charges": -1000000.0,
        "Gain On Sale Of Business": NaN,
        "Restructuring And Mergern Acquisition": 1000000.0,
        "Net Non Operating Interest Income Expense": -26000000.0,
        "Interest Expense Non Operating": 26000000.0,
        "Operating Income": 203000000.0,
        "Operating Expense": 197000000.0,
        "Other Operating Expenses": 197000000.0,
        "Gross Profit": 400000000.0,
        "Cost Of Revenue": 1521000000.0,
        "Total Revenue": 1921000000.0,
        "Operating Revenue": 1921000000.0
    },
    "2024-03-31": {
        "Tax Effect Of Unusual Items": 16590000.0,
        "Tax Rate For Calcs": 0.21,
        "Normalized EBITDA": 269000000.0,
        "Total Unusual Items": 79000000.0,
        "Total Unusual Items Excluding Goodwill": 79000000.0,
        "Net Income From Continuing Operation Net Minority Interest": 216000000.0,
        "Reconciled Depreciation": 53000000.0,
        "Reconciled Cost Of Revenue": 1465000000.0,
        "EBITDA": 348000000.0,
        "EBIT": 295000000.0,
        "Net Interest Income": -19000000.0,
        "Interest Expense": 19000000.0,
        "Normalized Income": 153590000.0,
        "Net Income From Continuing And Discontinued Operation": 216000000.0,
        "Total Expenses": 1666000000.0,
        "Total Operating Income As Reported": 213000000.0,
        "Diluted Average Shares": 66800000.0,
        "Basic Average Shares": 65700000.0,
        "Diluted EPS": 3.23,
        "Basic EPS": 3.29,
        "Diluted NI Availto Com Stockholders": 216000000.0,
        "Net Income Common Stockholders": 216000000.0,
        "Net Income": 216000000.0,
        "Minority Interests": -2000000.0,
        "Net Income Including Noncontrolling Interests": 218000000.0,
        "Net Income Continuous Operations": 218000000.0,
        "Tax Provision": 58000000.0,
        "Pretax Income": 276000000.0,
        "Other Income Expense": 79000000.0,
        "Other Non Operating Income Expenses": NaN,
        "Special Income Charges": 79000000.0,
        "Gain On Sale Of Business": 82000000.0,
        "Restructuring And Mergern Acquisition": 3000000.0,
        "Net Non Operating Interest Income Expense": -19000000.0,
        "Interest Expense Non Operating": 19000000.0,
        "Operating Income": 216000000.0,
        "Operating Expense": 201000000.0,
        "Other Operating Expenses": 201000000.0,
        "Gross Profit": 417000000.0,
        "Cost Of Revenue": 1465000000.0,
        "Total Revenue": 1882000000.0,
        "Operating Revenue": 1882000000.0
    }
}