{
    "2023-03-31": {
        "Tax Effect Of Unusual Items": NaN,
        "Tax Rate For Calcs": NaN,
        "Normalized EBITDA": NaN,
        "Net Income From Continuing Operation Net Minority Interest": NaN,
        "Reconciled Depreciation": NaN,
        "EBITDA": NaN,
        "EBIT": NaN,
        "Net Interest Income": NaN,
        "Interest Income": NaN,
        "Normalized Income": NaN,
        "Net Income From Continuing And Discontinued Operation": NaN,
        "Total Expenses": NaN,
        "Total Operating Income As Reported": NaN,
        "Diluted Average Shares": NaN,
        "Basic Average Shares": NaN,
        "Diluted EPS": NaN,
        "Basic EPS": NaN,
        "Diluted NI Availto Com Stockholders": NaN,
        "Net Income Common Stockholders": NaN,
        "Net Income": NaN,
        "Net Income Including Noncontrolling Interests": NaN,
        "Net Income Continuous Operations": NaN,
        "Pretax Income": NaN,
        "Other Income Expense": NaN,
        "Other Non Operating Income Expenses": NaN,
        "Net Non Operating Interest Income Expense": NaN,
        "Total Other Finance Cost": -168055.0,
        "Interest Income Non Operating": NaN,
        "Operating Income": NaN,
        "Operating Expense": NaN,
        "Other Operating Expenses": NaN,
        "Research And Development": NaN,
        "Selling General And Administration": NaN,
        "General And Administrative Expense": NaN,
        "Other Gand A": NaN,
        "Total Revenue": NaN,
        "Operating Revenue": NaN
    },
    "2022-12-31": {
        "Tax Effect Of Unusual Items": NaN,
        "Tax Rate For Calcs": NaN,
        "Normalized EBITDA": NaN,
        "Total Unusual Items": 0.0,
        "Total Unusual Items Excluding Goodwill": 0.0,
        "Net Income From Continuing Operation Net Minority Interest": NaN,
        "Reconciled Depreciation": NaN,
        "EBITDA": NaN,
        "EBIT": NaN,
        "Net Interest Income": NaN,
        "Interest Income": NaN,
        "Normalized Income": NaN,
        "Net Income From Continuing And Discontinued Operation": NaN,
        "Total Expenses": NaN,
        "Total Operating Income As Reported": NaN,
        "Diluted Average Shares": NaN,
        "Basic Average Shares": NaN,
        "Diluted EPS": NaN,
        "Basic EPS": NaN,
        "Diluted NI Availto Com Stockholders": NaN,
        "Net Income Common Stockholders": NaN,
        "Net Income": NaN,
        "Net Income Including Noncontrolling Interests": NaN,
        "Net Income Continuous Operations": NaN,
        "Pretax Income": NaN,
        "Other Income Expense": -15365.0,
        "Other Non Operating Income Expenses": -15365.0,
        "Special Income Charges": 0.0,
        "Net Non Operating Interest Income Expense": NaN,
        "Total Other Finance Cost": -134835.0,
        "Interest Income Non Operating": NaN,
        "Operating Income": NaN,
        "Operating Expense": NaN,
        "Other Operating Expenses": NaN,
        "Research And Development": NaN,
        "Selling General And Administration": NaN,
        "General And Administrative Expense": NaN,
        "Other Gand A": NaN,
        "Total Revenue": NaN,
        "Operating Revenue": NaN
    },
    "2022-09-30": {
        "Tax Effect Of Unusual Items": NaN,
        "Tax Rate For Calcs": NaN,
        "Normalized EBITDA": NaN,
        "Total Unusual Items": 0.0,
        "Total Unusual Items Excluding Goodwill": 0.0,
        "Net Income From Continuing Operation Net Minority Interest": NaN,
        "Reconciled Depreciation": NaN,
        "EBITDA": NaN,
        "EBIT": NaN,
        "Net Interest Income": NaN,
        "Interest Income": 92960.0,
        "Normalized Income": NaN,
        "Net Income From Continuing And Discontinued Operation": NaN,
        "Total Expenses": NaN,
        "Total Operating Income As Reported": NaN,
        "Diluted Average Shares": 33757164.0,
        "Basic Average Shares": 33757164.0,
        "Diluted EPS": -0.19,
        "Basic EPS": -0.19,
        "Diluted NI Availto Com Stockholders": NaN,
        "Net Income Common Stockholders": NaN,
        "Net Income": NaN,
        "Net Income Including Noncontrolling Interests": NaN,
        "Net Income Continuous Operations": NaN,
        "Pretax Income": NaN,
        "Other Income Expense": 1562759.0,
        "Other Non Operating Income Expenses": 1562759.0,
        "Special Income Charges": 0.0,
        "Net Non Operating Interest Income Expense": NaN,
        "Total Other Finance Cost": -92960.0,
        "Interest Income Non Operating": 92960.0,
        "Operating Income": NaN,
        "Operating Expense": NaN,
        "Research And Development": NaN,
        "Selling General And Administration": NaN,
        "General And Administrative Expense": NaN,
        "Other Gand A": NaN,
        "Total Revenue": NaN,
        "Operating Revenue": NaN
    },
    "2022-06-30": {
        "Tax Effect Of Unusual Items": 0.0,
        "Tax Rate For Calcs": 0.0,
        "Normalized EBITDA": -7670122.0,
        "Total Unusual Items": NaN,
        "Total Unusual Items Excluding Goodwill": NaN,
        "Net Income From Continuing Operation Net Minority Interest": -6112742.0,
        "Reconciled Depreciation": 28309.0,
        "EBITDA": -7670122.0,
        "EBIT": -7698431.0,
        "Net Interest Income": 26377.0,
        "Normalized Income": -6112742.0,
        "Net Income From Continuing And Discontinued Operation": -6112742.0,
        "Total Expenses": 7698431.0,
        "Total Operating Income As Reported": -7698431.0,
        "Diluted Average Shares": 33619449.0,
        "Basic Average Shares": 33619449.0,
        "Diluted EPS": -0.18,
        "Basic EPS": -0.18,
        "Diluted NI Availto Com Stockholders": -6112742.0,
        "Net Income Common Stockholders": -6112742.0,
        "Net Income": -6112742.0,
        "Net Income Including Noncontrolling Interests": -6112742.0,
        "Net Income Continuous Operations": -6112742.0,
        "Pretax Income": -6112742.0,
        "Other Income Expense": 1559312.0,
        "Other Non Operating Income Expenses": 1559312.0,
        "Special Income Charges": NaN,
        "Net Non Operating Interest Income Expense": 26377.0,
        "Total Other Finance Cost": -26377.0,
        "Operating Income": -7698431.0,
        "Operating Expense": 7698431.0,
        "Research And Development": 5876092.0,
        "Selling General And Administration": 1822339.0,
        "General And Administrative Expense": 1822339.0,
        "Other Gand A": 1822339.0,
        "Total Revenue": 0.0,
        "Operating Revenue": 0.0
    },
    "2022-03-31": {
        "Diluted EPS": -0.23,
        "Total Revenue": NaN,
        "Gross Profit": NaN,
        "Operating Income": -7,
        "EBIT": -7,
        "Net Income": -8
    },
    "2021-12-31": {
        "Diluted EPS": -0.15,
        "Total Revenue": NaN,
        "Gross Profit": NaN,
        "Operating Income": -6,
        "EBIT": -6,
        "Net Income": -6
    },
    "2021-09-30": {
        "Diluted EPS": -0.59,
        "Total Revenue": NaN,
        "Gross Profit": NaN,
        "Operating Income": -13,
        "EBIT": -13,
        "Net Income": -14
    },
    "2021-06-30": {
        "Diluted EPS": -0.26,
        "Total Revenue": NaN,
        "Gross Profit": NaN,
        "Operating Income": -6,
        "EBIT": -6,
        "Net Income": -6
    },
    "2021-03-31": {
        "Diluted EPS": -0.16,
        "Total Revenue": NaN,
        "Gross Profit": NaN,
        "Operating Income": -3,
        "EBIT": -3,
        "Net Income": -4
    },
    "2020-12-31": {
        "Diluted EPS": 0.0,
        "Total Revenue": NaN,
        "Gross Profit": NaN,
        "Operating Income": NaN,
        "EBIT": NaN,
        "Net Income": NaN
    },
    "2020-09-30": {
        "Diluted EPS": -0.25,
        "Total Revenue": NaN,
        "Gross Profit": NaN,
        "Operating Income": 0,
        "EBIT": 0,
        "Net Income": -6
    },
    "2019-12-31": {
        "Diluted EPS": 0.0,
        "Total Revenue": NaN,
        "Gross Profit": NaN,
        "Operating Income": NaN,
        "EBIT": NaN,
        "Net Income": NaN
    },
    "2023-06-30": {
        "Tax Effect Of Unusual Items": NaN,
        "Tax Rate For Calcs": NaN,
        "Normalized EBITDA": NaN,
        "Net Income From Continuing Operation Net Minority Interest": NaN,
        "Reconciled Depreciation": NaN,
        "EBITDA": NaN,
        "EBIT": NaN,
        "Net Interest Income": NaN,
        "Interest Income": NaN,
        "Normalized Income": NaN,
        "Net Income From Continuing And Discontinued Operation": NaN,
        "Total Expenses": NaN,
        "Total Operating Income As Reported": NaN,
        "Diluted Average Shares": 34409064.0,
        "Basic Average Shares": 34409064.0,
        "Diluted EPS": -0.18,
        "Basic EPS": -0.18,
        "Diluted NI Availto Com Stockholders": NaN,
        "Net Income Common Stockholders": NaN,
        "Net Income": NaN,
        "Net Income Including Noncontrolling Interests": NaN,
        "Net Income Continuous Operations": NaN,
        "Pretax Income": NaN,
        "Other Income Expense": NaN,
        "Other Non Operating Income Expenses": NaN,
        "Net Non Operating Interest Income Expense": NaN,
        "Total Other Finance Cost": -146389.0,
        "Interest Income Non Operating": NaN,
        "Operating Income": NaN,
        "Operating Expense": NaN,
        "Other Operating Expenses": NaN,
        "Research And Development": NaN,
        "Selling General And Administration": NaN,
        "General And Administrative Expense": NaN,
        "Other Gand A": NaN,
        "Total Revenue": NaN,
        "Operating Revenue": NaN
    },
    "2023-09-30": {
        "Tax Effect Of Unusual Items": 0.0,
        "Tax Rate For Calcs": 0.0,
        "Normalized EBITDA": -5170108.0,
        "Net Income From Continuing Operation Net Minority Interest": -5116266.0,
        "Reconciled Depreciation": 53453.0,
        "EBITDA": -5170108.0,
        "EBIT": -5223561.0,
        "Net Interest Income": 107287.0,
        "Interest Income": 107287.0,
        "Normalized Income": -5116266.0,
        "Net Income From Continuing And Discontinued Operation": -5116266.0,
        "Total Expenses": 5223561.0,
        "Total Operating Income As Reported": -5223561.0,
        "Diluted Average Shares": 34497595.0,
        "Basic Average Shares": 34497595.0,
        "Diluted EPS": -0.15,
        "Basic EPS": -0.15,
        "Diluted NI Availto Com Stockholders": -5116266.0,
        "Net Income Common Stockholders": -5116266.0,
        "Net Income": -5116266.0,
        "Net Income Including Noncontrolling Interests": -5116266.0,
        "Net Income Continuous Operations": -5116266.0,
        "Pretax Income": -5116266.0,
        "Other Income Expense": 8.0,
        "Other Non Operating Income Expenses": 8.0,
        "Net Non Operating Interest Income Expense": 107287.0,
        "Total Other Finance Cost": NaN,
        "Interest Income Non Operating": 107287.0,
        "Operating Income": -5223561.0,
        "Operating Expense": 5223561.0,
        "Other Operating Expenses": NaN,
        "Research And Development": 3427373.0,
        "Selling General And Administration": 1796188.0,
        "General And Administrative Expense": 1796188.0,
        "Other Gand A": 1796188.0,
        "Total Revenue": 0.0,
        "Operating Revenue": 0.0
    },
    "2023-12-31": {
        "Tax Effect Of Unusual Items": 0.0,
        "Tax Rate For Calcs": 0.0,
        "Normalized EBITDA": -5446532.0,
        "Net Income From Continuing Operation Net Minority Interest": -5458597.0,
        "Reconciled Depreciation": 53572.0,
        "EBITDA": -5446532.0,
        "EBIT": -5500104.0,
        "Net Interest Income": 41525.0,
        "Interest Income": 41525.0,
        "Normalized Income": -5458597.0,
        "Net Income From Continuing And Discontinued Operation": -5458597.0,
        "Total Expenses": 5500104.0,
        "Total Operating Income As Reported": -5500104.0,
        "Diluted Average Shares": NaN,
        "Basic Average Shares": NaN,
        "Diluted EPS": NaN,
        "Basic EPS": NaN,
        "Diluted NI Availto Com Stockholders": -5458597.0,
        "Net Income Common Stockholders": -5458597.0,
        "Net Income": -5458597.0,
        "Net Income Including Noncontrolling Interests": -5458597.0,
        "Net Income Continuous Operations": -5458597.0,
        "Pretax Income": -5458597.0,
        "Other Income Expense": -18.0,
        "Other Non Operating Income Expenses": -18.0,
        "Net Non Operating Interest Income Expense": 41525.0,
        "Total Other Finance Cost": NaN,
        "Interest Income Non Operating": 41525.0,
        "Operating Income": -5500104.0,
        "Operating Expense": 5500104.0,
        "Other Operating Expenses": NaN,
        "Research And Development": 3310632.0,
        "Selling General And Administration": 2189472.0,
        "General And Administrative Expense": 2189472.0,
        "Other Gand A": 2189472.0,
        "Total Revenue": 0.0,
        "Operating Revenue": 0.0
    },
    "2024-03-31": {
        "Tax Effect Of Unusual Items": 0.0,
        "Tax Rate For Calcs": 0.0,
        "Normalized EBITDA": -3776083.0,
        "Net Income From Continuing Operation Net Minority Interest": -3813295.0,
        "Reconciled Depreciation": 53831.0,
        "EBITDA": -3776083.0,
        "EBIT": -3829914.0,
        "Net Interest Income": 16619.0,
        "Interest Income": 16619.0,
        "Normalized Income": -3813295.0,
        "Net Income From Continuing And Discontinued Operation": -3813295.0,
        "Total Expenses": 3829914.0,
        "Total Operating Income As Reported": -3829914.0,
        "Diluted Average Shares": 34642915.0,
        "Basic Average Shares": 34642915.0,
        "Diluted EPS": -0.11,
        "Basic EPS": -0.11,
        "Diluted NI Availto Com Stockholders": -3813295.0,
        "Net Income Common Stockholders": -3813295.0,
        "Net Income": -3813295.0,
        "Net Income Including Noncontrolling Interests": -3813295.0,
        "Net Income Continuous Operations": -3813295.0,
        "Pretax Income": -3813295.0,
        "Other Income Expense": NaN,
        "Other Non Operating Income Expenses": NaN,
        "Net Non Operating Interest Income Expense": 16619.0,
        "Total Other Finance Cost": NaN,
        "Interest Income Non Operating": 16619.0,
        "Operating Income": -3829914.0,
        "Operating Expense": 3829914.0,
        "Other Operating Expenses": NaN,
        "Research And Development": 2549482.0,
        "Selling General And Administration": 1280432.0,
        "General And Administrative Expense": 1280432.0,
        "Other Gand A": 1280432.0,
        "Total Revenue": 0.0,
        "Operating Revenue": 0.0
    },
    "2024-06-30": {
        "Tax Effect Of Unusual Items": 0.0,
        "Tax Rate For Calcs": 0.0,
        "Normalized EBITDA": -3025981.0,
        "Net Income From Continuing Operation Net Minority Interest": -2701806.0,
        "Reconciled Depreciation": 45100.0,
        "EBITDA": -3025981.0,
        "EBIT": -3071081.0,
        "Net Interest Income": 38360.0,
        "Interest Income": 38360.0,
        "Normalized Income": -2701806.0,
        "Net Income From Continuing And Discontinued Operation": -2701806.0,
        "Total Expenses": 3071081.0,
        "Total Operating Income As Reported": -3071081.0,
        "Diluted Average Shares": 37142021.0,
        "Basic Average Shares": 37142021.0,
        "Diluted EPS": -0.07,
        "Basic EPS": -0.07,
        "Diluted NI Availto Com Stockholders": -2701806.0,
        "Net Income Common Stockholders": -2701806.0,
        "Net Income": -2701806.0,
        "Net Income Including Noncontrolling Interests": -2701806.0,
        "Net Income Continuous Operations": -2701806.0,
        "Pretax Income": -2701806.0,
        "Other Income Expense": 330915.0,
        "Other Non Operating Income Expenses": 330915.0,
        "Net Non Operating Interest Income Expense": 38360.0,
        "Total Other Finance Cost": NaN,
        "Interest Income Non Operating": 38360.0,
        "Operating Income": -3071081.0,
        "Operating Expense": 3071081.0,
        "Other Operating Expenses": 169414.0,
        "Research And Development": 1839874.0,
        "Selling General And Administration": 1061793.0,
        "General And Administrative Expense": 1061793.0,
        "Other Gand A": 1061793.0,
        "Total Revenue": 0.0,
        "Operating Revenue": 0.0
    },
    "2024-09-30": {
        "Tax Effect Of Unusual Items": 0.0,
        "Tax Rate For Calcs": 0.0,
        "Normalized EBITDA": -1821975.0,
        "Net Income From Continuing Operation Net Minority Interest": -1806597.0,
        "Reconciled Depreciation": 62637.0,
        "EBITDA": -1821975.0,
        "EBIT": -1884612.0,
        "Net Interest Income": 78015.0,
        "Interest Income": 78015.0,
        "Normalized Income": -1806597.0,
        "Net Income From Continuing And Discontinued Operation": -1806597.0,
        "Total Expenses": 1884612.0,
        "Total Operating Income As Reported": -1884612.0,
        "Diluted Average Shares": 39533702.0,
        "Basic Average Shares": 39533702.0,
        "Diluted EPS": -0.05,
        "Basic EPS": -0.05,
        "Diluted NI Availto Com Stockholders": -1806597.0,
        "Net Income Common Stockholders": -1806597.0,
        "Net Income": -1806597.0,
        "Net Income Including Noncontrolling Interests": -1806597.0,
        "Net Income Continuous Operations": -1806597.0,
        "Pretax Income": -1806597.0,
        "Other Income Expense": NaN,
        "Other Non Operating Income Expenses": NaN,
        "Net Non Operating Interest Income Expense": 78015.0,
        "Total Other Finance Cost": NaN,
        "Interest Income Non Operating": 78015.0,
        "Operating Income": -1884612.0,
        "Operating Expense": 1884612.0,
        "Other Operating Expenses": 180941.0,
        "Research And Development": 540638.0,
        "Selling General And Administration": 1163033.0,
        "General And Administrative Expense": 1163033.0,
        "Other Gand A": 1163033.0,
        "Total Revenue": 0.0,
        "Operating Revenue": 0.0
    }
}