{
    "2023-12-31": {
        "Tax Effect Of Unusual Items": 0.0,
        "Tax Rate For Calcs": 0.21,
        "Normalized EBITDA": 454729.0,
        "Total Unusual Items": 0.0,
        "Total Unusual Items Excluding Goodwill": 0.0,
        "Net Income From Continuing Operation Net Minority Interest": 61638.0,
        "Reconciled Depreciation": 273202.0,
        "Reconciled Cost Of Revenue": 1456663.0,
        "EBITDA": 454729.0,
        "EBIT": 181527.0,
        "Net Interest Income": -119889.0,
        "Interest Expense": 119889.0,
        "Normalized Income": 61638.0,
        "Net Income From Continuing And Discontinued Operation": 61638.0,
        "Total Expenses": 4011162.0,
        "Total Operating Income As Reported": 181527.0,
        "Diluted Average Shares": NaN,
        "Basic Average Shares": NaN,
        "Diluted EPS": NaN,
        "Basic EPS": NaN,
        "Diluted NI Availto Com Stockholders": 61638.0,
        "Net Income Common Stockholders": 61638.0,
        "Net Income": 61638.0,
        "Net Income Including Noncontrolling Interests": 61638.0,
        "Net Income Continuous Operations": 61638.0,
        "Pretax Income": 61638.0,
        "Special Income Charges": 0.0,
        "Restructuring And Mergern Acquisition": 0.0,
        "Net Non Operating Interest Income Expense": -119889.0,
        "Interest Expense Non Operating": 119889.0,
        "Operating Income": 181527.0,
        "Operating Expense": 2540565.0,
        "Depreciation Amortization Depletion Income Statement": 259268.0,
        "Depreciation And Amortization In Income Statement": 259268.0,
        "Selling General And Administration": 2281297.0,
        "Selling And Marketing Expense": 458768.0,
        "General And Administrative Expense": 1822529.0,
        "Other Gand A": 1822529.0,
        "Gross Profit": 2722092.0,
        "Cost Of Revenue": 1470597.0,
        "Total Revenue": 4192689.0,
        "Operating Revenue": 4192689.0
    },
    "2023-09-30": {
        "Tax Effect Of Unusual Items": 0.0,
        "Tax Rate For Calcs": 0.21,
        "Normalized EBITDA": 606515.0,
        "Total Unusual Items": 0.0,
        "Total Unusual Items Excluding Goodwill": 0.0,
        "Net Income From Continuing Operation Net Minority Interest": 209331.0,
        "Reconciled Depreciation": 260960.0,
        "Reconciled Cost Of Revenue": 1629616.0,
        "EBITDA": 606515.0,
        "EBIT": 345555.0,
        "Net Interest Income": -136224.0,
        "Interest Expense": 136224.0,
        "Normalized Income": 209331.0,
        "Net Income From Continuing And Discontinued Operation": 209331.0,
        "Total Expenses": 3902874.0,
        "Total Operating Income As Reported": 345555.0,
        "Diluted Average Shares": 4387515.0,
        "Basic Average Shares": 4073757.0,
        "Diluted EPS": 0.05,
        "Basic EPS": 0.05,
        "Diluted NI Availto Com Stockholders": 209331.0,
        "Net Income Common Stockholders": 209331.0,
        "Net Income": 209331.0,
        "Net Income Including Noncontrolling Interests": 209331.0,
        "Net Income Continuous Operations": 209331.0,
        "Pretax Income": 209331.0,
        "Special Income Charges": 0.0,
        "Restructuring And Mergern Acquisition": 0.0,
        "Net Non Operating Interest Income Expense": -136224.0,
        "Interest Expense Non Operating": 136224.0,
        "Operating Income": 345555.0,
        "Operating Expense": 2260036.0,
        "Depreciation Amortization Depletion Income Statement": 247738.0,
        "Depreciation And Amortization In Income Statement": 247738.0,
        "Selling General And Administration": 2012298.0,
        "Selling And Marketing Expense": 496289.0,
        "General And Administrative Expense": 1516009.0,
        "Other Gand A": 1516009.0,
        "Gross Profit": 2605591.0,
        "Cost Of Revenue": 1642838.0,
        "Total Revenue": 4248429.0,
        "Operating Revenue": 4248429.0
    },
    "2023-06-30": {
        "Tax Effect Of Unusual Items": NaN,
        "Tax Rate For Calcs": NaN,
        "Normalized EBITDA": NaN,
        "Total Unusual Items": 0.0,
        "Total Unusual Items Excluding Goodwill": 0.0,
        "Net Income From Continuing Operation Net Minority Interest": NaN,
        "Reconciled Depreciation": NaN,
        "Reconciled Cost Of Revenue": NaN,
        "EBITDA": NaN,
        "EBIT": NaN,
        "Net Interest Income": NaN,
        "Interest Expense": NaN,
        "Normalized Income": NaN,
        "Net Income From Continuing And Discontinued Operation": NaN,
        "Total Expenses": NaN,
        "Total Operating Income As Reported": NaN,
        "Diluted Average Shares": 4073757.0,
        "Basic Average Shares": 4073757.0,
        "Diluted EPS": 0.03,
        "Basic EPS": 0.03,
        "Diluted NI Availto Com Stockholders": NaN,
        "Net Income Common Stockholders": NaN,
        "Net Income": NaN,
        "Net Income Including Noncontrolling Interests": NaN,
        "Net Income Continuous Operations": NaN,
        "Pretax Income": NaN,
        "Special Income Charges": 0.0,
        "Restructuring And Mergern Acquisition": 0.0,
        "Net Non Operating Interest Income Expense": NaN,
        "Interest Expense Non Operating": NaN,
        "Operating Income": NaN,
        "Operating Expense": NaN,
        "Depreciation Amortization Depletion Income Statement": NaN,
        "Depreciation And Amortization In Income Statement": NaN,
        "Selling General And Administration": NaN,
        "Selling And Marketing Expense": NaN,
        "General And Administrative Expense": NaN,
        "Other Gand A": NaN,
        "Gross Profit": NaN,
        "Cost Of Revenue": NaN,
        "Total Revenue": NaN,
        "Operating Revenue": NaN
    },
    "2023-03-31": {
        "Tax Effect Of Unusual Items": NaN,
        "Tax Rate For Calcs": NaN,
        "Normalized EBITDA": NaN,
        "Total Unusual Items": 0.0,
        "Total Unusual Items Excluding Goodwill": 0.0,
        "Net Income From Continuing Operation Net Minority Interest": NaN,
        "Reconciled Depreciation": NaN,
        "Reconciled Cost Of Revenue": NaN,
        "EBITDA": NaN,
        "EBIT": NaN,
        "Net Interest Income": NaN,
        "Interest Expense": NaN,
        "Normalized Income": NaN,
        "Net Income From Continuing And Discontinued Operation": NaN,
        "Total Expenses": NaN,
        "Total Operating Income As Reported": NaN,
        "Diluted Average Shares": NaN,
        "Basic Average Shares": NaN,
        "Diluted EPS": NaN,
        "Basic EPS": NaN,
        "Diluted NI Availto Com Stockholders": NaN,
        "Net Income Common Stockholders": NaN,
        "Net Income": NaN,
        "Net Income Including Noncontrolling Interests": NaN,
        "Net Income Continuous Operations": NaN,
        "Pretax Income": NaN,
        "Special Income Charges": 0.0,
        "Restructuring And Mergern Acquisition": 0.0,
        "Net Non Operating Interest Income Expense": NaN,
        "Interest Expense Non Operating": NaN,
        "Operating Income": NaN,
        "Operating Expense": NaN,
        "Depreciation Amortization Depletion Income Statement": NaN,
        "Depreciation And Amortization In Income Statement": NaN,
        "Selling General And Administration": NaN,
        "Selling And Marketing Expense": NaN,
        "General And Administrative Expense": NaN,
        "Other Gand A": NaN,
        "Gross Profit": NaN,
        "Cost Of Revenue": NaN,
        "Total Revenue": NaN,
        "Operating Revenue": NaN
    },
    "2024-03-31": {
        "Tax Effect Of Unusual Items": 0.0,
        "Tax Rate For Calcs": 0.0,
        "Normalized EBITDA": 246298.0,
        "Total Unusual Items": NaN,
        "Total Unusual Items Excluding Goodwill": NaN,
        "Net Income From Continuing Operation Net Minority Interest": -174714.0,
        "Reconciled Depreciation": 280778.0,
        "Reconciled Cost Of Revenue": 1590672.0,
        "EBITDA": 246298.0,
        "EBIT": -34480.0,
        "Net Interest Income": -140234.0,
        "Interest Expense": 140234.0,
        "Normalized Income": -174714.0,
        "Net Income From Continuing And Discontinued Operation": -174714.0,
        "Total Expenses": 4541564.0,
        "Total Operating Income As Reported": -34480.0,
        "Diluted Average Shares": 4113621.0,
        "Basic Average Shares": 4113621.0,
        "Diluted EPS": -0.04,
        "Basic EPS": -0.04,
        "Diluted NI Availto Com Stockholders": -174714.0,
        "Net Income Common Stockholders": -174714.0,
        "Net Income": -174714.0,
        "Net Income Including Noncontrolling Interests": -174714.0,
        "Net Income Continuous Operations": -174714.0,
        "Pretax Income": -174714.0,
        "Special Income Charges": NaN,
        "Restructuring And Mergern Acquisition": NaN,
        "Net Non Operating Interest Income Expense": -140234.0,
        "Interest Expense Non Operating": 140234.0,
        "Operating Income": -34480.0,
        "Operating Expense": 2934124.0,
        "Depreciation Amortization Depletion Income Statement": 264010.0,
        "Depreciation And Amortization In Income Statement": 264010.0,
        "Selling General And Administration": 2670114.0,
        "Selling And Marketing Expense": 541621.0,
        "General And Administrative Expense": 2128493.0,
        "Other Gand A": 2128493.0,
        "Gross Profit": 2899644.0,
        "Cost Of Revenue": 1607440.0,
        "Total Revenue": 4507084.0,
        "Operating Revenue": 4507084.0
    },
    "2022-12-31": {
        "Tax Effect Of Unusual Items": NaN,
        "Tax Rate For Calcs": NaN,
        "Normalized EBITDA": NaN,
        "Total Unusual Items": 57347.0,
        "Total Unusual Items Excluding Goodwill": 57347.0,
        "Net Income From Continuing Operation Net Minority Interest": NaN,
        "Reconciled Depreciation": NaN,
        "Reconciled Cost Of Revenue": NaN,
        "EBITDA": NaN,
        "EBIT": NaN,
        "Net Interest Income": NaN,
        "Interest Expense": NaN,
        "Normalized Income": NaN,
        "Net Income From Continuing And Discontinued Operation": NaN,
        "Total Expenses": NaN,
        "Total Operating Income As Reported": NaN,
        "Diluted Average Shares": NaN,
        "Basic Average Shares": NaN,
        "Diluted EPS": NaN,
        "Basic EPS": NaN,
        "Diluted NI Availto Com Stockholders": NaN,
        "Net Income Common Stockholders": NaN,
        "Net Income": NaN,
        "Net Income Including Noncontrolling Interests": NaN,
        "Net Income Continuous Operations": NaN,
        "Pretax Income": NaN,
        "Other Income Expense": 57347.0,
        "Special Income Charges": 57347.0,
        "Restructuring And Mergern Acquisition": -57347.0,
        "Net Non Operating Interest Income Expense": NaN,
        "Interest Expense Non Operating": NaN,
        "Operating Income": NaN,
        "Operating Expense": NaN,
        "Depreciation Amortization Depletion Income Statement": NaN,
        "Depreciation And Amortization In Income Statement": NaN,
        "Selling General And Administration": NaN,
        "Selling And Marketing Expense": NaN,
        "General And Administrative Expense": NaN,
        "Other Gand A": NaN,
        "Gross Profit": NaN,
        "Cost Of Revenue": NaN,
        "Total Revenue": NaN,
        "Operating Revenue": NaN
    },
    "2022-09-30": {
        "Tax Effect Of Unusual Items": NaN,
        "Tax Rate For Calcs": NaN,
        "Normalized EBITDA": NaN,
        "Total Unusual Items": NaN,
        "Total Unusual Items Excluding Goodwill": NaN,
        "Net Income From Continuing Operation Net Minority Interest": NaN,
        "Reconciled Depreciation": NaN,
        "Reconciled Cost Of Revenue": NaN,
        "EBITDA": NaN,
        "EBIT": NaN,
        "Net Interest Income": NaN,
        "Interest Expense": NaN,
        "Normalized Income": NaN,
        "Net Income From Continuing And Discontinued Operation": NaN,
        "Total Expenses": NaN,
        "Total Operating Income As Reported": NaN,
        "Diluted Average Shares": 4695162.0,
        "Basic Average Shares": 4073757.0,
        "Diluted EPS": 0.05,
        "Basic EPS": 0.05,
        "Diluted NI Availto Com Stockholders": NaN,
        "Net Income Common Stockholders": NaN,
        "Net Income": NaN,
        "Net Income Including Noncontrolling Interests": NaN,
        "Net Income Continuous Operations": NaN,
        "Tax Provision": 0.0,
        "Pretax Income": NaN,
        "Other Income Expense": -28494.0,
        "Special Income Charges": NaN,
        "Restructuring And Mergern Acquisition": NaN,
        "Net Non Operating Interest Income Expense": NaN,
        "Interest Expense Non Operating": NaN,
        "Operating Income": NaN,
        "Operating Expense": NaN,
        "Depreciation Amortization Depletion Income Statement": NaN,
        "Depreciation And Amortization In Income Statement": NaN,
        "Selling General And Administration": NaN,
        "Selling And Marketing Expense": NaN,
        "General And Administrative Expense": NaN,
        "Other Gand A": NaN,
        "Gross Profit": NaN,
        "Cost Of Revenue": NaN,
        "Total Revenue": NaN,
        "Operating Revenue": NaN
    },
    "2024-06-30": {
        "Tax Effect Of Unusual Items": 0.0,
        "Tax Rate For Calcs": 0.21,
        "Normalized EBITDA": 464930.0,
        "Total Unusual Items": NaN,
        "Total Unusual Items Excluding Goodwill": NaN,
        "Net Income From Continuing Operation Net Minority Interest": 75050.0,
        "Reconciled Depreciation": 292824.0,
        "Reconciled Cost Of Revenue": 1620428.0,
        "EBITDA": 464930.0,
        "EBIT": 172106.0,
        "Net Interest Income": -97056.0,
        "Interest Expense": 97056.0,
        "Normalized Income": 75050.0,
        "Net Income From Continuing And Discontinued Operation": 75050.0,
        "Total Expenses": 4469487.0,
        "Total Operating Income As Reported": 172106.0,
        "Diluted Average Shares": 4722063.0,
        "Basic Average Shares": 4229518.0,
        "Diluted EPS": 0.02,
        "Basic EPS": 0.02,
        "Diluted NI Availto Com Stockholders": 75050.0,
        "Net Income Common Stockholders": 75050.0,
        "Net Income": 75050.0,
        "Net Income Including Noncontrolling Interests": 75050.0,
        "Net Income Continuous Operations": 75050.0,
        "Pretax Income": 75050.0,
        "Special Income Charges": NaN,
        "Restructuring And Mergern Acquisition": NaN,
        "Net Non Operating Interest Income Expense": -97056.0,
        "Interest Expense Non Operating": 97056.0,
        "Operating Income": 172106.0,
        "Operating Expense": 2830873.0,
        "Depreciation Amortization Depletion Income Statement": 274638.0,
        "Depreciation And Amortization In Income Statement": 274638.0,
        "Selling General And Administration": 2556235.0,
        "Selling And Marketing Expense": 530439.0,
        "General And Administrative Expense": 2025796.0,
        "Other Gand A": 2025796.0,
        "Gross Profit": 3002979.0,
        "Cost Of Revenue": 1638614.0,
        "Total Revenue": 4641593.0,
        "Operating Revenue": 4641593.0
    },
    "2024-09-30": {
        "Tax Effect Of Unusual Items": 0.0,
        "Tax Rate For Calcs": 0.0,
        "Normalized EBITDA": 7698.0,
        "Total Unusual Items": NaN,
        "Total Unusual Items Excluding Goodwill": NaN,
        "Net Income From Continuing Operation Net Minority Interest": -392850.0,
        "Reconciled Depreciation": 305909.0,
        "Reconciled Cost Of Revenue": 1765585.0,
        "EBITDA": 7698.0,
        "EBIT": -298211.0,
        "Net Interest Income": -94639.0,
        "Interest Expense": 94639.0,
        "Normalized Income": -392850.0,
        "Net Income From Continuing And Discontinued Operation": -392850.0,
        "Total Expenses": 4887836.0,
        "Total Operating Income As Reported": -298211.0,
        "Diluted Average Shares": 4230806.0,
        "Basic Average Shares": 4230806.0,
        "Diluted EPS": -0.09,
        "Basic EPS": -0.09,
        "Diluted NI Availto Com Stockholders": -392850.0,
        "Net Income Common Stockholders": -392850.0,
        "Net Income": -392850.0,
        "Net Income Including Noncontrolling Interests": -392850.0,
        "Net Income Continuous Operations": -392850.0,
        "Pretax Income": -392850.0,
        "Special Income Charges": NaN,
        "Restructuring And Mergern Acquisition": NaN,
        "Net Non Operating Interest Income Expense": -94639.0,
        "Interest Expense Non Operating": 94639.0,
        "Operating Income": -298211.0,
        "Operating Expense": 3104065.0,
        "Depreciation Amortization Depletion Income Statement": 287723.0,
        "Depreciation And Amortization In Income Statement": 287723.0,
        "Selling General And Administration": 2816342.0,
        "Selling And Marketing Expense": 702500.0,
        "General And Administrative Expense": 2113842.0,
        "Other Gand A": 2113842.0,
        "Gross Profit": 2805854.0,
        "Cost Of Revenue": 1783771.0,
        "Total Revenue": 4589625.0,
        "Operating Revenue": 4589625.0
    }
}