{
    "2023-03-31": {
        "Tax Effect Of Unusual Items": 0.0,
        "Tax Rate For Calcs": 0.0,
        "Normalized EBITDA": -42401919.0,
        "Total Unusual Items": 3218215.0,
        "Total Unusual Items Excluding Goodwill": 3218215.0,
        "Net Income From Continuing Operation Net Minority Interest": -40649317.0,
        "Reconciled Depreciation": 1152125.0,
        "EBITDA": -39183704.0,
        "EBIT": -40335829.0,
        "Net Interest Income": 1893683.0,
        "Interest Expense": 313488.0,
        "Interest Income": 2207171.0,
        "Normalized Income": -43867532.0,
        "Net Income From Continuing And Discontinued Operation": -40649317.0,
        "Total Expenses": 44067121.0,
        "Total Operating Income As Reported": -43952178.0,
        "Diluted Average Shares": 21536476.0,
        "Basic Average Shares": 21536476.0,
        "Diluted EPS": -1.89,
        "Basic EPS": -1.89,
        "Diluted NI Availto Com Stockholders": -40649317.0,
        "Net Income Common Stockholders": -40649317.0,
        "Net Income": -40649317.0,
        "Net Income Including Noncontrolling Interests": -40649317.0,
        "Net Income Continuous Operations": -40649317.0,
        "Earnings From Equity Interest Net Of Tax": 0.0,
        "Pretax Income": -40649317.0,
        "Other Income Expense": 1409178.0,
        "Other Non Operating Income Expenses": -2425676.0,
        "Special Income Charges": NaN,
        "Impairment Of Capital Assets": NaN,
        "Earnings From Equity Interest": 616639.0,
        "Gain On Sale Of Security": 3218215.0,
        "Net Non Operating Interest Income Expense": 1893683.0,
        "Interest Expense Non Operating": 313488.0,
        "Interest Income Non Operating": 2207171.0,
        "Operating Income": -43952178.0,
        "Operating Expense": 44067121.0,
        "Research And Development": 30176511.0,
        "Selling General And Administration": 13890610.0,
        "General And Administrative Expense": 13890610.0,
        "Other Gand A": 13890610.0,
        "Total Revenue": 114943.0,
        "Operating Revenue": 114943.0
    },
    "2022-12-31": {
        "Tax Effect Of Unusual Items": NaN,
        "Tax Rate For Calcs": NaN,
        "Normalized EBITDA": NaN,
        "Total Unusual Items": NaN,
        "Total Unusual Items Excluding Goodwill": NaN,
        "Net Income From Continuing Operation Net Minority Interest": NaN,
        "Reconciled Depreciation": NaN,
        "EBITDA": NaN,
        "EBIT": NaN,
        "Net Interest Income": NaN,
        "Interest Expense": NaN,
        "Interest Income": NaN,
        "Normalized Income": NaN,
        "Net Income From Continuing And Discontinued Operation": NaN,
        "Total Expenses": NaN,
        "Total Operating Income As Reported": NaN,
        "Diluted Average Shares": NaN,
        "Basic Average Shares": NaN,
        "Diluted EPS": NaN,
        "Basic EPS": NaN,
        "Diluted NI Availto Com Stockholders": NaN,
        "Net Income Common Stockholders": NaN,
        "Net Income": NaN,
        "Net Income Including Noncontrolling Interests": NaN,
        "Net Income Continuous Operations": NaN,
        "Earnings From Equity Interest Net Of Tax": 0.0,
        "Pretax Income": NaN,
        "Other Income Expense": NaN,
        "Other Non Operating Income Expenses": NaN,
        "Special Income Charges": NaN,
        "Impairment Of Capital Assets": NaN,
        "Earnings From Equity Interest": NaN,
        "Gain On Sale Of Security": NaN,
        "Net Non Operating Interest Income Expense": NaN,
        "Interest Expense Non Operating": NaN,
        "Interest Income Non Operating": NaN,
        "Operating Income": NaN,
        "Operating Expense": NaN,
        "Research And Development": NaN,
        "Selling General And Administration": NaN,
        "General And Administrative Expense": NaN,
        "Other Gand A": NaN,
        "Total Revenue": NaN,
        "Operating Revenue": NaN
    },
    "2022-09-30": {
        "Tax Effect Of Unusual Items": NaN,
        "Tax Rate For Calcs": NaN,
        "Normalized EBITDA": NaN,
        "Total Unusual Items": NaN,
        "Total Unusual Items Excluding Goodwill": NaN,
        "Net Income From Continuing Operation Net Minority Interest": NaN,
        "Reconciled Depreciation": NaN,
        "EBITDA": NaN,
        "EBIT": NaN,
        "Net Interest Income": NaN,
        "Interest Expense": NaN,
        "Interest Income": NaN,
        "Normalized Income": NaN,
        "Net Income From Continuing And Discontinued Operation": NaN,
        "Total Expenses": NaN,
        "Total Operating Income As Reported": NaN,
        "Diluted Average Shares": 20779251.0,
        "Basic Average Shares": 20779251.0,
        "Diluted EPS": -1.8,
        "Basic EPS": -1.8,
        "Diluted NI Availto Com Stockholders": NaN,
        "Net Income Common Stockholders": NaN,
        "Net Income": NaN,
        "Net Income Including Noncontrolling Interests": NaN,
        "Net Income Continuous Operations": NaN,
        "Earnings From Equity Interest Net Of Tax": NaN,
        "Pretax Income": NaN,
        "Other Income Expense": NaN,
        "Other Non Operating Income Expenses": NaN,
        "Special Income Charges": 0.0,
        "Impairment Of Capital Assets": 0.0,
        "Earnings From Equity Interest": NaN,
        "Gain On Sale Of Security": NaN,
        "Net Non Operating Interest Income Expense": NaN,
        "Interest Expense Non Operating": NaN,
        "Interest Income Non Operating": NaN,
        "Operating Income": NaN,
        "Operating Expense": NaN,
        "Research And Development": NaN,
        "Selling General And Administration": NaN,
        "General And Administrative Expense": NaN,
        "Other Gand A": NaN,
        "Total Revenue": NaN,
        "Operating Revenue": NaN
    },
    "2022-06-30": {
        "Tax Effect Of Unusual Items": 0.0,
        "Tax Rate For Calcs": 0.0,
        "Normalized EBITDA": -102806672.0,
        "Total Unusual Items": -3967101.0,
        "Total Unusual Items Excluding Goodwill": -3967101.0,
        "Net Income From Continuing Operation Net Minority Interest": -108497311.0,
        "Reconciled Depreciation": 1410050.0,
        "EBITDA": -106773773.0,
        "EBIT": -108183823.0,
        "Net Interest Income": 544179.0,
        "Interest Expense": 313488.0,
        "Interest Income": 857667.0,
        "Normalized Income": -104530210.0,
        "Net Income From Continuing And Discontinued Operation": -108497311.0,
        "Total Expenses": 104921721.0,
        "Total Operating Income As Reported": -104137326.0,
        "Diluted Average Shares": 235278276.0,
        "Basic Average Shares": 235278276.0,
        "Diluted EPS": -0.46,
        "Basic EPS": -0.46,
        "Diluted NI Availto Com Stockholders": -108497311.0,
        "Net Income Common Stockholders": -108497311.0,
        "Net Income": -108497311.0,
        "Net Income Including Noncontrolling Interests": -108497311.0,
        "Net Income Continuous Operations": -108497311.0,
        "Earnings From Equity Interest Net Of Tax": 0.0,
        "Pretax Income": -108497311.0,
        "Other Income Expense": -4904164.0,
        "Other Non Operating Income Expenses": -3048.0,
        "Earnings From Equity Interest": -934015.0,
        "Gain On Sale Of Security": -3967101.0,
        "Net Non Operating Interest Income Expense": 544179.0,
        "Interest Expense Non Operating": 313488.0,
        "Interest Income Non Operating": 857667.0,
        "Operating Income": -104137326.0,
        "Operating Expense": 104921721.0,
        "Research And Development": 56464885.0,
        "Selling General And Administration": 48456836.0,
        "General And Administrative Expense": 48456836.0,
        "Other Gand A": 48456836.0,
        "Total Revenue": 784395.0,
        "Operating Revenue": 43053.0
    },
    "2022-03-31": {
        "Diluted EPS": -0.36,
        "Total Revenue": 0,
        "Gross Profit": 0,
        "Operating Income": -72,
        "EBIT": -70,
        "Net Income": -79
    },
    "2021-12-31": {
        "Diluted EPS": -0.5,
        "Total Revenue": 1,
        "Gross Profit": 1,
        "Operating Income": -106,
        "EBIT": -104,
        "Net Income": -107
    },
    "2021-09-30": {
        "Diluted EPS": -0.29,
        "Total Revenue": 0,
        "Gross Profit": 0,
        "Operating Income": -60,
        "EBIT": -58,
        "Net Income": -60
    },
    "2021-06-30": {
        "Diluted EPS": -0.39,
        "Total Revenue": 0,
        "Gross Profit": 0,
        "Operating Income": -83,
        "EBIT": -82,
        "Net Income": -82
    },
    "2021-03-31": {
        "Diluted EPS": -0.27,
        "Total Revenue": 0,
        "Gross Profit": 0,
        "Operating Income": -53,
        "EBIT": -51,
        "Net Income": -54
    },
    "2020-12-31": {
        "Diluted EPS": -0.09,
        "Total Revenue": 6,
        "Gross Profit": 6,
        "Operating Income": -29,
        "EBIT": -27,
        "Net Income": -24
    },
    "2020-09-30": {
        "Diluted EPS": 0.11,
        "Total Revenue": 0,
        "Gross Profit": 0,
        "Operating Income": -36,
        "EBIT": -35,
        "Net Income": 19
    },
    "2020-06-30": {
        "Diluted EPS": -0.83,
        "Total Revenue": 0,
        "Gross Profit": 0,
        "Operating Income": -33,
        "EBIT": -33,
        "Net Income": -129
    },
    "2020-03-31": {
        "Diluted EPS": -0.26,
        "Total Revenue": 1,
        "Gross Profit": 1,
        "Operating Income": -25,
        "EBIT": -24,
        "Net Income": -33
    },
    "2019-12-31": {
        "Diluted EPS": -0.36,
        "Total Revenue": 0,
        "Gross Profit": 0,
        "Operating Income": -30,
        "EBIT": -28,
        "Net Income": -38
    },
    "2019-09-30": {
        "Diluted EPS": -0.25,
        "Total Revenue": 1,
        "Gross Profit": 1,
        "Operating Income": -24,
        "EBIT": -23,
        "Net Income": -23
    },
    "2019-06-30": {
        "Diluted EPS": -0.3,
        "Total Revenue": 0,
        "Gross Profit": 0,
        "Operating Income": -28,
        "EBIT": -27,
        "Net Income": -29
    },
    "2019-03-31": {
        "Diluted EPS": -0.3,
        "Total Revenue": 3,
        "Gross Profit": 3,
        "Operating Income": -29,
        "EBIT": -27,
        "Net Income": -29
    },
    "2018-12-31": {
        "Diluted EPS": -0.34,
        "Total Revenue": 3,
        "Gross Profit": 3,
        "Operating Income": -29,
        "EBIT": -28,
        "Net Income": -33
    },
    "2018-09-30": {
        "Diluted EPS": -0.27,
        "Total Revenue": 2,
        "Gross Profit": 2,
        "Operating Income": -27,
        "EBIT": -25,
        "Net Income": -25
    },
    "2018-06-30": {
        "Diluted EPS": -0.08,
        "Total Revenue": 24,
        "Gross Profit": 24,
        "Operating Income": -5,
        "EBIT": -4,
        "Net Income": -7
    },
    "2018-03-31": {
        "Diluted EPS": -0.36,
        "Total Revenue": 2,
        "Gross Profit": 2,
        "Operating Income": -33,
        "EBIT": -31,
        "Net Income": -32
    },
    "2017-12-31": {
        "Diluted EPS": -0.25,
        "Total Revenue": 9,
        "Gross Profit": 9,
        "Operating Income": -23,
        "EBIT": -22,
        "Net Income": -22
    },
    "2017-09-30": {
        "Diluted EPS": -0.4,
        "Total Revenue": 3,
        "Gross Profit": 3,
        "Operating Income": -29,
        "EBIT": -28,
        "Net Income": -34
    },
    "2017-06-30": {
        "Diluted EPS": -0.13,
        "Total Revenue": 20,
        "Gross Profit": 20,
        "Operating Income": -10,
        "EBIT": -9,
        "Net Income": -9
    },
    "2017-03-31": {
        "Diluted EPS": -0.31,
        "Total Revenue": 10,
        "Gross Profit": 10,
        "Operating Income": -22,
        "EBIT": -21,
        "Net Income": -23
    },
    "2016-12-31": {
        "Diluted EPS": -0.36,
        "Total Revenue": 9,
        "Gross Profit": 9,
        "Operating Income": -22,
        "EBIT": -21,
        "Net Income": -26
    },
    "2016-09-30": {
        "Diluted EPS": -0.28,
        "Total Revenue": 13,
        "Gross Profit": 13,
        "Operating Income": -20,
        "EBIT": -19,
        "Net Income": -21
    },
    "2016-06-30": {
        "Diluted EPS": -0.26,
        "Total Revenue": 6,
        "Gross Profit": 6,
        "Operating Income": -18,
        "EBIT": -17,
        "Net Income": -19
    },
    "2016-03-31": {
        "Diluted EPS": -0.11,
        "Total Revenue": 8,
        "Gross Profit": 8,
        "Operating Income": -15,
        "EBIT": -15,
        "Net Income": -8
    },
    "2015-12-31": {
        "Diluted EPS": -0.24,
        "Total Revenue": 6,
        "Gross Profit": 6,
        "Operating Income": -15,
        "EBIT": -14,
        "Net Income": -18
    },
    "2015-09-30": {
        "Diluted EPS": 0.07,
        "Total Revenue": 24,
        "Gross Profit": 24,
        "Operating Income": 4,
        "EBIT": 4,
        "Net Income": 6
    },
    "2015-06-30": {
        "Diluted EPS": -0.09,
        "Total Revenue": 5,
        "Gross Profit": 5,
        "Operating Income": -15,
        "EBIT": -15,
        "Net Income": -6
    },
    "2015-03-31": {
        "Diluted EPS": -0.18,
        "Total Revenue": 5,
        "Gross Profit": 5,
        "Operating Income": -8,
        "EBIT": -8,
        "Net Income": -11
    },
    "2014-12-31": {
        "Diluted EPS": -0.13,
        "Total Revenue": 2,
        "Gross Profit": 2,
        "Operating Income": -11,
        "EBIT": -11,
        "Net Income": -7
    },
    "2014-09-30": {
        "Diluted EPS": -0.12,
        "Total Revenue": 2,
        "Gross Profit": 2,
        "Operating Income": -8,
        "EBIT": -8,
        "Net Income": -7
    },
    "2014-06-30": {
        "Diluted EPS": -0.19,
        "Total Revenue": 4,
        "Gross Profit": 4,
        "Operating Income": -10,
        "EBIT": -10,
        "Net Income": -11
    },
    "2014-03-31": {
        "Diluted EPS": -0.2,
        "Total Revenue": 2,
        "Gross Profit": 2,
        "Operating Income": -10,
        "EBIT": -10,
        "Net Income": -11
    },
    "2013-12-31": {
        "Diluted EPS": -0.31,
        "Total Revenue": 2,
        "Gross Profit": 2,
        "Operating Income": -8,
        "EBIT": -7,
        "Net Income": -15
    },
    "2013-09-30": {
        "Diluted EPS": -0.64,
        "Total Revenue": 9,
        "Gross Profit": 9,
        "Operating Income": 1,
        "EBIT": 1,
        "Net Income": -31
    },
    "2013-06-30": {
        "Diluted EPS": -0.24,
        "Total Revenue": 1,
        "Gross Profit": 1,
        "Operating Income": -6,
        "EBIT": -5,
        "Net Income": -11
    },
    "2013-03-31": {
        "Diluted EPS": -0.24,
        "Total Revenue": 1,
        "Gross Profit": 1,
        "Operating Income": -7,
        "EBIT": -6,
        "Net Income": -9
    },
    "2012-12-31": {
        "Diluted EPS": -0.02,
        "Total Revenue": 1,
        "Gross Profit": 1,
        "Operating Income": -6,
        "EBIT": -6,
        "Net Income": -1
    },
    "2012-09-30": {
        "Diluted EPS": -0.2,
        "Total Revenue": 1,
        "Gross Profit": 1,
        "Operating Income": -6,
        "EBIT": -6,
        "Net Income": -7
    },
    "2012-06-30": {
        "Diluted EPS": -0.12,
        "Total Revenue": 0,
        "Gross Profit": 0,
        "Operating Income": -7,
        "EBIT": -6,
        "Net Income": -4
    },
    "2012-03-31": {
        "Diluted EPS": -0.24,
        "Total Revenue": 2,
        "Gross Profit": 2,
        "Operating Income": -4,
        "EBIT": -4,
        "Net Income": -8
    },
    "2011-12-31": {
        "Diluted EPS": -0.16,
        "Total Revenue": 2,
        "Gross Profit": 2,
        "Operating Income": -6,
        "EBIT": -5,
        "Net Income": -5
    },
    "2011-09-30": {
        "Diluted EPS": -0.16,
        "Total Revenue": 3,
        "Gross Profit": 3,
        "Operating Income": -6,
        "EBIT": -6,
        "Net Income": -5
    },
    "2011-06-30": {
        "Diluted EPS": -0.08,
        "Total Revenue": 2,
        "Gross Profit": 2,
        "Operating Income": -5,
        "EBIT": -5,
        "Net Income": -3
    },
    "2011-03-31": {
        "Diluted EPS": -0.08,
        "Total Revenue": 3,
        "Gross Profit": 3,
        "Operating Income": -4,
        "EBIT": -4,
        "Net Income": -2
    },
    "2010-12-31": {
        "Diluted EPS": -0.28,
        "Total Revenue": 2,
        "Gross Profit": 2,
        "Operating Income": -5,
        "EBIT": -5,
        "Net Income": -6
    },
    "2010-09-30": {
        "Diluted EPS": -0.04,
        "Total Revenue": 1,
        "Gross Profit": 1,
        "Operating Income": -5,
        "EBIT": -4,
        "Net Income": -1
    },
    "2010-06-30": {
        "Diluted EPS": -0.28,
        "Total Revenue": 1,
        "Gross Profit": 1,
        "Operating Income": -5,
        "EBIT": -4,
        "Net Income": -8
    },
    "2010-03-31": {
        "Diluted EPS": -0.08,
        "Total Revenue": 1,
        "Gross Profit": 1,
        "Operating Income": -4,
        "EBIT": -4,
        "Net Income": -2
    },
    "2009-12-31": {
        "Diluted EPS": -0.12,
        "Total Revenue": 3,
        "Gross Profit": 3,
        "Operating Income": -4,
        "EBIT": -3,
        "Net Income": -7
    },
    "2009-09-30": {
        "Diluted EPS": -0.12,
        "Total Revenue": 4,
        "Gross Profit": 4,
        "Operating Income": -4,
        "EBIT": -3,
        "Net Income": -3
    },
    "2009-06-30": {
        "Diluted EPS": -0.76,
        "Total Revenue": 2,
        "Gross Profit": 2,
        "Operating Income": -3,
        "EBIT": -3,
        "Net Income": -11
    },
    "2009-03-31": {
        "Diluted EPS": -0.32,
        "Total Revenue": 0,
        "Gross Profit": 0,
        "Operating Income": -4,
        "EBIT": -3,
        "Net Income": -3
    },
    "2023-06-30": {
        "Tax Effect Of Unusual Items": 0.0,
        "Tax Rate For Calcs": 0.0,
        "Normalized EBITDA": -35000576.0,
        "Total Unusual Items": 922941.0,
        "Total Unusual Items Excluding Goodwill": 922941.0,
        "Net Income From Continuing Operation Net Minority Interest": -35534533.0,
        "Reconciled Depreciation": 1143410.0,
        "EBITDA": -34077635.0,
        "EBIT": -35221045.0,
        "Net Interest Income": 1854745.0,
        "Interest Expense": 313488.0,
        "Interest Income": 2168233.0,
        "Normalized Income": -36457474.0,
        "Net Income From Continuing And Discontinued Operation": -35534533.0,
        "Total Expenses": 37267068.0,
        "Total Operating Income As Reported": -37041097.0,
        "Diluted Average Shares": 22029486.0,
        "Basic Average Shares": 22029486.0,
        "Diluted EPS": -1.56,
        "Basic EPS": -1.56,
        "Diluted NI Availto Com Stockholders": -35534533.0,
        "Net Income Common Stockholders": -35534533.0,
        "Net Income": -35534533.0,
        "Net Income Including Noncontrolling Interests": -35534533.0,
        "Net Income Continuous Operations": -35534533.0,
        "Earnings From Equity Interest Net Of Tax": 0.0,
        "Pretax Income": -35534533.0,
        "Other Income Expense": -348181.0,
        "Other Non Operating Income Expenses": -1427867.0,
        "Special Income Charges": NaN,
        "Impairment Of Capital Assets": NaN,
        "Earnings From Equity Interest": 156745.0,
        "Gain On Sale Of Security": 922941.0,
        "Net Non Operating Interest Income Expense": 1854745.0,
        "Interest Expense Non Operating": 313488.0,
        "Interest Income Non Operating": 2168233.0,
        "Operating Income": -37041097.0,
        "Operating Expense": 37267068.0,
        "Research And Development": 23743970.0,
        "Selling General And Administration": 13523098.0,
        "General And Administrative Expense": 13523098.0,
        "Other Gand A": 13523098.0,
        "Total Revenue": 225971.0,
        "Operating Revenue": 225971.0
    },
    "2023-09-30": {
        "Tax Effect Of Unusual Items": 0.0,
        "Tax Rate For Calcs": 0.0,
        "Normalized EBITDA": -21850892.0,
        "Total Unusual Items": -10732708.0,
        "Total Unusual Items Excluding Goodwill": -10732708.0,
        "Net Income From Continuing Operation Net Minority Interest": -33929864.0,
        "Reconciled Depreciation": 1032776.0,
        "EBITDA": -32583600.0,
        "EBIT": -33616376.0,
        "Net Interest Income": 1625257.0,
        "Interest Expense": 313488.0,
        "Interest Income": 1938745.0,
        "Normalized Income": -23197156.0,
        "Net Income From Continuing And Discontinued Operation": -33929864.0,
        "Total Expenses": 25428087.0,
        "Total Operating Income As Reported": -35553012.0,
        "Diluted Average Shares": 22385229.0,
        "Basic Average Shares": 22385229.0,
        "Diluted EPS": -1.56,
        "Basic EPS": -1.56,
        "Diluted NI Availto Com Stockholders": -33929864.0,
        "Net Income Common Stockholders": -33929864.0,
        "Net Income": -33929864.0,
        "Net Income Including Noncontrolling Interests": -33929864.0,
        "Net Income Continuous Operations": -33929864.0,
        "Earnings From Equity Interest Net Of Tax": 0.0,
        "Pretax Income": -33929864.0,
        "Other Income Expense": -10515480.0,
        "Other Non Operating Income Expenses": 2854.0,
        "Special Income Charges": -10513371.0,
        "Impairment Of Capital Assets": 10513371.0,
        "Earnings From Equity Interest": 214374.0,
        "Gain On Sale Of Security": -219337.0,
        "Net Non Operating Interest Income Expense": 1625257.0,
        "Interest Expense Non Operating": 313488.0,
        "Interest Income Non Operating": 1938745.0,
        "Operating Income": -25039641.0,
        "Operating Expense": 25428087.0,
        "Research And Development": 15503032.0,
        "Selling General And Administration": 9925055.0,
        "General And Administrative Expense": 9925055.0,
        "Other Gand A": 9925055.0,
        "Total Revenue": 388446.0,
        "Operating Revenue": 388446.0
    },
    "2023-12-31": {
        "Tax Effect Of Unusual Items": 0.0,
        "Tax Rate For Calcs": 0.0,
        "Normalized EBITDA": -26474893.0,
        "Total Unusual Items": 1928807.0,
        "Total Unusual Items Excluding Goodwill": 1928807.0,
        "Net Income From Continuing Operation Net Minority Interest": -25003638.0,
        "Reconciled Depreciation": 175227.0,
        "EBITDA": -24546086.0,
        "EBIT": -24721313.0,
        "Net Interest Income": 1536816.0,
        "Interest Expense": 282325.0,
        "Interest Income": 1819141.0,
        "Normalized Income": -26932445.0,
        "Net Income From Continuing And Discontinued Operation": -25003638.0,
        "Total Expenses": 27496391.0,
        "Total Operating Income As Reported": -27393740.0,
        "Diluted Average Shares": NaN,
        "Basic Average Shares": NaN,
        "Diluted EPS": NaN,
        "Basic EPS": NaN,
        "Diluted NI Availto Com Stockholders": -25003638.0,
        "Net Income Common Stockholders": -25003638.0,
        "Net Income": -25003638.0,
        "Net Income Including Noncontrolling Interests": -25003638.0,
        "Net Income Continuous Operations": -25003638.0,
        "Earnings From Equity Interest Net Of Tax": 0.0,
        "Pretax Income": -25003638.0,
        "Other Income Expense": 853286.0,
        "Other Non Operating Income Expenses": -860908.0,
        "Special Income Charges": 0.0,
        "Impairment Of Capital Assets": 0.0,
        "Earnings From Equity Interest": -214613.0,
        "Gain On Sale Of Security": 1928807.0,
        "Net Non Operating Interest Income Expense": 1536816.0,
        "Interest Expense Non Operating": 282325.0,
        "Interest Income Non Operating": 1819141.0,
        "Operating Income": -27393740.0,
        "Operating Expense": 27496391.0,
        "Research And Development": 17253050.0,
        "Selling General And Administration": 10243341.0,
        "General And Administrative Expense": 10243341.0,
        "Other Gand A": 10243341.0,
        "Total Revenue": 102651.0,
        "Operating Revenue": 102651.0
    },
    "2024-03-31": {
        "Tax Effect Of Unusual Items": 0.0,
        "Tax Rate For Calcs": 0.0,
        "Normalized EBITDA": -30033185.0,
        "Total Unusual Items": 500877.0,
        "Total Unusual Items Excluding Goodwill": 500877.0,
        "Net Income From Continuing Operation Net Minority Interest": -30469871.0,
        "Reconciled Depreciation": 759730.0,
        "EBITDA": -29532308.0,
        "EBIT": -30292038.0,
        "Net Interest Income": 1322457.0,
        "Interest Expense": 177833.0,
        "Interest Income": 1500290.0,
        "Normalized Income": -30970748.0,
        "Net Income From Continuing And Discontinued Operation": -30469871.0,
        "Total Expenses": 31484969.0,
        "Total Operating Income As Reported": -31484969.0,
        "Diluted Average Shares": 23291512.0,
        "Basic Average Shares": 23291512.0,
        "Diluted EPS": -1.31,
        "Basic EPS": -1.31,
        "Diluted NI Availto Com Stockholders": -30469871.0,
        "Net Income Common Stockholders": -30469871.0,
        "Net Income": -30469871.0,
        "Net Income Including Noncontrolling Interests": -30469871.0,
        "Net Income Continuous Operations": -30469871.0,
        "Earnings From Equity Interest Net Of Tax": NaN,
        "Pretax Income": -30469871.0,
        "Other Income Expense": -307359.0,
        "Other Non Operating Income Expenses": -682218.0,
        "Special Income Charges": NaN,
        "Impairment Of Capital Assets": NaN,
        "Earnings From Equity Interest": -126018.0,
        "Gain On Sale Of Security": 500877.0,
        "Net Non Operating Interest Income Expense": 1322457.0,
        "Interest Expense Non Operating": 177833.0,
        "Interest Income Non Operating": 1500290.0,
        "Operating Income": -31484969.0,
        "Operating Expense": 31484969.0,
        "Research And Development": 20913790.0,
        "Selling General And Administration": 10571179.0,
        "General And Administrative Expense": 10571179.0,
        "Other Gand A": 10571179.0,
        "Total Revenue": 0.0,
        "Operating Revenue": 0.0
    }
}