{
    "2023-03-31": {
        "Tax Effect Of Unusual Items": 3596400.0,
        "Tax Rate For Calcs": 0.4,
        "Normalized EBITDA": -147006000.0,
        "Total Unusual Items": 8991000.0,
        "Total Unusual Items Excluding Goodwill": 8991000.0,
        "Net Income From Continuing Operation Net Minority Interest": -159764000.0,
        "Reconciled Depreciation": 1263000.0,
        "Reconciled Cost Of Revenue": 13830000.0,
        "EBIT": -139278000.0,
        "Net Interest Income": -20003000.0,
        "Interest Expense": 20003000.0,
        "Interest Income": 73000.0,
        "Normalized Income": -165158600.0,
        "Net Income From Continuing And Discontinued Operation": -159764000.0,
        "Total Expenses": 222872000.0,
        "Total Operating Income As Reported": -148158000.0,
        "Diluted Average Shares": 136355000.0,
        "Basic Average Shares": 136355000.0,
        "Diluted EPS": -1.17,
        "Basic EPS": -1.17,
        "Diluted NI Availto Com Stockholders": -159764000.0,
        "Net Income Common Stockholders": -159764000.0,
        "Net Income": -159764000.0,
        "Net Income Including Noncontrolling Interests": -159764000.0,
        "Net Income Continuous Operations": -159764000.0,
        "Tax Provision": 483000.0,
        "Pretax Income": -159281000.0,
        "Other Income Expense": 18380000.0,
        "Other Non Operating Income Expenses": 9389000.0,
        "Special Income Charges": 9500000.0,
        "Restructuring And Mergern Acquisition": -9500000.0,
        "Gain On Sale Of Security": 8991000.0,
        "Net Non Operating Interest Income Expense": -20003000.0,
        "Total Other Finance Cost": 1724000.0,
        "Interest Expense Non Operating": 20003000.0,
        "Interest Income Non Operating": 73000.0,
        "Operating Income": -157658000.0,
        "Operating Expense": 209042000.0,
        "Depreciation Amortization Depletion Income Statement": 1263000.0,
        "Depreciation And Amortization In Income Statement": 1263000.0,
        "Amortization": 1263000.0,
        "Amortization Of Intangibles Income Statement": 1263000.0,
        "Research And Development": 127865000.0,
        "Selling General And Administration": 79914000.0,
        "General And Administrative Expense": 79914000.0,
        "Other Gand A": 42974000.0,
        "Salaries And Wages": 36940000.0,
        "Gross Profit": 51384000.0,
        "Cost Of Revenue": 13830000.0,
        "Total Revenue": 65214000.0,
        "Operating Revenue": 65214000.0
    },
    "2022-12-31": {
        "Tax Effect Of Unusual Items": 2716800.0,
        "Tax Rate For Calcs": 0.4,
        "Normalized EBITDA": -149081000.0,
        "Total Unusual Items": 6792000.0,
        "Total Unusual Items Excluding Goodwill": 6792000.0,
        "Net Income From Continuing Operation Net Minority Interest": -160123000.0,
        "Reconciled Depreciation": 1264000.0,
        "Reconciled Cost Of Revenue": 13069000.0,
        "EBIT": -143553000.0,
        "Net Interest Income": -16445000.0,
        "Interest Expense": 16445000.0,
        "Interest Income": NaN,
        "Normalized Income": -164198200.0,
        "Net Income From Continuing And Discontinued Operation": -160123000.0,
        "Total Expenses": 212575000.0,
        "Total Operating Income As Reported": -151475000.0,
        "Diluted Average Shares": 132694000.0,
        "Basic Average Shares": 132694000.0,
        "Diluted EPS": -1.21,
        "Basic EPS": -1.21,
        "Diluted NI Availto Com Stockholders": -160123000.0,
        "Net Income Common Stockholders": -160123000.0,
        "Net Income": -160123000.0,
        "Net Income Including Noncontrolling Interests": -160123000.0,
        "Net Income Continuous Operations": -160123000.0,
        "Tax Provision": 125000.0,
        "Pretax Income": -159998000.0,
        "Other Income Expense": 9722000.0,
        "Other Non Operating Income Expenses": 2930000.0,
        "Special Income Charges": 0.0,
        "Restructuring And Mergern Acquisition": -1800000.0,
        "Gain On Sale Of Security": 6792000.0,
        "Net Non Operating Interest Income Expense": -16445000.0,
        "Total Other Finance Cost": NaN,
        "Interest Expense Non Operating": 16445000.0,
        "Interest Income Non Operating": NaN,
        "Operating Income": -153275000.0,
        "Operating Expense": 199506000.0,
        "Depreciation Amortization Depletion Income Statement": 1264000.0,
        "Depreciation And Amortization In Income Statement": 1264000.0,
        "Amortization": 1264000.0,
        "Amortization Of Intangibles Income Statement": 1264000.0,
        "Research And Development": 124763000.0,
        "Selling General And Administration": 73479000.0,
        "General And Administrative Expense": 71679000.0,
        "Other Gand A": 40513000.0,
        "Salaries And Wages": 31166000.0,
        "Gross Profit": 46231000.0,
        "Cost Of Revenue": 13069000.0,
        "Total Revenue": 59300000.0,
        "Operating Revenue": 59300000.0
    },
    "2022-09-30": {
        "Tax Effect Of Unusual Items": 716400.0,
        "Tax Rate For Calcs": 0.4,
        "Normalized EBITDA": -127097000.0,
        "Total Unusual Items": 1791000.0,
        "Total Unusual Items Excluding Goodwill": 1791000.0,
        "Net Income From Continuing Operation Net Minority Interest": -131145000.0,
        "Reconciled Depreciation": 2114000.0,
        "Reconciled Cost Of Revenue": 12620000.0,
        "EBIT": -127420000.0,
        "Net Interest Income": -3353000.0,
        "Interest Expense": 3353000.0,
        "Interest Income": NaN,
        "Normalized Income": -132219600.0,
        "Net Income From Continuing And Discontinued Operation": -131145000.0,
        "Total Expenses": 195427000.0,
        "Total Operating Income As Reported": -127697000.0,
        "Diluted Average Shares": 120789000.0,
        "Basic Average Shares": 120789000.0,
        "Diluted EPS": -1.09,
        "Basic EPS": -1.09,
        "Diluted NI Availto Com Stockholders": -131145000.0,
        "Net Income Common Stockholders": -131145000.0,
        "Net Income": -131145000.0,
        "Net Income Including Noncontrolling Interests": -131145000.0,
        "Net Income Continuous Operations": -131145000.0,
        "Tax Provision": 372000.0,
        "Pretax Income": -130773000.0,
        "Other Income Expense": 277000.0,
        "Other Non Operating Income Expenses": -1514000.0,
        "Special Income Charges": 0.0,
        "Restructuring And Mergern Acquisition": 5238000.0,
        "Gain On Sale Of Security": 1791000.0,
        "Net Non Operating Interest Income Expense": -3353000.0,
        "Total Other Finance Cost": NaN,
        "Interest Expense Non Operating": 3353000.0,
        "Interest Income Non Operating": NaN,
        "Operating Income": -127697000.0,
        "Operating Expense": 181956000.0,
        "Depreciation Amortization Depletion Income Statement": 1263000.0,
        "Depreciation And Amortization In Income Statement": 1263000.0,
        "Amortization": 1263000.0,
        "Amortization Of Intangibles Income Statement": 1263000.0,
        "Research And Development": 99872000.0,
        "Selling General And Administration": 80821000.0,
        "General And Administrative Expense": 80821000.0,
        "Other Gand A": 44351000.0,
        "Salaries And Wages": 36470000.0,
        "Gross Profit": 54259000.0,
        "Cost Of Revenue": 13471000.0,
        "Total Revenue": 67730000.0,
        "Operating Revenue": 67730000.0
    },
    "2022-06-30": {
        "Tax Effect Of Unusual Items": 334000.0,
        "Tax Rate For Calcs": 0.4,
        "Normalized EBITDA": -91222000.0,
        "Total Unusual Items": 835000.0,
        "Total Unusual Items Excluding Goodwill": 835000.0,
        "Net Income From Continuing Operation Net Minority Interest": -95645000.0,
        "Reconciled Depreciation": 2221000.0,
        "Reconciled Cost Of Revenue": 15437000.0,
        "EBIT": -92608000.0,
        "Net Interest Income": -3357000.0,
        "Interest Expense": 2536000.0,
        "Interest Income": NaN,
        "Normalized Income": -96146000.0,
        "Net Income From Continuing And Discontinued Operation": -95645000.0,
        "Total Expenses": 153537000.0,
        "Total Operating Income As Reported": -88316000.0,
        "Diluted Average Shares": 119602000.0,
        "Basic Average Shares": 119602000.0,
        "Diluted EPS": -0.8,
        "Basic EPS": -0.8,
        "Diluted NI Availto Com Stockholders": -95645000.0,
        "Net Income Common Stockholders": -95645000.0,
        "Net Income": -95645000.0,
        "Net Income Including Noncontrolling Interests": -95645000.0,
        "Net Income Continuous Operations": -95645000.0,
        "Tax Provision": 501000.0,
        "Pretax Income": -95144000.0,
        "Other Income Expense": -3471000.0,
        "Other Non Operating Income Expenses": -4306000.0,
        "Special Income Charges": 0.0,
        "Restructuring And Mergern Acquisition": -12622000.0,
        "Gain On Sale Of Security": 835000.0,
        "Net Non Operating Interest Income Expense": -3357000.0,
        "Total Other Finance Cost": 821000.0,
        "Interest Expense Non Operating": 2536000.0,
        "Interest Income Non Operating": NaN,
        "Operating Income": -88316000.0,
        "Operating Expense": 137142000.0,
        "Depreciation Amortization Depletion Income Statement": 1263000.0,
        "Depreciation And Amortization In Income Statement": 1263000.0,
        "Amortization": 1263000.0,
        "Amortization Of Intangibles Income Statement": 1263000.0,
        "Research And Development": 88527000.0,
        "Selling General And Administration": 47352000.0,
        "General And Administrative Expense": 47352000.0,
        "Other Gand A": 30315000.0,
        "Salaries And Wages": 17037000.0,
        "Gross Profit": 48826000.0,
        "Cost Of Revenue": 16395000.0,
        "Total Revenue": 65221000.0,
        "Operating Revenue": 65221000.0
    },
    "2023-06-30": {
        "Tax Effect Of Unusual Items": -457600.0,
        "Tax Rate For Calcs": 0.4,
        "Normalized EBITDA": -221592000.0,
        "Total Unusual Items": -1144000.0,
        "Total Unusual Items Excluding Goodwill": -1144000.0,
        "Net Income From Continuing Operation Net Minority Interest": -244809000.0,
        "Reconciled Depreciation": 2574000.0,
        "Reconciled Cost Of Revenue": 15283000.0,
        "EBIT": -225310000.0,
        "Net Interest Income": -20619000.0,
        "Interest Expense": 18969000.0,
        "Interest Income": 354000.0,
        "Normalized Income": -244122600.0,
        "Net Income From Continuing And Discontinued Operation": -244809000.0,
        "Total Expenses": 299257000.0,
        "Total Operating Income As Reported": -235528000.0,
        "Diluted Average Shares": 137553000.0,
        "Basic Average Shares": 137553000.0,
        "Diluted EPS": -1.78,
        "Basic EPS": -1.78,
        "Diluted NI Availto Com Stockholders": -244809000.0,
        "Net Income Common Stockholders": -244809000.0,
        "Net Income": -244809000.0,
        "Net Income Including Noncontrolling Interests": -244809000.0,
        "Net Income Continuous Operations": -244809000.0,
        "Tax Provision": 530000.0,
        "Pretax Income": -244279000.0,
        "Other Income Expense": -1632000.0,
        "Other Non Operating Income Expenses": -488000.0,
        "Special Income Charges": -13500000.0,
        "Restructuring And Mergern Acquisition": 13500000.0,
        "Gain On Sale Of Security": 12356000.0,
        "Net Non Operating Interest Income Expense": -20619000.0,
        "Total Other Finance Cost": 2004000.0,
        "Interest Expense Non Operating": 18969000.0,
        "Interest Income Non Operating": 354000.0,
        "Operating Income": -222028000.0,
        "Operating Expense": 282663000.0,
        "Depreciation Amortization Depletion Income Statement": 1263000.0,
        "Depreciation And Amortization In Income Statement": 1263000.0,
        "Amortization": 1263000.0,
        "Amortization Of Intangibles Income Statement": 1263000.0,
        "Research And Development": 196969000.0,
        "Selling General And Administration": 84431000.0,
        "General And Administrative Expense": 84431000.0,
        "Other Gand A": 47091000.0,
        "Salaries And Wages": 37340000.0,
        "Gross Profit": 60635000.0,
        "Cost Of Revenue": 16594000.0,
        "Total Revenue": 77229000.0,
        "Operating Revenue": 77229000.0
    },
    "2022-03-31": {
        "Diluted EPS": -0.8,
        "Total Revenue": 53,
        "Gross Profit": 41,
        "Operating Income": -90,
        "EBIT": -86,
        "Net Income": -95
    },
    "2021-12-31": {
        "Diluted EPS": -0.96,
        "Total Revenue": 56,
        "Gross Profit": 43,
        "Operating Income": -99,
        "EBIT": -86,
        "Net Income": -113
    },
    "2021-09-30": {
        "Diluted EPS": -0.96,
        "Total Revenue": 47,
        "Gross Profit": 37,
        "Operating Income": -104,
        "EBIT": -91,
        "Net Income": -113
    },
    "2021-06-30": {
        "Diluted EPS": -1.07,
        "Total Revenue": 45,
        "Gross Profit": 35,
        "Operating Income": -89,
        "EBIT": -77,
        "Net Income": -117
    },
    "2021-03-31": {
        "Diluted EPS": -0.89,
        "Total Revenue": 40,
        "Gross Profit": 30,
        "Operating Income": -84,
        "EBIT": -75,
        "Net Income": -92
    },
    "2020-12-31": {
        "Diluted EPS": -1.0,
        "Total Revenue": 41,
        "Gross Profit": 31,
        "Operating Income": -95,
        "EBIT": -86,
        "Net Income": -102
    },
    "2020-09-30": {
        "Diluted EPS": -0.63,
        "Total Revenue": 44,
        "Gross Profit": 33,
        "Operating Income": -56,
        "EBIT": -47,
        "Net Income": -64
    },
    "2020-06-30": {
        "Diluted EPS": -0.64,
        "Total Revenue": 42,
        "Gross Profit": 33,
        "Operating Income": -54,
        "EBIT": -45,
        "Net Income": -62
    },
    "2020-03-31": {
        "Diluted EPS": -0.74,
        "Total Revenue": 37,
        "Gross Profit": 28,
        "Operating Income": -60,
        "EBIT": -51,
        "Net Income": -66
    },
    "2019-12-31": {
        "Diluted EPS": -0.56,
        "Total Revenue": 46,
        "Gross Profit": 37,
        "Operating Income": -47,
        "EBIT": -39,
        "Net Income": -53
    },
    "2019-09-30": {
        "Diluted EPS": -0.68,
        "Total Revenue": 39,
        "Gross Profit": 32,
        "Operating Income": -56,
        "EBIT": -49,
        "Net Income": -61
    },
    "2019-06-30": {
        "Diluted EPS": -0.81,
        "Total Revenue": 30,
        "Gross Profit": 25,
        "Operating Income": -62,
        "EBIT": -55,
        "Net Income": -67
    },
    "2019-03-31": {
        "Diluted EPS": -0.96,
        "Total Revenue": 22,
        "Gross Profit": 18,
        "Operating Income": -70,
        "EBIT": -62,
        "Net Income": -74
    },
    "2018-12-31": {
        "Diluted EPS": -1.19,
        "Total Revenue": NaN,
        "Gross Profit": NaN,
        "Operating Income": -98,
        "EBIT": -91,
        "Net Income": -92
    },
    "2018-09-30": {
        "Diluted EPS": -1.14,
        "Total Revenue": NaN,
        "Gross Profit": NaN,
        "Operating Income": -84,
        "EBIT": -78,
        "Net Income": -88
    },
    "2018-06-30": {
        "Diluted EPS": -1.0,
        "Total Revenue": NaN,
        "Gross Profit": NaN,
        "Operating Income": -73,
        "EBIT": -67,
        "Net Income": -76
    },
    "2018-03-31": {
        "Diluted EPS": -0.89,
        "Total Revenue": NaN,
        "Gross Profit": NaN,
        "Operating Income": -63,
        "EBIT": -59,
        "Net Income": -69
    },
    "2017-12-31": {
        "Diluted EPS": -0.88,
        "Total Revenue": NaN,
        "Gross Profit": NaN,
        "Operating Income": -65,
        "EBIT": -64,
        "Net Income": -65
    },
    "2017-09-30": {
        "Diluted EPS": -0.69,
        "Total Revenue": NaN,
        "Gross Profit": NaN,
        "Operating Income": -44,
        "EBIT": -43,
        "Net Income": -45
    },
    "2017-06-30": {
        "Diluted EPS": -0.72,
        "Total Revenue": NaN,
        "Gross Profit": NaN,
        "Operating Income": -44,
        "EBIT": -43,
        "Net Income": -45
    },
    "2017-03-31": {
        "Diluted EPS": -0.6,
        "Total Revenue": NaN,
        "Gross Profit": NaN,
        "Operating Income": -36,
        "EBIT": -35,
        "Net Income": -37
    },
    "2016-12-31": {
        "Diluted EPS": -1.11,
        "Total Revenue": NaN,
        "Gross Profit": NaN,
        "Operating Income": -67,
        "EBIT": -66,
        "Net Income": -68
    },
    "2016-09-30": {
        "Diluted EPS": -0.61,
        "Total Revenue": NaN,
        "Gross Profit": NaN,
        "Operating Income": -37,
        "EBIT": -36,
        "Net Income": -38
    },
    "2016-06-30": {
        "Diluted EPS": -0.59,
        "Total Revenue": NaN,
        "Gross Profit": NaN,
        "Operating Income": -36,
        "EBIT": -36,
        "Net Income": -37
    },
    "2016-03-31": {
        "Diluted EPS": -0.54,
        "Total Revenue": NaN,
        "Gross Profit": NaN,
        "Operating Income": -33,
        "EBIT": -33,
        "Net Income": -34
    },
    "2015-12-31": {
        "Diluted EPS": -0.5,
        "Total Revenue": NaN,
        "Gross Profit": NaN,
        "Operating Income": -33,
        "EBIT": -32,
        "Net Income": -31
    },
    "2015-09-30": {
        "Diluted EPS": -0.5,
        "Total Revenue": NaN,
        "Gross Profit": NaN,
        "Operating Income": -30,
        "EBIT": -30,
        "Net Income": -31
    },
    "2015-06-30": {
        "Diluted EPS": -0.47,
        "Total Revenue": NaN,
        "Gross Profit": NaN,
        "Operating Income": -28,
        "EBIT": -27,
        "Net Income": -29
    },
    "2015-03-31": {
        "Diluted EPS": -0.55,
        "Total Revenue": NaN,
        "Gross Profit": NaN,
        "Operating Income": -27,
        "EBIT": -26,
        "Net Income": -27
    },
    "2014-12-31": {
        "Diluted EPS": -0.35,
        "Total Revenue": NaN,
        "Gross Profit": NaN,
        "Operating Income": -23,
        "EBIT": -23,
        "Net Income": -18
    },
    "2014-09-30": {
        "Diluted EPS": -0.54,
        "Total Revenue": NaN,
        "Gross Profit": NaN,
        "Operating Income": -23,
        "EBIT": -23,
        "Net Income": -24
    },
    "2014-06-30": {
        "Diluted EPS": -0.59,
        "Total Revenue": NaN,
        "Gross Profit": NaN,
        "Operating Income": -23,
        "EBIT": -23,
        "Net Income": -23
    },
    "2014-03-31": {
        "Diluted EPS": -0.36,
        "Total Revenue": NaN,
        "Gross Profit": NaN,
        "Operating Income": -18,
        "EBIT": -18,
        "Net Income": -14
    },
    "2013-12-31": {
        "Diluted EPS": -0.43,
        "Total Revenue": NaN,
        "Gross Profit": NaN,
        "Operating Income": -16,
        "EBIT": -15,
        "Net Income": -16
    },
    "2013-09-30": {
        "Diluted EPS": -0.46,
        "Total Revenue": NaN,
        "Gross Profit": NaN,
        "Operating Income": -17,
        "EBIT": -17,
        "Net Income": -17
    },
    "2013-06-30": {
        "Diluted EPS": -0.28,
        "Total Revenue": 12,
        "Gross Profit": 12,
        "Operating Income": -8,
        "EBIT": -8,
        "Net Income": -9
    },
    "2013-03-31": {
        "Diluted EPS": -0.43,
        "Total Revenue": NaN,
        "Gross Profit": NaN,
        "Operating Income": -14,
        "EBIT": -14,
        "Net Income": -14
    },
    "2012-12-31": {
        "Diluted EPS": -0.51,
        "Total Revenue": NaN,
        "Gross Profit": NaN,
        "Operating Income": -16,
        "EBIT": -16,
        "Net Income": -15
    },
    "2012-09-30": {
        "Diluted EPS": -0.38,
        "Total Revenue": NaN,
        "Gross Profit": NaN,
        "Operating Income": -9,
        "EBIT": -9,
        "Net Income": -9
    },
    "2012-06-30": {
        "Diluted EPS": -0.39,
        "Total Revenue": NaN,
        "Gross Profit": NaN,
        "Operating Income": -10,
        "EBIT": -10,
        "Net Income": -10
    },
    "2012-03-31": {
        "Diluted EPS": -0.28,
        "Total Revenue": NaN,
        "Gross Profit": NaN,
        "Operating Income": -7,
        "EBIT": -7,
        "Net Income": -7
    },
    "2011-12-31": {
        "Diluted EPS": -0.31,
        "Total Revenue": 1,
        "Gross Profit": 1,
        "Operating Income": -9,
        "EBIT": -9,
        "Net Income": -8
    },
    "2011-09-30": {
        "Diluted EPS": -1.39,
        "Total Revenue": 0,
        "Gross Profit": 0,
        "Operating Income": -35,
        "EBIT": -35,
        "Net Income": -35
    },
    "2011-06-30": {
        "Diluted EPS": -0.4,
        "Total Revenue": 1,
        "Gross Profit": 1,
        "Operating Income": -10,
        "EBIT": -10,
        "Net Income": -10
    },
    "2011-03-31": {
        "Diluted EPS": -0.85,
        "Total Revenue": 2,
        "Gross Profit": 2,
        "Operating Income": -7,
        "EBIT": -7,
        "Net Income": -16
    },
    "2010-12-31": {
        "Diluted EPS": -0.44,
        "Total Revenue": 1,
        "Gross Profit": 1,
        "Operating Income": -6,
        "EBIT": -6,
        "Net Income": -6
    },
    "2010-09-30": {
        "Diluted EPS": -0.03,
        "Total Revenue": 2,
        "Gross Profit": 2,
        "Operating Income": -1,
        "EBIT": -1,
        "Net Income": 0
    },
    "2010-06-30": {
        "Diluted EPS": -0.03,
        "Total Revenue": 2,
        "Gross Profit": 2,
        "Operating Income": -1,
        "EBIT": -1,
        "Net Income": 0
    },
    "2010-03-31": {
        "Diluted EPS": 0.01,
        "Total Revenue": 2,
        "Gross Profit": 2,
        "Operating Income": 0,
        "EBIT": 0,
        "Net Income": 0
    },
    "2009-12-31": {
        "Diluted EPS": -0.2,
        "Total Revenue": 2,
        "Gross Profit": 2,
        "Operating Income": 0,
        "EBIT": 0,
        "Net Income": 2
    },
    "2009-09-30": {
        "Diluted EPS": 0.0,
        "Total Revenue": 2,
        "Gross Profit": 2,
        "Operating Income": -1,
        "EBIT": -1,
        "Net Income": 0
    },
    "2009-06-30": {
        "Diluted EPS": -0.1,
        "Total Revenue": 3,
        "Gross Profit": 3,
        "Operating Income": -1,
        "EBIT": -1,
        "Net Income": -2
    },
    "2009-03-31": {
        "Diluted EPS": 9.6,
        "Total Revenue": 2,
        "Gross Profit": 2,
        "Operating Income": -7,
        "EBIT": -7,
        "Net Income": 118
    }
}