{
    "2023-06-30": {
        "Tax Effect Of Unusual Items": -47040000.0,
        "Tax Rate For Calcs": 0.21,
        "Normalized EBITDA": 1898000000.0,
        "Total Unusual Items": -224000000.0,
        "Total Unusual Items Excluding Goodwill": -224000000.0,
        "Net Income From Continuing Operation Net Minority Interest": 1481000000.0,
        "Reconciled Depreciation": 2276000000.0,
        "Reconciled Cost Of Revenue": 8311000000.0,
        "EBITDA": 1674000000.0,
        "EBIT": -602000000.0,
        "Net Interest Income": 224000000.0,
        "Interest Expense": 214000000.0,
        "Interest Income": 313000000.0,
        "Normalized Income": 1657960000.0,
        "Net Income From Continuing And Discontinued Operation": 1481000000.0,
        "Total Expenses": 13765000000.0,
        "Total Operating Income As Reported": -1016000000.0,
        "Diluted Average Shares": 4196000000.0,
        "Basic Average Shares": 4182000000.0,
        "Diluted EPS": 0.35,
        "Basic EPS": 0.35,
        "Diluted NI Availto Com Stockholders": 1481000000.0,
        "Net Income Common Stockholders": 1481000000.0,
        "Net Income": 1481000000.0,
        "Minority Interests": 8000000.0,
        "Net Income Including Noncontrolling Interests": 1473000000.0,
        "Net Income Continuous Operations": 1473000000.0,
        "Tax Provision": -2289000000.0,
        "Pretax Income": -816000000.0,
        "Other Income Expense": -224000000.0,
        "Special Income Charges": -238000000.0,
        "Gain On Sale Of Business": NaN,
        "Other Special Charges": 20000000.0,
        "Write Off": 47000000.0,
        "Restructuring And Mergern Acquisition": 171000000.0,
        "Gain On Sale Of Security": 14000000.0,
        "Net Non Operating Interest Income Expense": 224000000.0,
        "Total Other Finance Cost": -125000000.0,
        "Interest Expense Non Operating": 214000000.0,
        "Interest Income Non Operating": 313000000.0,
        "Operating Income": -816000000.0,
        "Operating Expense": 5454000000.0,
        "Research And Development": 4080000000.0,
        "Selling General And Administration": 1374000000.0,
        "Gross Profit": 4638000000.0,
        "Cost Of Revenue": 8311000000.0,
        "Total Revenue": 12949000000.0,
        "Operating Revenue": 12949000000.0
    },
    "2023-03-31": {
        "Tax Effect Of Unusual Items": NaN,
        "Tax Rate For Calcs": NaN,
        "Normalized EBITDA": NaN,
        "Total Unusual Items": NaN,
        "Total Unusual Items Excluding Goodwill": NaN,
        "Net Income From Continuing Operation Net Minority Interest": NaN,
        "Reconciled Depreciation": NaN,
        "Reconciled Cost Of Revenue": NaN,
        "EBITDA": NaN,
        "EBIT": NaN,
        "Net Interest Income": NaN,
        "Interest Expense": NaN,
        "Interest Income": NaN,
        "Normalized Income": NaN,
        "Net Income From Continuing And Discontinued Operation": NaN,
        "Total Expenses": NaN,
        "Total Operating Income As Reported": NaN,
        "Diluted Average Shares": NaN,
        "Basic Average Shares": NaN,
        "Diluted EPS": NaN,
        "Basic EPS": NaN,
        "Diluted NI Availto Com Stockholders": NaN,
        "Net Income Common Stockholders": NaN,
        "Net Income": NaN,
        "Minority Interests": NaN,
        "Net Income Including Noncontrolling Interests": NaN,
        "Net Income Continuous Operations": NaN,
        "Tax Provision": NaN,
        "Pretax Income": NaN,
        "Other Income Expense": NaN,
        "Special Income Charges": NaN,
        "Gain On Sale Of Business": NaN,
        "Other Special Charges": 77000000.0,
        "Write Off": NaN,
        "Restructuring And Mergern Acquisition": NaN,
        "Gain On Sale Of Security": NaN,
        "Net Non Operating Interest Income Expense": NaN,
        "Total Other Finance Cost": NaN,
        "Interest Expense Non Operating": NaN,
        "Interest Income Non Operating": NaN,
        "Operating Income": NaN,
        "Operating Expense": NaN,
        "Research And Development": NaN,
        "Selling General And Administration": NaN,
        "Gross Profit": NaN,
        "Cost Of Revenue": NaN,
        "Total Revenue": NaN,
        "Operating Revenue": NaN
    },
    "2022-12-31": {
        "Tax Effect Of Unusual Items": NaN,
        "Tax Rate For Calcs": NaN,
        "Normalized EBITDA": NaN,
        "Total Unusual Items": NaN,
        "Total Unusual Items Excluding Goodwill": NaN,
        "Net Income From Continuing Operation Net Minority Interest": NaN,
        "Reconciled Depreciation": NaN,
        "Reconciled Cost Of Revenue": NaN,
        "EBITDA": NaN,
        "EBIT": NaN,
        "Net Interest Income": NaN,
        "Interest Expense": NaN,
        "Interest Income": NaN,
        "Normalized Income": NaN,
        "Net Income From Continuing And Discontinued Operation": NaN,
        "Total Expenses": NaN,
        "Total Operating Income As Reported": NaN,
        "Diluted Average Shares": NaN,
        "Basic Average Shares": NaN,
        "Diluted EPS": NaN,
        "Basic EPS": NaN,
        "Diluted NI Availto Com Stockholders": NaN,
        "Net Income Common Stockholders": NaN,
        "Net Income": NaN,
        "Minority Interests": NaN,
        "Net Income Including Noncontrolling Interests": NaN,
        "Net Income Continuous Operations": NaN,
        "Tax Provision": NaN,
        "Pretax Income": NaN,
        "Other Income Expense": NaN,
        "Special Income Charges": NaN,
        "Gain On Sale Of Business": 0.0,
        "Other Special Charges": NaN,
        "Write Off": NaN,
        "Restructuring And Mergern Acquisition": NaN,
        "Gain On Sale Of Security": NaN,
        "Net Non Operating Interest Income Expense": NaN,
        "Total Other Finance Cost": NaN,
        "Interest Expense Non Operating": NaN,
        "Interest Income Non Operating": NaN,
        "Operating Income": NaN,
        "Operating Expense": NaN,
        "Research And Development": NaN,
        "Selling General And Administration": NaN,
        "Gross Profit": NaN,
        "Cost Of Revenue": NaN,
        "Total Revenue": NaN,
        "Operating Revenue": NaN
    },
    "2022-09-30": {
        "Tax Effect Of Unusual Items": NaN,
        "Tax Rate For Calcs": NaN,
        "Normalized EBITDA": NaN,
        "Total Unusual Items": NaN,
        "Total Unusual Items Excluding Goodwill": NaN,
        "Net Income From Continuing Operation Net Minority Interest": NaN,
        "Reconciled Depreciation": NaN,
        "Reconciled Cost Of Revenue": NaN,
        "EBITDA": NaN,
        "EBIT": NaN,
        "Net Interest Income": NaN,
        "Interest Expense": NaN,
        "Interest Income": NaN,
        "Normalized Income": NaN,
        "Net Income From Continuing And Discontinued Operation": NaN,
        "Total Expenses": NaN,
        "Total Operating Income As Reported": NaN,
        "Diluted Average Shares": NaN,
        "Basic Average Shares": NaN,
        "Diluted EPS": NaN,
        "Basic EPS": NaN,
        "Diluted NI Availto Com Stockholders": NaN,
        "Net Income Common Stockholders": NaN,
        "Net Income": NaN,
        "Minority Interests": 0.0,
        "Net Income Including Noncontrolling Interests": NaN,
        "Net Income Continuous Operations": NaN,
        "Tax Provision": NaN,
        "Pretax Income": NaN,
        "Other Income Expense": NaN,
        "Special Income Charges": NaN,
        "Other Special Charges": NaN,
        "Write Off": NaN,
        "Restructuring And Mergern Acquisition": NaN,
        "Gain On Sale Of Security": NaN,
        "Net Non Operating Interest Income Expense": NaN,
        "Total Other Finance Cost": -82000000.0,
        "Interest Expense Non Operating": NaN,
        "Interest Income Non Operating": NaN,
        "Operating Income": NaN,
        "Operating Expense": NaN,
        "Research And Development": NaN,
        "Selling General And Administration": NaN,
        "Gross Profit": NaN,
        "Cost Of Revenue": NaN,
        "Total Revenue": NaN,
        "Operating Revenue": NaN
    },
    "2022-06-30": {
        "Tax Effect Of Unusual Items": -70800000.0,
        "Tax Rate For Calcs": 0.4,
        "Normalized EBITDA": 2535000000.0,
        "Total Unusual Items": -177000000.0,
        "Total Unusual Items Excluding Goodwill": -177000000.0,
        "Net Income From Continuing Operation Net Minority Interest": -454000000.0,
        "Reconciled Depreciation": 3148000000.0,
        "Reconciled Cost Of Revenue": 9734000000.0,
        "EBITDA": 2358000000.0,
        "EBIT": -790000000.0,
        "Net Interest Income": -119000000.0,
        "Interest Expense": 119000000.0,
        "Interest Income": 98000000.0,
        "Normalized Income": -347800000.0,
        "Net Income From Continuing And Discontinued Operation": -454000000.0,
        "Total Expenses": 15934000000.0,
        "Total Operating Income As Reported": -700000000.0,
        "Diluted Average Shares": 4100000000.0,
        "Basic Average Shares": 4100000000.0,
        "Diluted EPS": -0.11,
        "Basic EPS": -0.11,
        "Diluted NI Availto Com Stockholders": -454000000.0,
        "Net Income Common Stockholders": -454000000.0,
        "Net Income": -454000000.0,
        "Minority Interests": NaN,
        "Net Income Including Noncontrolling Interests": -454000000.0,
        "Net Income Continuous Operations": -454000000.0,
        "Tax Provision": -455000000.0,
        "Pretax Income": -909000000.0,
        "Other Income Expense": -177000000.0,
        "Other Non Operating Income Expenses": -108000000.0,
        "Special Income Charges": -87000000.0,
        "Other Special Charges": 13000000.0,
        "Write Off": 80000000.0,
        "Restructuring And Mergern Acquisition": 87000000.0,
        "Earnings From Equity Interest": -90000000.0,
        "Gain On Sale Of Security": -90000000.0,
        "Net Non Operating Interest Income Expense": -119000000.0,
        "Total Other Finance Cost": 108000000.0,
        "Interest Expense Non Operating": 119000000.0,
        "Interest Income Non Operating": 98000000.0,
        "Operating Income": -613000000.0,
        "Operating Expense": 6200000000.0,
        "Research And Development": 4400000000.0,
        "Selling General And Administration": 1800000000.0,
        "Gross Profit": 5587000000.0,
        "Cost Of Revenue": 9734000000.0,
        "Total Revenue": 15321000000.0,
        "Operating Revenue": 15321000000.0
    },
    "2022-03-31": {
        "Diluted EPS": 1.98,
        "Total Revenue": NaN,
        "Gross Profit": NaN,
        "Operating Income": NaN,
        "EBIT": NaN,
        "Net Income": NaN
    },
    "2021-12-31": {
        "Diluted EPS": 1.13,
        "Total Revenue": NaN,
        "Gross Profit": NaN,
        "Operating Income": NaN,
        "EBIT": NaN,
        "Net Income": NaN
    },
    "2021-09-30": {
        "Diluted EPS": 1.67,
        "Total Revenue": NaN,
        "Gross Profit": NaN,
        "Operating Income": NaN,
        "EBIT": NaN,
        "Net Income": NaN
    },
    "2021-06-30": {
        "Diluted EPS": 1.24,
        "Total Revenue": NaN,
        "Gross Profit": NaN,
        "Operating Income": NaN,
        "EBIT": NaN,
        "Net Income": NaN
    },
    "2021-03-31": {
        "Diluted EPS": 0.82,
        "Total Revenue": NaN,
        "Gross Profit": NaN,
        "Operating Income": NaN,
        "EBIT": NaN,
        "Net Income": NaN
    },
    "2020-12-31": {
        "Diluted EPS": 1.42,
        "Total Revenue": NaN,
        "Gross Profit": NaN,
        "Operating Income": NaN,
        "EBIT": NaN,
        "Net Income": NaN
    },
    "2020-09-30": {
        "Diluted EPS": 1.02,
        "Total Revenue": NaN,
        "Gross Profit": NaN,
        "Operating Income": NaN,
        "EBIT": NaN,
        "Net Income": NaN
    },
    "2020-06-30": {
        "Diluted EPS": 1.19,
        "Total Revenue": NaN,
        "Gross Profit": NaN,
        "Operating Income": NaN,
        "EBIT": NaN,
        "Net Income": NaN
    },
    "2020-03-31": {
        "Diluted EPS": 1.31,
        "Total Revenue": NaN,
        "Gross Profit": NaN,
        "Operating Income": NaN,
        "EBIT": NaN,
        "Net Income": NaN
    },
    "2019-12-31": {
        "Diluted EPS": 1.57,
        "Total Revenue": NaN,
        "Gross Profit": NaN,
        "Operating Income": NaN,
        "EBIT": NaN,
        "Net Income": NaN
    },
    "2019-09-30": {
        "Diluted EPS": 1.35,
        "Total Revenue": NaN,
        "Gross Profit": NaN,
        "Operating Income": NaN,
        "EBIT": NaN,
        "Net Income": NaN
    },
    "2019-06-30": {
        "Diluted EPS": 0.92,
        "Total Revenue": NaN,
        "Gross Profit": NaN,
        "Operating Income": NaN,
        "EBIT": NaN,
        "Net Income": NaN
    },
    "2019-03-31": {
        "Diluted EPS": 0.87,
        "Total Revenue": NaN,
        "Gross Profit": NaN,
        "Operating Income": NaN,
        "EBIT": NaN,
        "Net Income": NaN
    },
    "2018-12-31": {
        "Diluted EPS": 1.12,
        "Total Revenue": NaN,
        "Gross Profit": NaN,
        "Operating Income": NaN,
        "EBIT": NaN,
        "Net Income": NaN
    },
    "2018-09-30": {
        "Diluted EPS": 1.38,
        "Total Revenue": NaN,
        "Gross Profit": NaN,
        "Operating Income": NaN,
        "EBIT": NaN,
        "Net Income": NaN
    },
    "2018-06-30": {
        "Diluted EPS": 1.05,
        "Total Revenue": NaN,
        "Gross Profit": NaN,
        "Operating Income": NaN,
        "EBIT": NaN,
        "Net Income": NaN
    },
    "2018-03-31": {
        "Diluted EPS": 0.93,
        "Total Revenue": NaN,
        "Gross Profit": NaN,
        "Operating Income": NaN,
        "EBIT": NaN,
        "Net Income": NaN
    },
    "2017-12-31": {
        "Diluted EPS": -0.14,
        "Total Revenue": NaN,
        "Gross Profit": NaN,
        "Operating Income": NaN,
        "EBIT": NaN,
        "Net Income": -687
    },
    "2017-09-30": {
        "Diluted EPS": 0.94,
        "Total Revenue": NaN,
        "Gross Profit": NaN,
        "Operating Income": NaN,
        "EBIT": NaN,
        "Net Income": NaN
    },
    "2017-06-30": {
        "Diluted EPS": 0.58,
        "Total Revenue": NaN,
        "Gross Profit": NaN,
        "Operating Income": NaN,
        "EBIT": NaN,
        "Net Income": NaN
    },
    "2017-03-31": {
        "Diluted EPS": 0.61,
        "Total Revenue": NaN,
        "Gross Profit": NaN,
        "Operating Income": NaN,
        "EBIT": NaN,
        "Net Income": NaN
    },
    "2016-12-31": {
        "Diluted EPS": 0.74,
        "Total Revenue": NaN,
        "Gross Profit": NaN,
        "Operating Income": NaN,
        "EBIT": NaN,
        "Net Income": NaN
    },
    "2016-09-30": {
        "Diluted EPS": 0.69,
        "Total Revenue": NaN,
        "Gross Profit": NaN,
        "Operating Income": NaN,
        "EBIT": NaN,
        "Net Income": NaN
    },
    "2016-06-30": {
        "Diluted EPS": 0.27,
        "Total Revenue": NaN,
        "Gross Profit": NaN,
        "Operating Income": NaN,
        "EBIT": NaN,
        "Net Income": NaN
    },
    "2016-03-31": {
        "Diluted EPS": 0.42,
        "Total Revenue": NaN,
        "Gross Profit": NaN,
        "Operating Income": NaN,
        "EBIT": NaN,
        "Net Income": NaN
    },
    "2015-12-31": {
        "Diluted EPS": 0.73,
        "Total Revenue": NaN,
        "Gross Profit": NaN,
        "Operating Income": NaN,
        "EBIT": NaN,
        "Net Income": NaN
    },
    "2015-09-30": {
        "Diluted EPS": 0.64,
        "Total Revenue": NaN,
        "Gross Profit": NaN,
        "Operating Income": NaN,
        "EBIT": NaN,
        "Net Income": NaN
    },
    "2015-06-30": {
        "Diluted EPS": 0.55,
        "Total Revenue": NaN,
        "Gross Profit": NaN,
        "Operating Income": NaN,
        "EBIT": NaN,
        "Net Income": NaN
    },
    "2015-03-31": {
        "Diluted EPS": 0.41,
        "Total Revenue": NaN,
        "Gross Profit": NaN,
        "Operating Income": NaN,
        "EBIT": NaN,
        "Net Income": NaN
    },
    "2014-12-31": {
        "Diluted EPS": 0.72,
        "Total Revenue": NaN,
        "Gross Profit": NaN,
        "Operating Income": NaN,
        "EBIT": NaN,
        "Net Income": NaN
    },
    "2014-09-30": {
        "Diluted EPS": 0.66,
        "Total Revenue": NaN,
        "Gross Profit": NaN,
        "Operating Income": NaN,
        "EBIT": NaN,
        "Net Income": NaN
    },
    "2014-06-30": {
        "Diluted EPS": 0.55,
        "Total Revenue": NaN,
        "Gross Profit": NaN,
        "Operating Income": NaN,
        "EBIT": NaN,
        "Net Income": NaN
    },
    "2014-03-31": {
        "Diluted EPS": 0.38,
        "Total Revenue": NaN,
        "Gross Profit": NaN,
        "Operating Income": NaN,
        "EBIT": NaN,
        "Net Income": NaN
    },
    "2013-12-31": {
        "Diluted EPS": 0.52,
        "Total Revenue": NaN,
        "Gross Profit": NaN,
        "Operating Income": NaN,
        "EBIT": NaN,
        "Net Income": NaN
    },
    "2013-09-30": {
        "Diluted EPS": 0.58,
        "Total Revenue": NaN,
        "Gross Profit": NaN,
        "Operating Income": NaN,
        "EBIT": NaN,
        "Net Income": NaN
    },
    "2013-06-30": {
        "Diluted EPS": 0.39,
        "Total Revenue": NaN,
        "Gross Profit": NaN,
        "Operating Income": NaN,
        "EBIT": NaN,
        "Net Income": NaN
    },
    "2013-03-31": {
        "Diluted EPS": 0.4,
        "Total Revenue": NaN,
        "Gross Profit": NaN,
        "Operating Income": NaN,
        "EBIT": NaN,
        "Net Income": NaN
    },
    "2012-12-31": {
        "Diluted EPS": 0.48,
        "Total Revenue": NaN,
        "Gross Profit": NaN,
        "Operating Income": NaN,
        "EBIT": NaN,
        "Net Income": NaN
    },
    "2012-09-30": {
        "Diluted EPS": 0.58,
        "Total Revenue": NaN,
        "Gross Profit": NaN,
        "Operating Income": NaN,
        "EBIT": NaN,
        "Net Income": NaN
    },
    "2012-06-30": {
        "Diluted EPS": 0.54,
        "Total Revenue": NaN,
        "Gross Profit": NaN,
        "Operating Income": NaN,
        "EBIT": NaN,
        "Net Income": NaN
    },
    "2012-03-31": {
        "Diluted EPS": 0.53,
        "Total Revenue": NaN,
        "Gross Profit": NaN,
        "Operating Income": NaN,
        "EBIT": NaN,
        "Net Income": NaN
    },
    "2011-12-31": {
        "Diluted EPS": 0.64,
        "Total Revenue": NaN,
        "Gross Profit": NaN,
        "Operating Income": NaN,
        "EBIT": NaN,
        "Net Income": NaN
    },
    "2011-09-30": {
        "Diluted EPS": 0.65,
        "Total Revenue": NaN,
        "Gross Profit": NaN,
        "Operating Income": NaN,
        "EBIT": NaN,
        "Net Income": NaN
    },
    "2011-06-30": {
        "Diluted EPS": 0.54,
        "Total Revenue": NaN,
        "Gross Profit": NaN,
        "Operating Income": NaN,
        "EBIT": NaN,
        "Net Income": NaN
    },
    "2011-03-31": {
        "Diluted EPS": 0.56,
        "Total Revenue": NaN,
        "Gross Profit": NaN,
        "Operating Income": NaN,
        "EBIT": NaN,
        "Net Income": NaN
    },
    "2010-12-31": {
        "Diluted EPS": 0.55,
        "Total Revenue": NaN,
        "Gross Profit": NaN,
        "Operating Income": NaN,
        "EBIT": NaN,
        "Net Income": NaN
    },
    "2010-09-30": {
        "Diluted EPS": 0.52,
        "Total Revenue": NaN,
        "Gross Profit": NaN,
        "Operating Income": NaN,
        "EBIT": NaN,
        "Net Income": NaN
    },
    "2010-06-30": {
        "Diluted EPS": 0.51,
        "Total Revenue": NaN,
        "Gross Profit": NaN,
        "Operating Income": NaN,
        "EBIT": NaN,
        "Net Income": NaN
    },
    "2010-03-31": {
        "Diluted EPS": 0.43,
        "Total Revenue": NaN,
        "Gross Profit": NaN,
        "Operating Income": NaN,
        "EBIT": NaN,
        "Net Income": NaN
    },
    "2009-12-31": {
        "Diluted EPS": 0.4,
        "Total Revenue": NaN,
        "Gross Profit": NaN,
        "Operating Income": NaN,
        "EBIT": NaN,
        "Net Income": NaN
    },
    "2009-09-30": {
        "Diluted EPS": 0.33,
        "Total Revenue": NaN,
        "Gross Profit": NaN,
        "Operating Income": NaN,
        "EBIT": NaN,
        "Net Income": NaN
    },
    "2009-06-30": {
        "Diluted EPS": -0.07,
        "Total Revenue": NaN,
        "Gross Profit": NaN,
        "Operating Income": -12,
        "EBIT": NaN,
        "Net Income": -398
    },
    "2009-03-31": {
        "Diluted EPS": 0.11,
        "Total Revenue": NaN,
        "Gross Profit": NaN,
        "Operating Income": 647,
        "EBIT": NaN,
        "Net Income": 629
    },
    "2023-09-30": {
        "Tax Effect Of Unusual Items": -211470000.0,
        "Tax Rate For Calcs": 0.21,
        "Normalized EBITDA": 3606000000.0,
        "Total Unusual Items": -1007000000.0,
        "Total Unusual Items Excluding Goodwill": -1007000000.0,
        "Net Income From Continuing Operation Net Minority Interest": 297000000.0,
        "Reconciled Depreciation": 2447000000.0,
        "Reconciled Cost Of Revenue": 8140000000.0,
        "EBITDA": 2599000000.0,
        "EBIT": 152000000.0,
        "Net Interest Income": 147000000.0,
        "Interest Expense": 204000000.0,
        "Interest Income": 332000000.0,
        "Normalized Income": 1092530000.0,
        "Net Income From Continuing And Discontinued Operation": 297000000.0,
        "Total Expenses": 13350000000.0,
        "Total Operating Income As Reported": -8000000.0,
        "Diluted Average Shares": 4229000000.0,
        "Basic Average Shares": 4202000000.0,
        "Diluted EPS": 0.07,
        "Basic EPS": 0.07,
        "Diluted NI Availto Com Stockholders": 297000000.0,
        "Net Income Common Stockholders": 297000000.0,
        "Net Income": 297000000.0,
        "Minority Interests": -13000000.0,
        "Net Income Including Noncontrolling Interests": 310000000.0,
        "Net Income Continuous Operations": 310000000.0,
        "Tax Provision": -362000000.0,
        "Pretax Income": -52000000.0,
        "Other Income Expense": -1007000000.0,
        "Special Income Charges": -869000000.0,
        "Gain On Sale Of Business": NaN,
        "Other Special Charges": 757000000.0,
        "Write Off": 53000000.0,
        "Restructuring And Mergern Acquisition": 59000000.0,
        "Gain On Sale Of Security": -138000000.0,
        "Net Non Operating Interest Income Expense": 147000000.0,
        "Total Other Finance Cost": -19000000.0,
        "Interest Expense Non Operating": 204000000.0,
        "Interest Income Non Operating": 332000000.0,
        "Operating Income": 808000000.0,
        "Operating Expense": 5210000000.0,
        "Research And Development": 3870000000.0,
        "Selling General And Administration": 1340000000.0,
        "Gross Profit": 6018000000.0,
        "Cost Of Revenue": 8140000000.0,
        "Total Revenue": 14158000000.0,
        "Operating Revenue": 14158000000.0
    },
    "2023-12-31": {
        "Tax Effect Of Unusual Items": 56378766.140603,
        "Tax Rate For Calcs": 0.045911,
        "Normalized EBITDA": 4340000000.0,
        "Total Unusual Items": 1228000000.0,
        "Total Unusual Items Excluding Goodwill": 1228000000.0,
        "Net Income From Continuing Operation Net Minority Interest": 2669000000.0,
        "Reconciled Depreciation": 2513000000.0,
        "Reconciled Cost Of Revenue": 8359000000.0,
        "EBITDA": 5568000000.0,
        "EBIT": 3055000000.0,
        "Net Interest Income": 117000000.0,
        "Interest Expense": 267000000.0,
        "Interest Income": 356000000.0,
        "Normalized Income": 1497378766.140603,
        "Net Income From Continuing And Discontinued Operation": 2669000000.0,
        "Total Expenses": 13963000000.0,
        "Total Operating Income As Reported": 2585000000.0,
        "Diluted Average Shares": 4260000000.0,
        "Basic Average Shares": 4222000000.0,
        "Diluted EPS": 0.63,
        "Basic EPS": 0.63,
        "Diluted NI Availto Com Stockholders": 2669000000.0,
        "Net Income Common Stockholders": 2669000000.0,
        "Net Income": 2669000000.0,
        "Minority Interests": 9000000.0,
        "Net Income Including Noncontrolling Interests": 2660000000.0,
        "Net Income Continuous Operations": 2660000000.0,
        "Tax Provision": 128000000.0,
        "Pretax Income": 2788000000.0,
        "Other Income Expense": 1228000000.0,
        "Special Income Charges": 1055000000.0,
        "Gain On Sale Of Business": NaN,
        "Other Special Charges": -1183000000.0,
        "Write Off": 97000000.0,
        "Restructuring And Mergern Acquisition": 31000000.0,
        "Gain On Sale Of Security": 173000000.0,
        "Net Non Operating Interest Income Expense": 117000000.0,
        "Total Other Finance Cost": -28000000.0,
        "Interest Expense Non Operating": 267000000.0,
        "Interest Income Non Operating": 356000000.0,
        "Operating Income": 1443000000.0,
        "Operating Expense": 5604000000.0,
        "Research And Development": 3987000000.0,
        "Selling General And Administration": 1617000000.0,
        "Gross Profit": 7047000000.0,
        "Cost Of Revenue": 8359000000.0,
        "Total Revenue": 15406000000.0,
        "Operating Revenue": 15406000000.0
    },
    "2024-03-31": {
        "Tax Effect Of Unusual Items": -56056000.0,
        "Tax Rate For Calcs": 0.392,
        "Normalized EBITDA": 2233000000.0,
        "Total Unusual Items": -143000000.0,
        "Total Unusual Items Excluding Goodwill": -143000000.0,
        "Net Income From Continuing Operation Net Minority Interest": -381000000.0,
        "Reconciled Depreciation": 2551000000.0,
        "Reconciled Cost Of Revenue": 7507000000.0,
        "EBITDA": 2090000000.0,
        "EBIT": -461000000.0,
        "Net Interest Income": 145000000.0,
        "Interest Expense": 258000000.0,
        "Interest Income": 323000000.0,
        "Normalized Income": -294056000.0,
        "Net Income From Continuing And Discontinued Operation": -381000000.0,
        "Total Expenses": 13445000000.0,
        "Total Operating Income As Reported": -1069000000.0,
        "Diluted Average Shares": 4242000000.0,
        "Basic Average Shares": 4242000000.0,
        "Diluted EPS": -0.09,
        "Basic EPS": -0.09,
        "Diluted NI Availto Com Stockholders": -381000000.0,
        "Net Income Common Stockholders": -381000000.0,
        "Net Income": -381000000.0,
        "Minority Interests": 56000000.0,
        "Net Income Including Noncontrolling Interests": -437000000.0,
        "Net Income Continuous Operations": -437000000.0,
        "Tax Provision": -282000000.0,
        "Pretax Income": -719000000.0,
        "Other Income Expense": -143000000.0,
        "Special Income Charges": -417000000.0,
        "Gain On Sale Of Business": NaN,
        "Other Special Charges": NaN,
        "Write Off": 288000000.0,
        "Restructuring And Mergern Acquisition": 129000000.0,
        "Gain On Sale Of Security": 274000000.0,
        "Net Non Operating Interest Income Expense": 145000000.0,
        "Total Other Finance Cost": -80000000.0,
        "Interest Expense Non Operating": 258000000.0,
        "Interest Income Non Operating": 323000000.0,
        "Operating Income": -721000000.0,
        "Operating Expense": 5938000000.0,
        "Research And Development": 4382000000.0,
        "Selling General And Administration": 1556000000.0,
        "Gross Profit": 5217000000.0,
        "Cost Of Revenue": 7507000000.0,
        "Total Revenue": 12724000000.0,
        "Operating Revenue": 12724000000.0
    },
    "2024-06-30": {
        "Tax Effect Of Unusual Items": -186025000.0,
        "Tax Rate For Calcs": 0.175,
        "Normalized EBITDA": 1922000000.0,
        "Total Unusual Items": -1063000000.0,
        "Total Unusual Items Excluding Goodwill": -1063000000.0,
        "Net Income From Continuing Operation Net Minority Interest": -1610000000.0,
        "Reconciled Depreciation": 2569000000.0,
        "Reconciled Cost Of Revenue": 8286000000.0,
        "EBITDA": 859000000.0,
        "EBIT": -1710000000.0,
        "Net Interest Income": 80000000.0,
        "Interest Expense": 294000000.0,
        "Interest Income": 320000000.0,
        "Normalized Income": -733025000.0,
        "Net Income From Continuing And Discontinued Operation": -1610000000.0,
        "Total Expenses": 13854000000.0,
        "Total Operating Income As Reported": -1964000000.0,
        "Diluted Average Shares": 4267000000.0,
        "Basic Average Shares": 4267000000.0,
        "Diluted EPS": -0.38,
        "Basic EPS": -0.38,
        "Diluted NI Availto Com Stockholders": -1610000000.0,
        "Net Income Common Stockholders": -1610000000.0,
        "Net Income": -1610000000.0,
        "Minority Interests": 44000000.0,
        "Net Income Including Noncontrolling Interests": -1654000000.0,
        "Net Income Continuous Operations": -1654000000.0,
        "Tax Provision": -350000000.0,
        "Pretax Income": -2004000000.0,
        "Other Income Expense": -1063000000.0,
        "Special Income Charges": -1034000000.0,
        "Gain On Sale Of Business": NaN,
        "Other Special Charges": 778000000.0,
        "Write Off": 91000000.0,
        "Restructuring And Mergern Acquisition": 165000000.0,
        "Gain On Sale Of Security": -29000000.0,
        "Net Non Operating Interest Income Expense": 80000000.0,
        "Total Other Finance Cost": -54000000.0,
        "Interest Expense Non Operating": 294000000.0,
        "Interest Income Non Operating": 320000000.0,
        "Operating Income": -1021000000.0,
        "Operating Expense": 5568000000.0,
        "Research And Development": 4239000000.0,
        "Selling General And Administration": 1329000000.0,
        "Gross Profit": 4547000000.0,
        "Cost Of Revenue": 8286000000.0,
        "Total Revenue": 12833000000.0,
        "Operating Revenue": 12833000000.0
    }
}