{
    "2023-12-31": {
        "Tax Effect Of Unusual Items": 0.0,
        "Tax Rate For Calcs": 0.21,
        "Normalized EBITDA": 2072000.0,
        "Net Income From Continuing Operation Net Minority Interest": 766000.0,
        "Reconciled Depreciation": 1168000.0,
        "Reconciled Cost Of Revenue": 14600000.0,
        "EBITDA": 2072000.0,
        "EBIT": 904000.0,
        "Net Interest Income": -153000.0,
        "Interest Expense": 153000.0,
        "Normalized Income": 766000.0,
        "Net Income From Continuing And Discontinued Operation": 766000.0,
        "Total Expenses": 25868000.0,
        "Total Operating Income As Reported": 294000.0,
        "Diluted Average Shares": NaN,
        "Basic Average Shares": NaN,
        "Diluted EPS": NaN,
        "Basic EPS": NaN,
        "Diluted NI Availto Com Stockholders": 766000.0,
        "Net Income Common Stockholders": 766000.0,
        "Net Income": 766000.0,
        "Net Income Including Noncontrolling Interests": 766000.0,
        "Net Income Continuous Operations": 766000.0,
        "Tax Provision": -15000.0,
        "Pretax Income": 751000.0,
        "Other Income Expense": 610000.0,
        "Other Non Operating Income Expenses": 610000.0,
        "Net Non Operating Interest Income Expense": -153000.0,
        "Interest Expense Non Operating": 153000.0,
        "Operating Income": 294000.0,
        "Operating Expense": 11268000.0,
        "Research And Development": 1929000.0,
        "Selling General And Administration": 9339000.0,
        "Selling And Marketing Expense": 4122000.0,
        "General And Administrative Expense": 5217000.0,
        "Other Gand A": 5217000.0,
        "Gross Profit": 11562000.0,
        "Cost Of Revenue": 14600000.0,
        "Total Revenue": 26162000.0,
        "Operating Revenue": 26162000.0
    },
    "2023-09-30": {
        "Tax Effect Of Unusual Items": 0.0,
        "Tax Rate For Calcs": 0.16379,
        "Normalized EBITDA": 4056000.0,
        "Net Income From Continuing Operation Net Minority Interest": 2277000.0,
        "Reconciled Depreciation": 1165000.0,
        "Reconciled Cost Of Revenue": 16494000.0,
        "EBITDA": 4056000.0,
        "EBIT": 2891000.0,
        "Net Interest Income": -168000.0,
        "Interest Expense": 168000.0,
        "Normalized Income": 2277000.0,
        "Net Income From Continuing And Discontinued Operation": 2277000.0,
        "Total Expenses": 28473000.0,
        "Total Operating Income As Reported": 2468000.0,
        "Diluted Average Shares": 12212317.0,
        "Basic Average Shares": 11886005.0,
        "Diluted EPS": 0.24,
        "Basic EPS": 0.25,
        "Diluted NI Availto Com Stockholders": 2277000.0,
        "Net Income Common Stockholders": 2277000.0,
        "Net Income": 2277000.0,
        "Net Income Including Noncontrolling Interests": 2277000.0,
        "Net Income Continuous Operations": 2277000.0,
        "Tax Provision": 446000.0,
        "Pretax Income": 2723000.0,
        "Other Income Expense": 423000.0,
        "Other Non Operating Income Expenses": 423000.0,
        "Net Non Operating Interest Income Expense": -168000.0,
        "Interest Expense Non Operating": 168000.0,
        "Operating Income": 2468000.0,
        "Operating Expense": 11979000.0,
        "Research And Development": 1802000.0,
        "Selling General And Administration": 10177000.0,
        "Selling And Marketing Expense": 4295000.0,
        "General And Administrative Expense": 5882000.0,
        "Other Gand A": 5882000.0,
        "Gross Profit": 14447000.0,
        "Cost Of Revenue": 16494000.0,
        "Total Revenue": 30941000.0,
        "Operating Revenue": 30941000.0
    },
    "2023-06-30": {
        "Tax Effect Of Unusual Items": NaN,
        "Tax Rate For Calcs": NaN,
        "Normalized EBITDA": NaN,
        "Net Income From Continuing Operation Net Minority Interest": NaN,
        "Reconciled Depreciation": NaN,
        "Reconciled Cost Of Revenue": NaN,
        "EBITDA": NaN,
        "EBIT": NaN,
        "Net Interest Income": NaN,
        "Interest Expense": NaN,
        "Normalized Income": NaN,
        "Net Income From Continuing And Discontinued Operation": NaN,
        "Total Expenses": NaN,
        "Total Operating Income As Reported": NaN,
        "Diluted Average Shares": 11696569.0,
        "Basic Average Shares": 11241183.0,
        "Diluted EPS": 0.24,
        "Basic EPS": 0.25,
        "Diluted NI Availto Com Stockholders": NaN,
        "Net Income Common Stockholders": NaN,
        "Net Income": NaN,
        "Net Income Including Noncontrolling Interests": NaN,
        "Net Income Continuous Operations": NaN,
        "Tax Provision": NaN,
        "Pretax Income": NaN,
        "Other Income Expense": NaN,
        "Other Non Operating Income Expenses": NaN,
        "Net Non Operating Interest Income Expense": NaN,
        "Interest Expense Non Operating": NaN,
        "Operating Income": NaN,
        "Operating Expense": NaN,
        "Research And Development": NaN,
        "Selling General And Administration": NaN,
        "Selling And Marketing Expense": NaN,
        "General And Administrative Expense": NaN,
        "Other Gand A": NaN,
        "Gross Profit": NaN,
        "Cost Of Revenue": NaN,
        "Total Revenue": NaN,
        "Operating Revenue": NaN
    },
    "2023-03-31": {
        "Tax Effect Of Unusual Items": NaN,
        "Tax Rate For Calcs": NaN,
        "Normalized EBITDA": NaN,
        "Net Income From Continuing Operation Net Minority Interest": NaN,
        "Reconciled Depreciation": NaN,
        "Reconciled Cost Of Revenue": NaN,
        "EBITDA": NaN,
        "EBIT": NaN,
        "Net Interest Income": NaN,
        "Interest Expense": NaN,
        "Normalized Income": NaN,
        "Net Income From Continuing And Discontinued Operation": NaN,
        "Total Expenses": NaN,
        "Total Operating Income As Reported": NaN,
        "Diluted Average Shares": 11088664.0,
        "Basic Average Shares": 10755729.0,
        "Diluted EPS": 0.25,
        "Basic EPS": 0.26,
        "Diluted NI Availto Com Stockholders": NaN,
        "Net Income Common Stockholders": NaN,
        "Net Income": NaN,
        "Net Income Including Noncontrolling Interests": NaN,
        "Net Income Continuous Operations": NaN,
        "Tax Provision": NaN,
        "Pretax Income": NaN,
        "Other Income Expense": NaN,
        "Other Non Operating Income Expenses": NaN,
        "Net Non Operating Interest Income Expense": NaN,
        "Interest Expense Non Operating": NaN,
        "Operating Income": NaN,
        "Operating Expense": NaN,
        "Research And Development": NaN,
        "Selling General And Administration": NaN,
        "Selling And Marketing Expense": NaN,
        "General And Administrative Expense": NaN,
        "Other Gand A": NaN,
        "Gross Profit": NaN,
        "Cost Of Revenue": NaN,
        "Total Revenue": NaN,
        "Operating Revenue": NaN
    },
    "2024-03-31": {
        "Tax Effect Of Unusual Items": 0.0,
        "Tax Rate For Calcs": 0.16,
        "Normalized EBITDA": 2209000.0,
        "Net Income From Continuing Operation Net Minority Interest": 662000.0,
        "Reconciled Depreciation": 1282000.0,
        "Reconciled Cost Of Revenue": 16748000.0,
        "EBITDA": 2209000.0,
        "EBIT": 927000.0,
        "Net Interest Income": -140000.0,
        "Interest Expense": 140000.0,
        "Normalized Income": 662000.0,
        "Net Income From Continuing And Discontinued Operation": 662000.0,
        "Total Expenses": 29332000.0,
        "Total Operating Income As Reported": 492000.0,
        "Diluted Average Shares": 12158297.0,
        "Basic Average Shares": 12026361.0,
        "Diluted EPS": 0.05,
        "Basic EPS": 0.06,
        "Diluted NI Availto Com Stockholders": 662000.0,
        "Net Income Common Stockholders": 662000.0,
        "Net Income": 662000.0,
        "Net Income Including Noncontrolling Interests": 662000.0,
        "Net Income Continuous Operations": 662000.0,
        "Tax Provision": 125000.0,
        "Pretax Income": 787000.0,
        "Other Income Expense": 435000.0,
        "Other Non Operating Income Expenses": 435000.0,
        "Net Non Operating Interest Income Expense": -140000.0,
        "Interest Expense Non Operating": 140000.0,
        "Operating Income": 492000.0,
        "Operating Expense": 12584000.0,
        "Research And Development": 1982000.0,
        "Selling General And Administration": 10602000.0,
        "Selling And Marketing Expense": 4590000.0,
        "General And Administrative Expense": 6012000.0,
        "Other Gand A": 6012000.0,
        "Gross Profit": 13076000.0,
        "Cost Of Revenue": 16748000.0,
        "Total Revenue": 29824000.0,
        "Operating Revenue": 29824000.0
    },
    "2022-12-31": {
        "Tax Effect Of Unusual Items": NaN,
        "Tax Rate For Calcs": NaN,
        "Normalized EBITDA": NaN,
        "Total Unusual Items": 0.0,
        "Total Unusual Items Excluding Goodwill": 0.0,
        "Net Income From Continuing Operation Net Minority Interest": NaN,
        "Reconciled Depreciation": NaN,
        "Reconciled Cost Of Revenue": NaN,
        "EBITDA": NaN,
        "EBIT": NaN,
        "Net Interest Income": NaN,
        "Interest Expense": NaN,
        "Normalized Income": NaN,
        "Net Income From Continuing And Discontinued Operation": NaN,
        "Total Expenses": NaN,
        "Total Operating Income As Reported": NaN,
        "Diluted Average Shares": NaN,
        "Basic Average Shares": NaN,
        "Diluted EPS": NaN,
        "Basic EPS": NaN,
        "Diluted NI Availto Com Stockholders": NaN,
        "Net Income Common Stockholders": NaN,
        "Net Income": NaN,
        "Net Income Including Noncontrolling Interests": NaN,
        "Net Income Continuous Operations": NaN,
        "Tax Provision": NaN,
        "Pretax Income": NaN,
        "Other Income Expense": NaN,
        "Other Non Operating Income Expenses": NaN,
        "Special Income Charges": 0.0,
        "Restructuring And Mergern Acquisition": 0.0,
        "Net Non Operating Interest Income Expense": NaN,
        "Interest Expense Non Operating": NaN,
        "Operating Income": NaN,
        "Operating Expense": NaN,
        "Research And Development": NaN,
        "Selling General And Administration": NaN,
        "Selling And Marketing Expense": NaN,
        "General And Administrative Expense": NaN,
        "Other Gand A": NaN,
        "Gross Profit": NaN,
        "Cost Of Revenue": NaN,
        "Total Revenue": NaN,
        "Operating Revenue": NaN
    },
    "2022-09-30": {
        "Tax Effect Of Unusual Items": NaN,
        "Tax Rate For Calcs": NaN,
        "Normalized EBITDA": NaN,
        "Total Unusual Items": 0.0,
        "Total Unusual Items Excluding Goodwill": 0.0,
        "Net Income From Continuing Operation Net Minority Interest": NaN,
        "Reconciled Depreciation": NaN,
        "Reconciled Cost Of Revenue": NaN,
        "EBITDA": NaN,
        "EBIT": NaN,
        "Net Interest Income": NaN,
        "Interest Expense": NaN,
        "Normalized Income": NaN,
        "Net Income From Continuing And Discontinued Operation": NaN,
        "Total Expenses": NaN,
        "Total Operating Income As Reported": NaN,
        "Diluted Average Shares": NaN,
        "Basic Average Shares": NaN,
        "Diluted EPS": NaN,
        "Basic EPS": NaN,
        "Diluted NI Availto Com Stockholders": NaN,
        "Net Income Common Stockholders": NaN,
        "Net Income": NaN,
        "Net Income Including Noncontrolling Interests": NaN,
        "Net Income Continuous Operations": NaN,
        "Tax Provision": NaN,
        "Pretax Income": NaN,
        "Other Income Expense": NaN,
        "Other Non Operating Income Expenses": NaN,
        "Special Income Charges": 0.0,
        "Restructuring And Mergern Acquisition": 0.0,
        "Net Non Operating Interest Income Expense": NaN,
        "Interest Expense Non Operating": NaN,
        "Operating Income": NaN,
        "Operating Expense": NaN,
        "Research And Development": NaN,
        "Selling General And Administration": NaN,
        "Selling And Marketing Expense": NaN,
        "General And Administrative Expense": NaN,
        "Other Gand A": NaN,
        "Gross Profit": NaN,
        "Cost Of Revenue": NaN,
        "Total Revenue": NaN,
        "Operating Revenue": NaN
    },
    "2024-06-30": {
        "Tax Effect Of Unusual Items": 0.0,
        "Tax Rate For Calcs": 0.22,
        "Normalized EBITDA": 2073000.0,
        "Net Income From Continuing Operation Net Minority Interest": 230000.0,
        "Reconciled Depreciation": 1524000.0,
        "Reconciled Cost Of Revenue": 20194000.0,
        "EBITDA": 2073000.0,
        "EBIT": 549000.0,
        "Net Interest Income": -253000.0,
        "Interest Expense": 253000.0,
        "Normalized Income": 230000.0,
        "Net Income From Continuing And Discontinued Operation": 230000.0,
        "Total Expenses": 33655000.0,
        "Total Operating Income As Reported": 336000.0,
        "Diluted Average Shares": 12330280.0,
        "Basic Average Shares": 12234599.0,
        "Diluted EPS": 0.02,
        "Basic EPS": 0.02,
        "Diluted NI Availto Com Stockholders": 230000.0,
        "Net Income Common Stockholders": 230000.0,
        "Net Income": 230000.0,
        "Net Income Including Noncontrolling Interests": 230000.0,
        "Net Income Continuous Operations": 230000.0,
        "Tax Provision": 66000.0,
        "Pretax Income": 296000.0,
        "Other Income Expense": 213000.0,
        "Other Non Operating Income Expenses": 213000.0,
        "Net Non Operating Interest Income Expense": -253000.0,
        "Interest Expense Non Operating": 253000.0,
        "Operating Income": 336000.0,
        "Operating Expense": 13461000.0,
        "Research And Development": 2218000.0,
        "Selling General And Administration": 11243000.0,
        "Selling And Marketing Expense": 4105000.0,
        "General And Administrative Expense": 7138000.0,
        "Other Gand A": 7138000.0,
        "Gross Profit": 13797000.0,
        "Cost Of Revenue": 20194000.0,
        "Total Revenue": 33991000.0,
        "Operating Revenue": 33991000.0
    },
    "2024-09-30": {
        "Tax Effect Of Unusual Items": 0.0,
        "Tax Rate For Calcs": 0.130053,
        "Normalized EBITDA": 2451000.0,
        "Net Income From Continuing Operation Net Minority Interest": 495000.0,
        "Reconciled Depreciation": 1663000.0,
        "Reconciled Cost Of Revenue": 16260000.0,
        "EBITDA": 2451000.0,
        "EBIT": 788000.0,
        "Net Interest Income": -219000.0,
        "Interest Expense": 219000.0,
        "Normalized Income": 495000.0,
        "Net Income From Continuing And Discontinued Operation": 495000.0,
        "Total Expenses": 29785000.0,
        "Total Operating Income As Reported": 487000.0,
        "Diluted Average Shares": 12251712.0,
        "Basic Average Shares": 12189761.0,
        "Diluted EPS": 0.04,
        "Basic EPS": 0.04,
        "Diluted NI Availto Com Stockholders": 495000.0,
        "Net Income Common Stockholders": 495000.0,
        "Net Income": 495000.0,
        "Net Income Including Noncontrolling Interests": 495000.0,
        "Net Income Continuous Operations": 495000.0,
        "Tax Provision": 74000.0,
        "Pretax Income": 569000.0,
        "Other Income Expense": 301000.0,
        "Other Non Operating Income Expenses": 301000.0,
        "Net Non Operating Interest Income Expense": -219000.0,
        "Interest Expense Non Operating": 219000.0,
        "Operating Income": 487000.0,
        "Operating Expense": 13525000.0,
        "Research And Development": 2182000.0,
        "Selling General And Administration": 11343000.0,
        "Selling And Marketing Expense": 4281000.0,
        "General And Administrative Expense": 7062000.0,
        "Other Gand A": 7062000.0,
        "Gross Profit": 14012000.0,
        "Cost Of Revenue": 16260000.0,
        "Total Revenue": 30272000.0,
        "Operating Revenue": 30272000.0
    }
}