{
    "2023-03-31": {
        "Tax Effect Of Unusual Items": 0.0,
        "Tax Rate For Calcs": 0.0,
        "Normalized EBITDA": -3606000.0,
        "Total Unusual Items": NaN,
        "Total Unusual Items Excluding Goodwill": NaN,
        "Net Income From Continuing Operation Net Minority Interest": -4734000.0,
        "Reconciled Depreciation": 397000.0,
        "Reconciled Cost Of Revenue": 313000.0,
        "EBITDA": -3606000.0,
        "EBIT": -4003000.0,
        "Net Interest Income": -690000.0,
        "Interest Expense": 731000.0,
        "Interest Income": 41000.0,
        "Normalized Income": -4734000.0,
        "Net Income From Continuing And Discontinued Operation": -4734000.0,
        "Total Expenses": 5353000.0,
        "Total Operating Income As Reported": -4044000.0,
        "Diluted Average Shares": 1054000.0,
        "Basic Average Shares": 1054000.0,
        "Diluted EPS": -4.49,
        "Basic EPS": -4.49,
        "Diluted NI Availto Com Stockholders": -4734000.0,
        "Net Income Common Stockholders": -4734000.0,
        "Net Income": -4734000.0,
        "Net Income Including Noncontrolling Interests": -4734000.0,
        "Net Income Continuous Operations": -4734000.0,
        "Pretax Income": -4734000.0,
        "Other Income Expense": NaN,
        "Special Income Charges": NaN,
        "Other Special Charges": NaN,
        "Net Non Operating Interest Income Expense": -690000.0,
        "Interest Expense Non Operating": 731000.0,
        "Interest Income Non Operating": 41000.0,
        "Operating Income": -4044000.0,
        "Operating Expense": 5040000.0,
        "Research And Development": 1796000.0,
        "Selling General And Administration": 3244000.0,
        "Selling And Marketing Expense": 1738000.0,
        "General And Administrative Expense": 1506000.0,
        "Other Gand A": 1506000.0,
        "Gross Profit": 996000.0,
        "Cost Of Revenue": 313000.0,
        "Total Revenue": 1309000.0,
        "Operating Revenue": 1309000.0
    },
    "2022-12-31": {
        "Tax Effect Of Unusual Items": NaN,
        "Tax Rate For Calcs": NaN,
        "Normalized EBITDA": NaN,
        "Total Unusual Items": 0.0,
        "Total Unusual Items Excluding Goodwill": 0.0,
        "Net Income From Continuing Operation Net Minority Interest": NaN,
        "Reconciled Depreciation": NaN,
        "Reconciled Cost Of Revenue": NaN,
        "EBITDA": NaN,
        "EBIT": NaN,
        "Net Interest Income": NaN,
        "Interest Expense": NaN,
        "Interest Income": NaN,
        "Normalized Income": NaN,
        "Net Income From Continuing And Discontinued Operation": NaN,
        "Total Expenses": NaN,
        "Total Operating Income As Reported": NaN,
        "Diluted Average Shares": NaN,
        "Basic Average Shares": NaN,
        "Diluted EPS": NaN,
        "Basic EPS": NaN,
        "Diluted NI Availto Com Stockholders": NaN,
        "Net Income Common Stockholders": NaN,
        "Net Income": NaN,
        "Net Income Including Noncontrolling Interests": NaN,
        "Net Income Continuous Operations": NaN,
        "Pretax Income": NaN,
        "Other Income Expense": 0.0,
        "Special Income Charges": 0.0,
        "Other Special Charges": 0.0,
        "Net Non Operating Interest Income Expense": NaN,
        "Interest Expense Non Operating": NaN,
        "Interest Income Non Operating": NaN,
        "Operating Income": NaN,
        "Operating Expense": NaN,
        "Research And Development": NaN,
        "Selling General And Administration": NaN,
        "Selling And Marketing Expense": NaN,
        "General And Administrative Expense": NaN,
        "Other Gand A": NaN,
        "Gross Profit": NaN,
        "Cost Of Revenue": NaN,
        "Total Revenue": NaN,
        "Operating Revenue": NaN
    },
    "2022-09-30": {
        "Tax Effect Of Unusual Items": NaN,
        "Tax Rate For Calcs": NaN,
        "Normalized EBITDA": NaN,
        "Total Unusual Items": -35000.0,
        "Total Unusual Items Excluding Goodwill": -35000.0,
        "Net Income From Continuing Operation Net Minority Interest": NaN,
        "Reconciled Depreciation": NaN,
        "Reconciled Cost Of Revenue": NaN,
        "EBITDA": NaN,
        "EBIT": NaN,
        "Net Interest Income": NaN,
        "Interest Expense": NaN,
        "Interest Income": NaN,
        "Normalized Income": NaN,
        "Net Income From Continuing And Discontinued Operation": NaN,
        "Total Expenses": NaN,
        "Total Operating Income As Reported": NaN,
        "Diluted Average Shares": NaN,
        "Basic Average Shares": NaN,
        "Diluted EPS": NaN,
        "Basic EPS": NaN,
        "Diluted NI Availto Com Stockholders": NaN,
        "Net Income Common Stockholders": NaN,
        "Net Income": NaN,
        "Net Income Including Noncontrolling Interests": NaN,
        "Net Income Continuous Operations": NaN,
        "Pretax Income": NaN,
        "Other Income Expense": -35000.0,
        "Special Income Charges": -35000.0,
        "Other Special Charges": 35000.0,
        "Net Non Operating Interest Income Expense": NaN,
        "Interest Expense Non Operating": NaN,
        "Interest Income Non Operating": NaN,
        "Operating Income": NaN,
        "Operating Expense": NaN,
        "Research And Development": NaN,
        "Selling General And Administration": NaN,
        "Selling And Marketing Expense": NaN,
        "General And Administrative Expense": NaN,
        "Other Gand A": NaN,
        "Gross Profit": NaN,
        "Cost Of Revenue": NaN,
        "Total Revenue": NaN,
        "Operating Revenue": NaN
    },
    "2022-06-30": {
        "Tax Effect Of Unusual Items": 0.0,
        "Tax Rate For Calcs": 0.0,
        "Normalized EBITDA": -3656000.0,
        "Total Unusual Items": 420000.0,
        "Total Unusual Items Excluding Goodwill": 420000.0,
        "Net Income From Continuing Operation Net Minority Interest": -4065000.0,
        "Reconciled Depreciation": 304000.0,
        "Reconciled Cost Of Revenue": 667000.0,
        "EBITDA": -3236000.0,
        "EBIT": -3540000.0,
        "Net Interest Income": -524000.0,
        "Interest Expense": 525000.0,
        "Interest Income": 1000.0,
        "Normalized Income": -4485000.0,
        "Net Income From Continuing And Discontinued Operation": -4065000.0,
        "Total Expenses": 6019000.0,
        "Total Operating Income As Reported": -3961000.0,
        "Diluted Average Shares": 19372000.0,
        "Basic Average Shares": 19372000.0,
        "Diluted EPS": -0.21,
        "Basic EPS": -0.21,
        "Diluted NI Availto Com Stockholders": -4065000.0,
        "Net Income Common Stockholders": -4065000.0,
        "Net Income": -4065000.0,
        "Net Income Including Noncontrolling Interests": -4065000.0,
        "Net Income Continuous Operations": -4065000.0,
        "Pretax Income": -4065000.0,
        "Other Income Expense": 420000.0,
        "Special Income Charges": 420000.0,
        "Other Special Charges": -420000.0,
        "Net Non Operating Interest Income Expense": -524000.0,
        "Interest Expense Non Operating": 525000.0,
        "Interest Income Non Operating": 1000.0,
        "Operating Income": -3961000.0,
        "Operating Expense": 5352000.0,
        "Research And Development": 1486000.0,
        "Selling General And Administration": 3866000.0,
        "Selling And Marketing Expense": 1817000.0,
        "General And Administrative Expense": 2049000.0,
        "Other Gand A": 2049000.0,
        "Gross Profit": 1391000.0,
        "Cost Of Revenue": 667000.0,
        "Total Revenue": 2058000.0,
        "Operating Revenue": 2058000.0
    },
    "2022-03-31": {
        "Diluted EPS": -0.21,
        "Total Revenue": 2,
        "Gross Profit": 1,
        "Operating Income": -4,
        "EBIT": -4,
        "Net Income": -4
    },
    "2021-12-31": {
        "Diluted EPS": -0.21,
        "Total Revenue": 2,
        "Gross Profit": 0,
        "Operating Income": -4,
        "EBIT": -4,
        "Net Income": -4
    },
    "2021-09-30": {
        "Diluted EPS": -0.34,
        "Total Revenue": 2,
        "Gross Profit": 1,
        "Operating Income": -6,
        "EBIT": -6,
        "Net Income": -6
    },
    "2021-06-30": {
        "Diluted EPS": -0.28,
        "Total Revenue": 2,
        "Gross Profit": 1,
        "Operating Income": -6,
        "EBIT": -6,
        "Net Income": -5
    },
    "2021-03-31": {
        "Diluted EPS": -0.22,
        "Total Revenue": 2,
        "Gross Profit": 1,
        "Operating Income": -4,
        "EBIT": -4,
        "Net Income": -4
    },
    "2020-12-31": {
        "Diluted EPS": -0.26,
        "Total Revenue": 2,
        "Gross Profit": 1,
        "Operating Income": -4,
        "EBIT": -4,
        "Net Income": -4
    },
    "2020-09-30": {
        "Diluted EPS": -0.1,
        "Total Revenue": 2,
        "Gross Profit": 1,
        "Operating Income": -1,
        "EBIT": -1,
        "Net Income": -1
    },
    "2020-06-30": {
        "Diluted EPS": -0.05,
        "Total Revenue": 2,
        "Gross Profit": 1,
        "Operating Income": -1,
        "EBIT": -1,
        "Net Income": -1
    },
    "2020-03-31": {
        "Diluted EPS": -0.04,
        "Total Revenue": 2,
        "Gross Profit": 1,
        "Operating Income": 0,
        "EBIT": 0,
        "Net Income": 0
    },
    "2019-12-31": {
        "Diluted EPS": 0.02,
        "Total Revenue": 3,
        "Gross Profit": 2,
        "Operating Income": 0,
        "EBIT": 0,
        "Net Income": 0
    },
    "2019-09-30": {
        "Diluted EPS": 0.09,
        "Total Revenue": 4,
        "Gross Profit": 2,
        "Operating Income": 1,
        "EBIT": 2,
        "Net Income": 1
    },
    "2019-06-30": {
        "Diluted EPS": 0.11,
        "Total Revenue": 4,
        "Gross Profit": 2,
        "Operating Income": 2,
        "EBIT": 2,
        "Net Income": 2
    },
    "2019-03-31": {
        "Diluted EPS": 0.06,
        "Total Revenue": 3,
        "Gross Profit": 2,
        "Operating Income": 1,
        "EBIT": 1,
        "Net Income": 1
    },
    "2018-12-31": {
        "Diluted EPS": 0.05,
        "Total Revenue": 3,
        "Gross Profit": 2,
        "Operating Income": 1,
        "EBIT": 1,
        "Net Income": 1
    },
    "2018-09-30": {
        "Diluted EPS": 0.04,
        "Total Revenue": 3,
        "Gross Profit": 2,
        "Operating Income": 1,
        "EBIT": 1,
        "Net Income": 1
    },
    "2018-06-30": {
        "Diluted EPS": 0.03,
        "Total Revenue": 2,
        "Gross Profit": 1,
        "Operating Income": 1,
        "EBIT": 1,
        "Net Income": 0
    },
    "2018-03-31": {
        "Diluted EPS": 0.02,
        "Total Revenue": 2,
        "Gross Profit": 1,
        "Operating Income": 0,
        "EBIT": 0,
        "Net Income": 0
    },
    "2017-12-31": {
        "Diluted EPS": 0.02,
        "Total Revenue": 2,
        "Gross Profit": 1,
        "Operating Income": 0,
        "EBIT": 0,
        "Net Income": 0
    },
    "2017-09-30": {
        "Diluted EPS": 0.04,
        "Total Revenue": 2,
        "Gross Profit": 1,
        "Operating Income": 0,
        "EBIT": 0,
        "Net Income": 1
    },
    "2017-06-30": {
        "Diluted EPS": -0.04,
        "Total Revenue": 2,
        "Gross Profit": 1,
        "Operating Income": 0,
        "EBIT": 0,
        "Net Income": 0
    },
    "2017-03-31": {
        "Diluted EPS": -0.03,
        "Total Revenue": 2,
        "Gross Profit": 1,
        "Operating Income": 0,
        "EBIT": 0,
        "Net Income": 0
    },
    "2016-12-31": {
        "Diluted EPS": -0.03,
        "Total Revenue": 1,
        "Gross Profit": 1,
        "Operating Income": 0,
        "EBIT": 0,
        "Net Income": 0
    },
    "2016-09-30": {
        "Diluted EPS": -0.02,
        "Total Revenue": 2,
        "Gross Profit": 1,
        "Operating Income": 0,
        "EBIT": 0,
        "Net Income": 0
    },
    "2016-06-30": {
        "Diluted EPS": -0.03,
        "Total Revenue": 2,
        "Gross Profit": 1,
        "Operating Income": 0,
        "EBIT": 0,
        "Net Income": 0
    },
    "2016-03-31": {
        "Diluted EPS": -0.05,
        "Total Revenue": 2,
        "Gross Profit": 1,
        "Operating Income": -1,
        "EBIT": 0,
        "Net Income": -1
    },
    "2015-12-31": {
        "Diluted EPS": -0.04,
        "Total Revenue": 1,
        "Gross Profit": 1,
        "Operating Income": 0,
        "EBIT": 0,
        "Net Income": -1
    },
    "2015-09-30": {
        "Diluted EPS": -0.04,
        "Total Revenue": 2,
        "Gross Profit": 1,
        "Operating Income": 0,
        "EBIT": 0,
        "Net Income": 0
    },
    "2015-06-30": {
        "Diluted EPS": 0.0,
        "Total Revenue": 2,
        "Gross Profit": 1,
        "Operating Income": 0,
        "EBIT": 0,
        "Net Income": 0
    },
    "2015-03-31": {
        "Diluted EPS": -0.03,
        "Total Revenue": 2,
        "Gross Profit": 1,
        "Operating Income": 0,
        "EBIT": 0,
        "Net Income": 0
    },
    "2014-12-31": {
        "Diluted EPS": -0.02,
        "Total Revenue": 2,
        "Gross Profit": 1,
        "Operating Income": 0,
        "EBIT": 0,
        "Net Income": 0
    },
    "2014-09-30": {
        "Diluted EPS": 0.01,
        "Total Revenue": 2,
        "Gross Profit": 1,
        "Operating Income": 0,
        "EBIT": 0,
        "Net Income": 0
    },
    "2014-06-30": {
        "Diluted EPS": 0.0,
        "Total Revenue": 2,
        "Gross Profit": 1,
        "Operating Income": 0,
        "EBIT": 0,
        "Net Income": 0
    },
    "2014-03-31": {
        "Diluted EPS": -0.02,
        "Total Revenue": 2,
        "Gross Profit": 1,
        "Operating Income": 0,
        "EBIT": 0,
        "Net Income": 0
    },
    "2013-12-31": {
        "Diluted EPS": 0.01,
        "Total Revenue": 2,
        "Gross Profit": 1,
        "Operating Income": 0,
        "EBIT": 0,
        "Net Income": 0
    },
    "2013-09-30": {
        "Diluted EPS": 0.01,
        "Total Revenue": 2,
        "Gross Profit": 1,
        "Operating Income": 0,
        "EBIT": 0,
        "Net Income": 0
    },
    "2013-06-30": {
        "Diluted EPS": 0.01,
        "Total Revenue": 2,
        "Gross Profit": 1,
        "Operating Income": 0,
        "EBIT": 0,
        "Net Income": 0
    },
    "2013-03-31": {
        "Diluted EPS": 0.0,
        "Total Revenue": 2,
        "Gross Profit": 1,
        "Operating Income": 0,
        "EBIT": 0,
        "Net Income": 0
    },
    "2012-12-31": {
        "Diluted EPS": -0.01,
        "Total Revenue": 1,
        "Gross Profit": 1,
        "Operating Income": 0,
        "EBIT": 0,
        "Net Income": 0
    },
    "2012-09-30": {
        "Diluted EPS": 0.0,
        "Total Revenue": 2,
        "Gross Profit": 1,
        "Operating Income": 0,
        "EBIT": 0,
        "Net Income": 0
    },
    "2012-06-30": {
        "Diluted EPS": 0.01,
        "Total Revenue": 2,
        "Gross Profit": 1,
        "Operating Income": 0,
        "EBIT": 0,
        "Net Income": 0
    },
    "2012-03-31": {
        "Diluted EPS": -0.03,
        "Total Revenue": 1,
        "Gross Profit": 1,
        "Operating Income": 0,
        "EBIT": 0,
        "Net Income": 0
    },
    "2011-12-31": {
        "Diluted EPS": -0.02,
        "Total Revenue": 1,
        "Gross Profit": 1,
        "Operating Income": 0,
        "EBIT": 0,
        "Net Income": 0
    },
    "2011-09-30": {
        "Diluted EPS": 0.01,
        "Total Revenue": 2,
        "Gross Profit": 1,
        "Operating Income": 0,
        "EBIT": 0,
        "Net Income": 0
    },
    "2011-06-30": {
        "Diluted EPS": -0.04,
        "Total Revenue": 1,
        "Gross Profit": 1,
        "Operating Income": 0,
        "EBIT": 0,
        "Net Income": -1
    },
    "2011-03-31": {
        "Diluted EPS": -0.04,
        "Total Revenue": 1,
        "Gross Profit": 1,
        "Operating Income": 0,
        "EBIT": 0,
        "Net Income": 0
    },
    "2010-12-31": {
        "Diluted EPS": -0.03,
        "Total Revenue": 1,
        "Gross Profit": 1,
        "Operating Income": 0,
        "EBIT": 0,
        "Net Income": 0
    },
    "2010-09-30": {
        "Diluted EPS": 0.01,
        "Total Revenue": 2,
        "Gross Profit": 1,
        "Operating Income": 0,
        "EBIT": 0,
        "Net Income": 0
    },
    "2010-06-30": {
        "Diluted EPS": 0.01,
        "Total Revenue": 2,
        "Gross Profit": 1,
        "Operating Income": 0,
        "EBIT": 0,
        "Net Income": 0
    },
    "2010-03-31": {
        "Diluted EPS": 0.01,
        "Total Revenue": 2,
        "Gross Profit": 1,
        "Operating Income": 0,
        "EBIT": 0,
        "Net Income": 0
    },
    "2009-12-31": {
        "Diluted EPS": 0.03,
        "Total Revenue": 2,
        "Gross Profit": 1,
        "Operating Income": 0,
        "EBIT": 0,
        "Net Income": 0
    },
    "2009-09-30": {
        "Diluted EPS": 0.0,
        "Total Revenue": 1,
        "Gross Profit": 1,
        "Operating Income": 0,
        "EBIT": 0,
        "Net Income": 0
    },
    "2009-06-30": {
        "Diluted EPS": 0.0,
        "Total Revenue": 1,
        "Gross Profit": 1,
        "Operating Income": 0,
        "EBIT": 0,
        "Net Income": 0
    },
    "2009-03-31": {
        "Diluted EPS": -0.03,
        "Total Revenue": 1,
        "Gross Profit": 1,
        "Operating Income": 0,
        "EBIT": 0,
        "Net Income": 0
    },
    "2023-06-30": {
        "Tax Effect Of Unusual Items": 0.0,
        "Tax Rate For Calcs": 0.0,
        "Normalized EBITDA": -2495000.0,
        "Total Unusual Items": 0.0,
        "Total Unusual Items Excluding Goodwill": 0.0,
        "Net Income From Continuing Operation Net Minority Interest": -3129000.0,
        "Reconciled Depreciation": 401000.0,
        "Reconciled Cost Of Revenue": 330000.0,
        "EBITDA": -2495000.0,
        "EBIT": -2896000.0,
        "Net Interest Income": -208000.0,
        "Interest Expense": 233000.0,
        "Interest Income": 25000.0,
        "Normalized Income": -3129000.0,
        "Net Income From Continuing And Discontinued Operation": -3129000.0,
        "Total Expenses": 4389000.0,
        "Total Operating Income As Reported": -2921000.0,
        "Diluted Average Shares": 1070000.0,
        "Basic Average Shares": 1070000.0,
        "Diluted EPS": -2.92,
        "Basic EPS": -2.92,
        "Diluted NI Availto Com Stockholders": -3129000.0,
        "Net Income Common Stockholders": -3129000.0,
        "Net Income": -3129000.0,
        "Net Income Including Noncontrolling Interests": -3129000.0,
        "Net Income Continuous Operations": -3129000.0,
        "Pretax Income": -3129000.0,
        "Special Income Charges": 0.0,
        "Net Non Operating Interest Income Expense": -208000.0,
        "Interest Expense Non Operating": 233000.0,
        "Interest Income Non Operating": 25000.0,
        "Operating Income": -2921000.0,
        "Operating Expense": 4059000.0,
        "Research And Development": 1451000.0,
        "Selling General And Administration": 2608000.0,
        "Selling And Marketing Expense": 1423000.0,
        "General And Administrative Expense": 1185000.0,
        "Other Gand A": 1185000.0,
        "Gross Profit": 1138000.0,
        "Cost Of Revenue": 330000.0,
        "Total Revenue": 1468000.0,
        "Operating Revenue": 1468000.0
    },
    "2023-09-30": {
        "Tax Effect Of Unusual Items": 0.0,
        "Tax Rate For Calcs": 0.0,
        "Normalized EBITDA": -2275000.0,
        "Total Unusual Items": 0.0,
        "Total Unusual Items Excluding Goodwill": 0.0,
        "Net Income From Continuing Operation Net Minority Interest": -3211000.0,
        "Reconciled Depreciation": 416000.0,
        "Reconciled Cost Of Revenue": 324000.0,
        "EBITDA": -2275000.0,
        "EBIT": -2691000.0,
        "Net Interest Income": -518000.0,
        "Interest Expense": 520000.0,
        "Interest Income": 2000.0,
        "Normalized Income": -3211000.0,
        "Net Income From Continuing And Discontinued Operation": -3211000.0,
        "Total Expenses": 4161000.0,
        "Total Operating Income As Reported": -2693000.0,
        "Diluted Average Shares": 1153050.0,
        "Basic Average Shares": 1153050.0,
        "Diluted EPS": -2.8,
        "Basic EPS": -2.8,
        "Diluted NI Availto Com Stockholders": -3211000.0,
        "Net Income Common Stockholders": -3211000.0,
        "Net Income": -3211000.0,
        "Net Income Including Noncontrolling Interests": -3211000.0,
        "Net Income Continuous Operations": -3211000.0,
        "Pretax Income": -3211000.0,
        "Special Income Charges": 0.0,
        "Net Non Operating Interest Income Expense": -518000.0,
        "Interest Expense Non Operating": 520000.0,
        "Interest Income Non Operating": 2000.0,
        "Operating Income": -2693000.0,
        "Operating Expense": 3837000.0,
        "Research And Development": 1171000.0,
        "Selling General And Administration": 2666000.0,
        "Selling And Marketing Expense": 1357000.0,
        "General And Administrative Expense": 1309000.0,
        "Other Gand A": 1309000.0,
        "Gross Profit": 1144000.0,
        "Cost Of Revenue": 324000.0,
        "Total Revenue": 1468000.0,
        "Operating Revenue": 1468000.0
    },
    "2023-12-31": {
        "Tax Effect Of Unusual Items": 0.0,
        "Tax Rate For Calcs": 0.0,
        "Normalized EBITDA": -1943000.0,
        "Total Unusual Items": 0.0,
        "Total Unusual Items Excluding Goodwill": 0.0,
        "Net Income From Continuing Operation Net Minority Interest": -2817000.0,
        "Reconciled Depreciation": 445000.0,
        "Reconciled Cost Of Revenue": 290000.0,
        "EBITDA": -1943000.0,
        "EBIT": -2388000.0,
        "Net Interest Income": -429000.0,
        "Interest Expense": 429000.0,
        "Interest Income": 0.0,
        "Normalized Income": -2817000.0,
        "Net Income From Continuing And Discontinued Operation": -2817000.0,
        "Total Expenses": 3754000.0,
        "Total Operating Income As Reported": -2388000.0,
        "Diluted Average Shares": 31223000.0,
        "Basic Average Shares": 31223000.0,
        "Diluted EPS": -0.09,
        "Basic EPS": -0.09,
        "Diluted NI Availto Com Stockholders": -2817000.0,
        "Net Income Common Stockholders": -2817000.0,
        "Net Income": -2817000.0,
        "Net Income Including Noncontrolling Interests": -2817000.0,
        "Net Income Continuous Operations": -2817000.0,
        "Pretax Income": -2817000.0,
        "Special Income Charges": 0.0,
        "Net Non Operating Interest Income Expense": -429000.0,
        "Interest Expense Non Operating": 429000.0,
        "Interest Income Non Operating": 0.0,
        "Operating Income": -2388000.0,
        "Operating Expense": 3464000.0,
        "Research And Development": 1138000.0,
        "Selling General And Administration": 2326000.0,
        "Selling And Marketing Expense": 1152000.0,
        "General And Administrative Expense": 1174000.0,
        "Other Gand A": 1174000.0,
        "Gross Profit": 1076000.0,
        "Cost Of Revenue": 290000.0,
        "Total Revenue": 1366000.0,
        "Operating Revenue": 1366000.0
    },
    "2024-03-31": {
        "Tax Effect Of Unusual Items": 0.0,
        "Tax Rate For Calcs": 0.0,
        "Normalized EBITDA": -1044000.0,
        "Total Unusual Items": NaN,
        "Total Unusual Items Excluding Goodwill": NaN,
        "Net Income From Continuing Operation Net Minority Interest": -1716000.0,
        "Reconciled Depreciation": 438000.0,
        "Reconciled Cost Of Revenue": 226000.0,
        "EBITDA": -1044000.0,
        "EBIT": -1482000.0,
        "Net Interest Income": 756000.0,
        "Interest Expense": 234000.0,
        "Interest Income": 990000.0,
        "Normalized Income": -1716000.0,
        "Net Income From Continuing And Discontinued Operation": -1716000.0,
        "Total Expenses": 3603000.0,
        "Total Operating Income As Reported": -2472000.0,
        "Diluted Average Shares": 1865000.0,
        "Basic Average Shares": 1865000.0,
        "Diluted EPS": -0.94,
        "Basic EPS": -0.94,
        "Diluted NI Availto Com Stockholders": -1716000.0,
        "Net Income Common Stockholders": -1716000.0,
        "Net Income": -1716000.0,
        "Net Income Including Noncontrolling Interests": -1716000.0,
        "Net Income Continuous Operations": -1716000.0,
        "Pretax Income": -1716000.0,
        "Special Income Charges": NaN,
        "Net Non Operating Interest Income Expense": 756000.0,
        "Interest Expense Non Operating": 234000.0,
        "Interest Income Non Operating": 990000.0,
        "Operating Income": -2472000.0,
        "Operating Expense": 3377000.0,
        "Research And Development": 1019000.0,
        "Selling General And Administration": 2358000.0,
        "Selling And Marketing Expense": 1177000.0,
        "General And Administrative Expense": 1181000.0,
        "Other Gand A": 1181000.0,
        "Gross Profit": 905000.0,
        "Cost Of Revenue": 226000.0,
        "Total Revenue": 1131000.0,
        "Operating Revenue": 1131000.0
    },
    "2024-06-30": {
        "Tax Effect Of Unusual Items": 0.0,
        "Tax Rate For Calcs": 0.0,
        "Normalized EBITDA": -1645000.0,
        "Total Unusual Items": NaN,
        "Total Unusual Items Excluding Goodwill": NaN,
        "Net Income From Continuing Operation Net Minority Interest": -2067000.0,
        "Reconciled Depreciation": 388000.0,
        "Reconciled Cost Of Revenue": 350000.0,
        "EBITDA": -1645000.0,
        "EBIT": -2033000.0,
        "Net Interest Income": -34000.0,
        "Interest Expense": 34000.0,
        "Interest Income": 0.0,
        "Normalized Income": -2067000.0,
        "Net Income From Continuing And Discontinued Operation": -2067000.0,
        "Total Expenses": 3493000.0,
        "Total Operating Income As Reported": -2033000.0,
        "Diluted Average Shares": 4327000.0,
        "Basic Average Shares": 4327000.0,
        "Diluted EPS": -0.53,
        "Basic EPS": -0.53,
        "Diluted NI Availto Com Stockholders": -2067000.0,
        "Net Income Common Stockholders": -2067000.0,
        "Net Income": -2067000.0,
        "Net Income Including Noncontrolling Interests": -2067000.0,
        "Net Income Continuous Operations": -2067000.0,
        "Pretax Income": -2067000.0,
        "Special Income Charges": NaN,
        "Net Non Operating Interest Income Expense": -34000.0,
        "Interest Expense Non Operating": 34000.0,
        "Interest Income Non Operating": 0.0,
        "Operating Income": -2033000.0,
        "Operating Expense": 3143000.0,
        "Research And Development": 1035000.0,
        "Selling General And Administration": 2108000.0,
        "Selling And Marketing Expense": 1158000.0,
        "General And Administrative Expense": 950000.0,
        "Other Gand A": 950000.0,
        "Gross Profit": 1110000.0,
        "Cost Of Revenue": 350000.0,
        "Total Revenue": 1460000.0,
        "Operating Revenue": 1460000.0
    }
}