{
    "2023-03-31": {
        "Tax Effect Of Unusual Items": NaN,
        "Tax Rate For Calcs": NaN,
        "Normalized EBITDA": NaN,
        "Net Income From Continuing Operation Net Minority Interest": NaN,
        "Reconciled Depreciation": NaN,
        "Reconciled Cost Of Revenue": NaN,
        "EBITDA": NaN,
        "EBIT": NaN,
        "Net Interest Income": NaN,
        "Interest Income": NaN,
        "Normalized Income": NaN,
        "Net Income From Continuing And Discontinued Operation": NaN,
        "Total Expenses": NaN,
        "Total Operating Income As Reported": NaN,
        "Diluted Average Shares": NaN,
        "Basic Average Shares": NaN,
        "Diluted EPS": NaN,
        "Basic EPS": NaN,
        "Diluted NI Availto Com Stockholders": NaN,
        "Net Income Common Stockholders": NaN,
        "Net Income": NaN,
        "Net Income Including Noncontrolling Interests": NaN,
        "Net Income Continuous Operations": NaN,
        "Tax Provision": NaN,
        "Pretax Income": NaN,
        "Net Non Operating Interest Income Expense": NaN,
        "Total Other Finance Cost": -2776000.0,
        "Interest Income Non Operating": NaN,
        "Operating Income": NaN,
        "Operating Expense": NaN,
        "Research And Development": NaN,
        "Selling General And Administration": NaN,
        "Selling And Marketing Expense": NaN,
        "General And Administrative Expense": NaN,
        "Other Gand A": NaN,
        "Gross Profit": NaN,
        "Cost Of Revenue": NaN,
        "Total Revenue": NaN,
        "Operating Revenue": NaN
    },
    "2022-12-31": {
        "Tax Effect Of Unusual Items": NaN,
        "Tax Rate For Calcs": NaN,
        "Normalized EBITDA": NaN,
        "Net Income From Continuing Operation Net Minority Interest": NaN,
        "Reconciled Depreciation": NaN,
        "Reconciled Cost Of Revenue": NaN,
        "EBITDA": NaN,
        "EBIT": NaN,
        "Net Interest Income": NaN,
        "Interest Income": NaN,
        "Normalized Income": NaN,
        "Net Income From Continuing And Discontinued Operation": NaN,
        "Total Expenses": NaN,
        "Total Operating Income As Reported": NaN,
        "Diluted Average Shares": NaN,
        "Basic Average Shares": NaN,
        "Diluted EPS": NaN,
        "Basic EPS": NaN,
        "Diluted NI Availto Com Stockholders": NaN,
        "Net Income Common Stockholders": NaN,
        "Net Income": NaN,
        "Net Income Including Noncontrolling Interests": NaN,
        "Net Income Continuous Operations": NaN,
        "Tax Provision": NaN,
        "Pretax Income": NaN,
        "Net Non Operating Interest Income Expense": NaN,
        "Total Other Finance Cost": -1950000.0,
        "Interest Income Non Operating": NaN,
        "Operating Income": NaN,
        "Operating Expense": NaN,
        "Research And Development": NaN,
        "Selling General And Administration": NaN,
        "Selling And Marketing Expense": NaN,
        "General And Administrative Expense": NaN,
        "Other Gand A": NaN,
        "Gross Profit": NaN,
        "Cost Of Revenue": NaN,
        "Total Revenue": NaN,
        "Operating Revenue": NaN
    },
    "2022-09-30": {
        "Tax Effect Of Unusual Items": NaN,
        "Tax Rate For Calcs": NaN,
        "Normalized EBITDA": NaN,
        "Net Income From Continuing Operation Net Minority Interest": NaN,
        "Reconciled Depreciation": NaN,
        "Reconciled Cost Of Revenue": NaN,
        "EBITDA": NaN,
        "EBIT": NaN,
        "Net Interest Income": NaN,
        "Interest Income": 812000.0,
        "Normalized Income": NaN,
        "Net Income From Continuing And Discontinued Operation": NaN,
        "Total Expenses": NaN,
        "Total Operating Income As Reported": NaN,
        "Diluted Average Shares": NaN,
        "Basic Average Shares": NaN,
        "Diluted EPS": NaN,
        "Basic EPS": NaN,
        "Diluted NI Availto Com Stockholders": NaN,
        "Net Income Common Stockholders": NaN,
        "Net Income": NaN,
        "Net Income Including Noncontrolling Interests": NaN,
        "Net Income Continuous Operations": NaN,
        "Tax Provision": NaN,
        "Pretax Income": NaN,
        "Net Non Operating Interest Income Expense": NaN,
        "Total Other Finance Cost": -812000.0,
        "Interest Income Non Operating": 812000.0,
        "Operating Income": NaN,
        "Operating Expense": NaN,
        "Research And Development": NaN,
        "Selling General And Administration": NaN,
        "Selling And Marketing Expense": NaN,
        "General And Administrative Expense": NaN,
        "Other Gand A": NaN,
        "Gross Profit": NaN,
        "Cost Of Revenue": NaN,
        "Total Revenue": NaN,
        "Operating Revenue": NaN
    },
    "2022-06-30": {
        "Tax Effect Of Unusual Items": 0.0,
        "Tax Rate For Calcs": 0.4,
        "Normalized EBITDA": -28576000.0,
        "Net Income From Continuing Operation Net Minority Interest": -28118000.0,
        "Reconciled Depreciation": 2044000.0,
        "Reconciled Cost Of Revenue": 3653000.0,
        "EBITDA": -28576000.0,
        "EBIT": -30620000.0,
        "Net Interest Income": 2530000.0,
        "Interest Income": 2530000.0,
        "Normalized Income": -28118000.0,
        "Net Income From Continuing And Discontinued Operation": -28118000.0,
        "Total Expenses": 32417000.0,
        "Total Operating Income As Reported": -30620000.0,
        "Diluted Average Shares": 134994019.0,
        "Basic Average Shares": 134994019.0,
        "Diluted EPS": -0.21,
        "Basic EPS": -0.21,
        "Diluted NI Availto Com Stockholders": -28118000.0,
        "Net Income Common Stockholders": -28118000.0,
        "Net Income": -28118000.0,
        "Net Income Including Noncontrolling Interests": -28118000.0,
        "Net Income Continuous Operations": -28118000.0,
        "Tax Provision": 28000.0,
        "Pretax Income": -28090000.0,
        "Net Non Operating Interest Income Expense": 2530000.0,
        "Total Other Finance Cost": -2530000.0,
        "Interest Income Non Operating": 2530000.0,
        "Operating Income": -30620000.0,
        "Operating Expense": 28764000.0,
        "Research And Development": 21939000.0,
        "Selling General And Administration": 6825000.0,
        "Selling And Marketing Expense": 2410000.0,
        "General And Administrative Expense": 4415000.0,
        "Other Gand A": 4415000.0,
        "Gross Profit": -1856000.0,
        "Cost Of Revenue": 3653000.0,
        "Total Revenue": 1797000.0,
        "Operating Revenue": 1797000.0
    },
    "2023-06-30": {
        "Tax Effect Of Unusual Items": 0.0,
        "Tax Rate For Calcs": 0.23,
        "Normalized EBITDA": -32010000.0,
        "Net Income From Continuing Operation Net Minority Interest": -31174000.0,
        "Reconciled Depreciation": 1547000.0,
        "Reconciled Cost Of Revenue": 4631000.0,
        "EBITDA": -32010000.0,
        "EBIT": -33557000.0,
        "Net Interest Income": 2491000.0,
        "Interest Income": 2491000.0,
        "Normalized Income": -31174000.0,
        "Net Income From Continuing And Discontinued Operation": -31174000.0,
        "Total Expenses": 35023000.0,
        "Total Operating Income As Reported": -33557000.0,
        "Diluted Average Shares": 136928039.0,
        "Basic Average Shares": 136928039.0,
        "Diluted EPS": -0.23,
        "Basic EPS": -0.23,
        "Diluted NI Availto Com Stockholders": -31174000.0,
        "Net Income Common Stockholders": -31174000.0,
        "Net Income": -31174000.0,
        "Net Income Including Noncontrolling Interests": -31174000.0,
        "Net Income Continuous Operations": -31174000.0,
        "Tax Provision": 108000.0,
        "Pretax Income": -31066000.0,
        "Net Non Operating Interest Income Expense": 2491000.0,
        "Total Other Finance Cost": NaN,
        "Interest Income Non Operating": 2491000.0,
        "Operating Income": -33557000.0,
        "Operating Expense": 30392000.0,
        "Research And Development": 23786000.0,
        "Selling General And Administration": 6606000.0,
        "Selling And Marketing Expense": 2172000.0,
        "General And Administrative Expense": 4434000.0,
        "Other Gand A": 4434000.0,
        "Gross Profit": -3165000.0,
        "Cost Of Revenue": 4631000.0,
        "Total Revenue": 1466000.0,
        "Operating Revenue": 1466000.0
    },
    "2022-03-31": {
        "Diluted EPS": -0.23,
        "Total Revenue": 2,
        "Gross Profit": -1,
        "Operating Income": -32,
        "EBIT": -30,
        "Net Income": -30
    },
    "2021-12-31": {
        "Diluted EPS": 0.0,
        "Total Revenue": NaN,
        "Gross Profit": NaN,
        "Operating Income": NaN,
        "Net Income": NaN
    },
    "2021-09-30": {
        "Diluted EPS": -0.2,
        "Total Revenue": 2,
        "Gross Profit": 0,
        "Operating Income": -30,
        "EBIT": -29,
        "Net Income": -26
    },
    "2021-06-30": {
        "Diluted EPS": -0.58,
        "Total Revenue": 1,
        "Gross Profit": -1,
        "Operating Income": -72,
        "EBIT": -71,
        "Net Income": -73
    },
    "2021-03-31": {
        "Diluted EPS": -1.5,
        "Total Revenue": 1,
        "Gross Profit": -1,
        "Operating Income": -20,
        "EBIT": -20,
        "Net Income": -21
    },
    "2020-12-31": {
        "Diluted EPS": -2.73,
        "Total Revenue": -13,
        "Gross Profit": -14,
        "Operating Income": -74,
        "EBIT": -74,
        "Net Income": -32
    },
    "2020-09-30": {
        "Diluted EPS": -1.06,
        "Total Revenue": 2,
        "Gross Profit": 1,
        "Operating Income": -16,
        "EBIT": -16,
        "Net Income": -16
    },
    "2020-06-30": {
        "Diluted EPS": -0.73,
        "Total Revenue": 1,
        "Gross Profit": -1,
        "Operating Income": -14,
        "EBIT": -13,
        "Net Income": -14
    },
    "2020-03-31": {
        "Diluted EPS": -1.47,
        "Total Revenue": 1,
        "Gross Profit": -1,
        "Operating Income": -19,
        "EBIT": -19,
        "Net Income": -20
    },
    "2019-12-31": {
        "Diluted EPS": 0.0,
        "Total Revenue": NaN,
        "Gross Profit": NaN,
        "Operating Income": NaN,
        "EBIT": NaN,
        "Net Income": NaN
    },
    "2018-12-31": {
        "Diluted EPS": 0.0,
        "Total Revenue": NaN,
        "Gross Profit": NaN,
        "Operating Income": NaN,
        "EBIT": NaN,
        "Net Income": NaN
    },
    "2023-09-30": {
        "Tax Effect Of Unusual Items": 0.0,
        "Tax Rate For Calcs": 0.23,
        "Normalized EBITDA": -27740000.0,
        "Net Income From Continuing Operation Net Minority Interest": -27029000.0,
        "Reconciled Depreciation": 2291000.0,
        "Reconciled Cost Of Revenue": 5721000.0,
        "EBITDA": -27740000.0,
        "EBIT": -30031000.0,
        "Net Interest Income": 3054000.0,
        "Interest Income": 3054000.0,
        "Normalized Income": -27029000.0,
        "Net Income From Continuing And Discontinued Operation": -27029000.0,
        "Total Expenses": 33514000.0,
        "Total Operating Income As Reported": -30031000.0,
        "Diluted Average Shares": 151201336.0,
        "Basic Average Shares": 151201336.0,
        "Diluted EPS": -0.18,
        "Basic EPS": -0.18,
        "Diluted NI Availto Com Stockholders": -27029000.0,
        "Net Income Common Stockholders": -27029000.0,
        "Net Income": -27029000.0,
        "Net Income Including Noncontrolling Interests": -27029000.0,
        "Net Income Continuous Operations": -27029000.0,
        "Tax Provision": 52000.0,
        "Pretax Income": -26977000.0,
        "Net Non Operating Interest Income Expense": 3054000.0,
        "Total Other Finance Cost": NaN,
        "Interest Income Non Operating": 3054000.0,
        "Operating Income": -30031000.0,
        "Operating Expense": 27793000.0,
        "Research And Development": 20681000.0,
        "Selling General And Administration": 7112000.0,
        "Selling And Marketing Expense": 2158000.0,
        "General And Administrative Expense": 4954000.0,
        "Other Gand A": 4954000.0,
        "Gross Profit": -2238000.0,
        "Cost Of Revenue": 5721000.0,
        "Total Revenue": 3483000.0,
        "Operating Revenue": 3483000.0
    },
    "2023-12-31": {
        "Tax Effect Of Unusual Items": 0.0,
        "Tax Rate For Calcs": 0.23,
        "Normalized EBITDA": -27851000.0,
        "Net Income From Continuing Operation Net Minority Interest": -30451000.0,
        "Reconciled Depreciation": 3947000.0,
        "Reconciled Cost Of Revenue": 17197000.0,
        "EBITDA": -27851000.0,
        "EBIT": -31798000.0,
        "Net Interest Income": 1469000.0,
        "Interest Income": 1469000.0,
        "Normalized Income": -30451000.0,
        "Net Income From Continuing And Discontinued Operation": -30451000.0,
        "Total Expenses": 46715000.0,
        "Total Operating Income As Reported": -31798000.0,
        "Diluted Average Shares": 165121766.0,
        "Basic Average Shares": 165121766.0,
        "Diluted EPS": -0.18,
        "Basic EPS": -0.18,
        "Diluted NI Availto Com Stockholders": -30451000.0,
        "Net Income Common Stockholders": -30451000.0,
        "Net Income": -30451000.0,
        "Net Income Including Noncontrolling Interests": -30451000.0,
        "Net Income Continuous Operations": -30451000.0,
        "Tax Provision": 122000.0,
        "Pretax Income": -30329000.0,
        "Net Non Operating Interest Income Expense": 1469000.0,
        "Total Other Finance Cost": NaN,
        "Interest Income Non Operating": 1469000.0,
        "Operating Income": -31798000.0,
        "Operating Expense": 29518000.0,
        "Research And Development": 22107000.0,
        "Selling General And Administration": 7411000.0,
        "Selling And Marketing Expense": 1999000.0,
        "General And Administrative Expense": 5412000.0,
        "Other Gand A": 5412000.0,
        "Gross Profit": -2280000.0,
        "Cost Of Revenue": 17197000.0,
        "Total Revenue": 14917000.0,
        "Operating Revenue": 14917000.0
    },
    "2024-03-31": {
        "Tax Effect Of Unusual Items": 0.0,
        "Tax Rate For Calcs": 0.23,
        "Normalized EBITDA": -30491000.0,
        "Net Income From Continuing Operation Net Minority Interest": -30138000.0,
        "Reconciled Depreciation": 2495000.0,
        "Reconciled Cost Of Revenue": 8354000.0,
        "EBITDA": -30491000.0,
        "EBIT": -32986000.0,
        "Net Interest Income": 2901000.0,
        "Interest Income": NaN,
        "Normalized Income": -30138000.0,
        "Net Income From Continuing And Discontinued Operation": -30138000.0,
        "Total Expenses": 40043000.0,
        "Total Operating Income As Reported": -32986000.0,
        "Diluted Average Shares": 165666183.0,
        "Basic Average Shares": 165666183.0,
        "Diluted EPS": -0.18,
        "Basic EPS": -0.18,
        "Diluted NI Availto Com Stockholders": -30138000.0,
        "Net Income Common Stockholders": -30138000.0,
        "Net Income": -30138000.0,
        "Net Income Including Noncontrolling Interests": -30138000.0,
        "Net Income Continuous Operations": -30138000.0,
        "Tax Provision": 53000.0,
        "Pretax Income": -30085000.0,
        "Net Non Operating Interest Income Expense": 2901000.0,
        "Total Other Finance Cost": -2901000.0,
        "Interest Income Non Operating": NaN,
        "Operating Income": -32986000.0,
        "Operating Expense": 31689000.0,
        "Research And Development": 23845000.0,
        "Selling General And Administration": 7844000.0,
        "Selling And Marketing Expense": 2400000.0,
        "General And Administrative Expense": 5444000.0,
        "Other Gand A": 5444000.0,
        "Gross Profit": -1297000.0,
        "Cost Of Revenue": 8354000.0,
        "Total Revenue": 7057000.0,
        "Operating Revenue": 7057000.0
    },
    "2024-06-30": {
        "Tax Effect Of Unusual Items": 0.0,
        "Tax Rate For Calcs": 0.23,
        "Normalized EBITDA": -21962000.0,
        "Net Income From Continuing Operation Net Minority Interest": -21167000.0,
        "Reconciled Depreciation": 1541000.0,
        "Reconciled Cost Of Revenue": 6901000.0,
        "EBITDA": -21962000.0,
        "EBIT": -23503000.0,
        "Net Interest Income": 2360000.0,
        "Interest Income": 2360000.0,
        "Normalized Income": -21167000.0,
        "Net Income From Continuing And Discontinued Operation": -21167000.0,
        "Total Expenses": 30167000.0,
        "Total Operating Income As Reported": -23503000.0,
        "Diluted Average Shares": 166530895.0,
        "Basic Average Shares": 166530895.0,
        "Diluted EPS": -0.13,
        "Basic EPS": -0.13,
        "Diluted NI Availto Com Stockholders": -21167000.0,
        "Net Income Common Stockholders": -21167000.0,
        "Net Income": -21167000.0,
        "Net Income Including Noncontrolling Interests": -21167000.0,
        "Net Income Continuous Operations": -21167000.0,
        "Tax Provision": 24000.0,
        "Pretax Income": -21143000.0,
        "Net Non Operating Interest Income Expense": 2360000.0,
        "Total Other Finance Cost": NaN,
        "Interest Income Non Operating": 2360000.0,
        "Operating Income": -23503000.0,
        "Operating Expense": 23266000.0,
        "Research And Development": 16761000.0,
        "Selling General And Administration": 6505000.0,
        "Selling And Marketing Expense": 1716000.0,
        "General And Administrative Expense": 4789000.0,
        "Other Gand A": 4789000.0,
        "Gross Profit": -237000.0,
        "Cost Of Revenue": 6901000.0,
        "Total Revenue": 6664000.0,
        "Operating Revenue": 6664000.0
    }
}