{
    "2023-03-31": {
        "Tax Effect Of Unusual Items": NaN,
        "Tax Rate For Calcs": NaN,
        "Normalized EBITDA": NaN,
        "Total Unusual Items": NaN,
        "Total Unusual Items Excluding Goodwill": NaN,
        "Net Income From Continuing Operation Net Minority Interest": NaN,
        "Reconciled Depreciation": NaN,
        "EBITDA": NaN,
        "EBIT": NaN,
        "Net Interest Income": NaN,
        "Interest Expense": 0.0,
        "Interest Income": NaN,
        "Normalized Income": NaN,
        "Net Income From Continuing And Discontinued Operation": NaN,
        "Total Expenses": NaN,
        "Total Operating Income As Reported": NaN,
        "Diluted Average Shares": NaN,
        "Basic Average Shares": NaN,
        "Diluted EPS": NaN,
        "Basic EPS": NaN,
        "Diluted NI Availto Com Stockholders": NaN,
        "Net Income Common Stockholders": NaN,
        "Net Income": NaN,
        "Net Income Including Noncontrolling Interests": NaN,
        "Net Income Continuous Operations": NaN,
        "Tax Provision": NaN,
        "Pretax Income": NaN,
        "Other Income Expense": NaN,
        "Gain On Sale Of Security": NaN,
        "Net Non Operating Interest Income Expense": NaN,
        "Interest Expense Non Operating": 0.0,
        "Interest Income Non Operating": NaN,
        "Operating Income": NaN,
        "Operating Expense": NaN,
        "Research And Development": NaN,
        "Selling General And Administration": NaN,
        "General And Administrative Expense": NaN,
        "Other Gand A": NaN,
        "Salaries And Wages": NaN,
        "Total Revenue": NaN,
        "Operating Revenue": NaN
    },
    "2022-12-31": {
        "Tax Effect Of Unusual Items": NaN,
        "Tax Rate For Calcs": NaN,
        "Normalized EBITDA": NaN,
        "Total Unusual Items": NaN,
        "Total Unusual Items Excluding Goodwill": NaN,
        "Net Income From Continuing Operation Net Minority Interest": NaN,
        "Reconciled Depreciation": NaN,
        "EBITDA": NaN,
        "EBIT": NaN,
        "Net Interest Income": NaN,
        "Interest Expense": -3000.0,
        "Interest Income": NaN,
        "Normalized Income": NaN,
        "Net Income From Continuing And Discontinued Operation": NaN,
        "Total Expenses": NaN,
        "Total Operating Income As Reported": NaN,
        "Diluted Average Shares": NaN,
        "Basic Average Shares": NaN,
        "Diluted EPS": NaN,
        "Basic EPS": NaN,
        "Diluted NI Availto Com Stockholders": NaN,
        "Net Income Common Stockholders": NaN,
        "Net Income": NaN,
        "Net Income Including Noncontrolling Interests": NaN,
        "Net Income Continuous Operations": NaN,
        "Tax Provision": NaN,
        "Pretax Income": NaN,
        "Other Income Expense": NaN,
        "Gain On Sale Of Security": NaN,
        "Net Non Operating Interest Income Expense": NaN,
        "Interest Expense Non Operating": -3000.0,
        "Interest Income Non Operating": NaN,
        "Operating Income": NaN,
        "Operating Expense": NaN,
        "Research And Development": NaN,
        "Selling General And Administration": NaN,
        "General And Administrative Expense": NaN,
        "Other Gand A": NaN,
        "Salaries And Wages": NaN,
        "Total Revenue": NaN,
        "Operating Revenue": NaN
    },
    "2022-09-30": {
        "Tax Effect Of Unusual Items": -34800.0,
        "Tax Rate For Calcs": 0.4,
        "Normalized EBITDA": -15289000.0,
        "Total Unusual Items": -87000.0,
        "Total Unusual Items Excluding Goodwill": -87000.0,
        "Net Income From Continuing Operation Net Minority Interest": -15688000.0,
        "Reconciled Depreciation": 119000.0,
        "EBITDA": -15376000.0,
        "EBIT": -15495000.0,
        "Net Interest Income": 379000.0,
        "Interest Expense": 78000.0,
        "Interest Income": 457000.0,
        "Normalized Income": -15635800.0,
        "Net Income From Continuing And Discontinued Operation": -15688000.0,
        "Total Expenses": 15865000.0,
        "Total Operating Income As Reported": -15865000.0,
        "Diluted Average Shares": 28815267.0,
        "Basic Average Shares": 28815267.0,
        "Diluted EPS": -0.54,
        "Basic EPS": -0.54,
        "Diluted NI Availto Com Stockholders": -15688000.0,
        "Net Income Common Stockholders": -15688000.0,
        "Net Income": -15688000.0,
        "Net Income Including Noncontrolling Interests": -15688000.0,
        "Net Income Continuous Operations": -15688000.0,
        "Tax Provision": 115000.0,
        "Pretax Income": -15573000.0,
        "Other Income Expense": -87000.0,
        "Gain On Sale Of Security": -87000.0,
        "Net Non Operating Interest Income Expense": 379000.0,
        "Interest Expense Non Operating": 78000.0,
        "Interest Income Non Operating": 457000.0,
        "Operating Income": -15865000.0,
        "Operating Expense": 15865000.0,
        "Research And Development": 10022000.0,
        "Selling General And Administration": 5843000.0,
        "General And Administrative Expense": 5843000.0,
        "Other Gand A": 3911000.0,
        "Salaries And Wages": 1932000.0,
        "Total Revenue": 0.0,
        "Operating Revenue": 0.0
    },
    "2022-06-30": {
        "Tax Effect Of Unusual Items": -114400.0,
        "Tax Rate For Calcs": 0.4,
        "Normalized EBITDA": -17992000.0,
        "Total Unusual Items": -286000.0,
        "Total Unusual Items Excluding Goodwill": -286000.0,
        "Net Income From Continuing Operation Net Minority Interest": -18495000.0,
        "Reconciled Depreciation": 11000.0,
        "EBITDA": -18278000.0,
        "EBIT": -18289000.0,
        "Net Interest Income": 56000.0,
        "Interest Expense": 102000.0,
        "Interest Income": 158000.0,
        "Normalized Income": -18323400.0,
        "Net Income From Continuing And Discontinued Operation": -18495000.0,
        "Total Expenses": 18161000.0,
        "Total Operating Income As Reported": -18161000.0,
        "Diluted Average Shares": 28815267.0,
        "Basic Average Shares": 28815267.0,
        "Diluted EPS": -0.64,
        "Basic EPS": -0.64,
        "Diluted NI Availto Com Stockholders": -18495000.0,
        "Net Income Common Stockholders": -18495000.0,
        "Net Income": -18495000.0,
        "Net Income Including Noncontrolling Interests": -18495000.0,
        "Net Income Continuous Operations": -18495000.0,
        "Tax Provision": 104000.0,
        "Pretax Income": -18391000.0,
        "Other Income Expense": -286000.0,
        "Gain On Sale Of Security": -286000.0,
        "Net Non Operating Interest Income Expense": 56000.0,
        "Interest Expense Non Operating": 102000.0,
        "Interest Income Non Operating": 158000.0,
        "Operating Income": -18161000.0,
        "Operating Expense": 18161000.0,
        "Research And Development": 12226000.0,
        "Selling General And Administration": 5935000.0,
        "General And Administrative Expense": 5935000.0,
        "Other Gand A": 4179000.0,
        "Salaries And Wages": 1756000.0,
        "Total Revenue": 0.0,
        "Operating Revenue": 0.0
    },
    "2022-03-31": {
        "Diluted EPS": -0.6,
        "Total Revenue": NaN,
        "Gross Profit": NaN,
        "Operating Income": -17,
        "EBIT": -17,
        "Net Income": -17
    },
    "2021-12-31": {
        "Diluted EPS": 279.4,
        "Total Revenue": NaN,
        "Gross Profit": NaN,
        "Operating Income": -21,
        "EBIT": -21,
        "Net Income": -22
    },
    "2021-09-30": {
        "Diluted EPS": -36.88,
        "Total Revenue": NaN,
        "Gross Profit": NaN,
        "Operating Income": -7,
        "EBIT": -7,
        "Net Income": -7
    },
    "2021-06-30": {
        "Diluted EPS": -228.29,
        "Total Revenue": NaN,
        "Gross Profit": NaN,
        "Operating Income": -9,
        "EBIT": -9,
        "Net Income": -40
    },
    "2021-03-31": {
        "Diluted EPS": -31.53,
        "Total Revenue": NaN,
        "Gross Profit": NaN,
        "Operating Income": -4,
        "EBIT": -4,
        "Net Income": -6
    },
    "2020-12-31": {
        "Diluted EPS": 0.0,
        "Total Revenue": NaN,
        "Gross Profit": NaN,
        "Operating Income": NaN,
        "EBIT": NaN,
        "Net Income": NaN
    },
    "2020-09-30": {
        "Diluted EPS": -23.41,
        "Total Revenue": NaN,
        "Gross Profit": NaN,
        "Operating Income": -3,
        "EBIT": -3,
        "Net Income": -4
    },
    "2023-06-30": {
        "Tax Effect Of Unusual Items": NaN,
        "Tax Rate For Calcs": NaN,
        "Normalized EBITDA": NaN,
        "Total Unusual Items": NaN,
        "Total Unusual Items Excluding Goodwill": NaN,
        "Net Income From Continuing Operation Net Minority Interest": NaN,
        "Reconciled Depreciation": NaN,
        "EBITDA": NaN,
        "EBIT": NaN,
        "Net Interest Income": NaN,
        "Interest Expense": 0.0,
        "Interest Income": NaN,
        "Normalized Income": NaN,
        "Net Income From Continuing And Discontinued Operation": NaN,
        "Total Expenses": NaN,
        "Total Operating Income As Reported": NaN,
        "Diluted Average Shares": 28815267.0,
        "Basic Average Shares": 28815267.0,
        "Diluted EPS": -0.74,
        "Basic EPS": -0.74,
        "Diluted NI Availto Com Stockholders": NaN,
        "Net Income Common Stockholders": NaN,
        "Net Income": NaN,
        "Net Income Including Noncontrolling Interests": NaN,
        "Net Income Continuous Operations": NaN,
        "Tax Provision": NaN,
        "Pretax Income": NaN,
        "Other Income Expense": NaN,
        "Gain On Sale Of Security": NaN,
        "Net Non Operating Interest Income Expense": NaN,
        "Interest Expense Non Operating": 0.0,
        "Interest Income Non Operating": NaN,
        "Operating Income": NaN,
        "Operating Expense": NaN,
        "Research And Development": NaN,
        "Selling General And Administration": NaN,
        "General And Administrative Expense": NaN,
        "Other Gand A": NaN,
        "Salaries And Wages": NaN,
        "Total Revenue": NaN,
        "Operating Revenue": NaN
    },
    "2023-09-30": {
        "Tax Effect Of Unusual Items": -6788.045935,
        "Tax Rate For Calcs": 0.019848,
        "Normalized EBITDA": -22948000.0,
        "Total Unusual Items": -342000.0,
        "Total Unusual Items Excluding Goodwill": -342000.0,
        "Net Income From Continuing Operation Net Minority Interest": -21679000.0,
        "Reconciled Depreciation": 194000.0,
        "EBITDA": -23290000.0,
        "EBIT": -23484000.0,
        "Net Interest Income": 1708000.0,
        "Interest Expense": 0.0,
        "Interest Income": 1708000.0,
        "Normalized Income": -21343788.045935,
        "Net Income From Continuing And Discontinued Operation": -21679000.0,
        "Total Expenses": 23484000.0,
        "Total Operating Income As Reported": -23484000.0,
        "Diluted Average Shares": 50168303.0,
        "Basic Average Shares": 50168303.0,
        "Diluted EPS": -0.43,
        "Basic EPS": -0.43,
        "Diluted NI Availto Com Stockholders": -21679000.0,
        "Net Income Common Stockholders": -21679000.0,
        "Net Income": -21679000.0,
        "Net Income Including Noncontrolling Interests": -21679000.0,
        "Net Income Continuous Operations": -21679000.0,
        "Tax Provision": -439000.0,
        "Pretax Income": -22118000.0,
        "Other Income Expense": -342000.0,
        "Gain On Sale Of Security": -342000.0,
        "Net Non Operating Interest Income Expense": 1708000.0,
        "Interest Expense Non Operating": 0.0,
        "Interest Income Non Operating": 1708000.0,
        "Operating Income": -23484000.0,
        "Operating Expense": 23484000.0,
        "Research And Development": 17655000.0,
        "Selling General And Administration": 5829000.0,
        "General And Administrative Expense": 5829000.0,
        "Other Gand A": 3282000.0,
        "Salaries And Wages": 2547000.0,
        "Total Revenue": 0.0,
        "Operating Revenue": 0.0
    },
    "2023-12-31": {
        "Tax Effect Of Unusual Items": 89100.0,
        "Tax Rate For Calcs": 0.22,
        "Normalized EBITDA": -26033000.0,
        "Total Unusual Items": 405000.0,
        "Total Unusual Items Excluding Goodwill": 405000.0,
        "Net Income From Continuing Operation Net Minority Interest": -26182000.0,
        "Reconciled Depreciation": 201000.0,
        "EBITDA": -25628000.0,
        "EBIT": -25829000.0,
        "Net Interest Income": 1949000.0,
        "Interest Expense": 0.0,
        "Interest Income": 1949000.0,
        "Normalized Income": -26497900.0,
        "Net Income From Continuing And Discontinued Operation": -26182000.0,
        "Total Expenses": 28183000.0,
        "Total Operating Income As Reported": -28183000.0,
        "Diluted Average Shares": NaN,
        "Basic Average Shares": NaN,
        "Diluted EPS": NaN,
        "Basic EPS": NaN,
        "Diluted NI Availto Com Stockholders": -26182000.0,
        "Net Income Common Stockholders": -26182000.0,
        "Net Income": -26182000.0,
        "Net Income Including Noncontrolling Interests": -26182000.0,
        "Net Income Continuous Operations": -26182000.0,
        "Tax Provision": 353000.0,
        "Pretax Income": -25829000.0,
        "Other Income Expense": 405000.0,
        "Gain On Sale Of Security": 405000.0,
        "Net Non Operating Interest Income Expense": 1949000.0,
        "Interest Expense Non Operating": 0.0,
        "Interest Income Non Operating": 1949000.0,
        "Operating Income": -28183000.0,
        "Operating Expense": 28183000.0,
        "Research And Development": 21770000.0,
        "Selling General And Administration": 6413000.0,
        "General And Administrative Expense": 6413000.0,
        "Other Gand A": 3517000.0,
        "Salaries And Wages": 2896000.0,
        "Total Revenue": 0.0,
        "Operating Revenue": 0.0
    },
    "2024-03-31": {
        "Tax Effect Of Unusual Items": -101640.0,
        "Tax Rate For Calcs": 0.22,
        "Normalized EBITDA": -19524000.0,
        "Total Unusual Items": -462000.0,
        "Total Unusual Items Excluding Goodwill": -462000.0,
        "Net Income From Continuing Operation Net Minority Interest": -19457000.0,
        "Reconciled Depreciation": 211000.0,
        "EBITDA": -19986000.0,
        "EBIT": -20197000.0,
        "Net Interest Income": 1617000.0,
        "Interest Expense": NaN,
        "Interest Income": 1617000.0,
        "Normalized Income": -19096640.0,
        "Net Income From Continuing And Discontinued Operation": -19457000.0,
        "Total Expenses": 20197000.0,
        "Total Operating Income As Reported": -20197000.0,
        "Diluted Average Shares": 65880914.0,
        "Basic Average Shares": 65880914.0,
        "Diluted EPS": -0.3,
        "Basic EPS": -0.3,
        "Diluted NI Availto Com Stockholders": -19457000.0,
        "Net Income Common Stockholders": -19457000.0,
        "Net Income": -19457000.0,
        "Net Income Including Noncontrolling Interests": -19457000.0,
        "Net Income Continuous Operations": -19457000.0,
        "Tax Provision": 415000.0,
        "Pretax Income": -19042000.0,
        "Other Income Expense": -462000.0,
        "Gain On Sale Of Security": -462000.0,
        "Net Non Operating Interest Income Expense": 1617000.0,
        "Interest Expense Non Operating": NaN,
        "Interest Income Non Operating": 1617000.0,
        "Operating Income": -20197000.0,
        "Operating Expense": 20197000.0,
        "Research And Development": 14311000.0,
        "Selling General And Administration": 5886000.0,
        "General And Administrative Expense": 5886000.0,
        "Other Gand A": 3092000.0,
        "Salaries And Wages": 2794000.0,
        "Total Revenue": 0.0,
        "Operating Revenue": 0.0
    },
    "2024-06-30": {
        "Tax Effect Of Unusual Items": -19800.0,
        "Tax Rate For Calcs": 0.22,
        "Normalized EBITDA": -21229000.0,
        "Total Unusual Items": -90000.0,
        "Total Unusual Items Excluding Goodwill": -90000.0,
        "Net Income From Continuing Operation Net Minority Interest": -20686000.0,
        "Reconciled Depreciation": 214000.0,
        "EBITDA": -21319000.0,
        "EBIT": -21533000.0,
        "Net Interest Income": 1311000.0,
        "Interest Expense": NaN,
        "Interest Income": 1311000.0,
        "Normalized Income": -20615800.0,
        "Net Income From Continuing And Discontinued Operation": -20686000.0,
        "Total Expenses": 21533000.0,
        "Total Operating Income As Reported": -21533000.0,
        "Diluted Average Shares": 65880914.0,
        "Basic Average Shares": 65880914.0,
        "Diluted EPS": -0.31,
        "Basic EPS": -0.31,
        "Diluted NI Availto Com Stockholders": -20686000.0,
        "Net Income Common Stockholders": -20686000.0,
        "Net Income": -20686000.0,
        "Net Income Including Noncontrolling Interests": -20686000.0,
        "Net Income Continuous Operations": -20686000.0,
        "Tax Provision": 374000.0,
        "Pretax Income": -20312000.0,
        "Other Income Expense": -90000.0,
        "Gain On Sale Of Security": -90000.0,
        "Net Non Operating Interest Income Expense": 1311000.0,
        "Interest Expense Non Operating": NaN,
        "Interest Income Non Operating": 1311000.0,
        "Operating Income": -21533000.0,
        "Operating Expense": 21533000.0,
        "Research And Development": 15848000.0,
        "Selling General And Administration": 5685000.0,
        "General And Administrative Expense": 5685000.0,
        "Other Gand A": 2786000.0,
        "Salaries And Wages": 2899000.0,
        "Total Revenue": 0.0,
        "Operating Revenue": 0.0
    },
    "2024-09-30": {
        "Tax Effect Of Unusual Items": 358600.0,
        "Tax Rate For Calcs": 0.22,
        "Normalized EBITDA": -27929000.0,
        "Total Unusual Items": 1630000.0,
        "Total Unusual Items Excluding Goodwill": 1630000.0,
        "Net Income From Continuing Operation Net Minority Interest": -24015000.0,
        "Reconciled Depreciation": 205000.0,
        "EBITDA": -26299000.0,
        "EBIT": -26504000.0,
        "Net Interest Income": 1068000.0,
        "Interest Expense": NaN,
        "Interest Income": 1068000.0,
        "Normalized Income": -25286400.0,
        "Net Income From Continuing And Discontinued Operation": -24015000.0,
        "Total Expenses": 26504000.0,
        "Total Operating Income As Reported": -26504000.0,
        "Diluted Average Shares": 65880914.0,
        "Basic Average Shares": 65880914.0,
        "Diluted EPS": -0.36,
        "Basic EPS": -0.36,
        "Diluted NI Availto Com Stockholders": -24015000.0,
        "Net Income Common Stockholders": -24015000.0,
        "Net Income": -24015000.0,
        "Net Income Including Noncontrolling Interests": -24015000.0,
        "Net Income Continuous Operations": -24015000.0,
        "Tax Provision": 209000.0,
        "Pretax Income": -23806000.0,
        "Other Income Expense": 1630000.0,
        "Gain On Sale Of Security": 1630000.0,
        "Net Non Operating Interest Income Expense": 1068000.0,
        "Interest Expense Non Operating": NaN,
        "Interest Income Non Operating": 1068000.0,
        "Operating Income": -26504000.0,
        "Operating Expense": 26504000.0,
        "Research And Development": 20178000.0,
        "Selling General And Administration": 6326000.0,
        "General And Administrative Expense": 6326000.0,
        "Other Gand A": 3470000.0,
        "Salaries And Wages": 2856000.0,
        "Total Revenue": 0.0,
        "Operating Revenue": 0.0
    }
}