{
    "2023-03-31": {
        "Tax Effect Of Unusual Items": NaN,
        "Tax Rate For Calcs": NaN,
        "Normalized EBITDA": NaN,
        "Total Unusual Items": NaN,
        "Total Unusual Items Excluding Goodwill": NaN,
        "Net Income From Continuing Operation Net Minority Interest": NaN,
        "Reconciled Depreciation": NaN,
        "Reconciled Cost Of Revenue": NaN,
        "EBITDA": NaN,
        "EBIT": NaN,
        "Net Interest Income": NaN,
        "Interest Income": NaN,
        "Normalized Income": NaN,
        "Net Income From Continuing And Discontinued Operation": NaN,
        "Total Expenses": NaN,
        "Total Operating Income As Reported": NaN,
        "Diluted Average Shares": 200112855.0,
        "Basic Average Shares": 200112855.0,
        "Diluted EPS": -0.14,
        "Basic EPS": -0.14,
        "Diluted NI Availto Com Stockholders": NaN,
        "Net Income Common Stockholders": NaN,
        "Net Income": NaN,
        "Net Income Including Noncontrolling Interests": NaN,
        "Net Income Continuous Operations": NaN,
        "Tax Provision": NaN,
        "Pretax Income": NaN,
        "Other Income Expense": NaN,
        "Other Non Operating Income Expenses": NaN,
        "Gain On Sale Of Security": NaN,
        "Net Non Operating Interest Income Expense": NaN,
        "Interest Income Non Operating": NaN,
        "Operating Income": NaN,
        "Operating Expense": NaN,
        "Depreciation Amortization Depletion Income Statement": NaN,
        "Depreciation And Amortization In Income Statement": NaN,
        "Research And Development": NaN,
        "Selling General And Administration": NaN,
        "Selling And Marketing Expense": NaN,
        "General And Administrative Expense": NaN,
        "Other Gand A": NaN,
        "Gross Profit": NaN,
        "Cost Of Revenue": NaN,
        "Total Revenue": NaN,
        "Operating Revenue": NaN
    },
    "2022-12-31": {
        "Tax Effect Of Unusual Items": NaN,
        "Tax Rate For Calcs": NaN,
        "Normalized EBITDA": NaN,
        "Total Unusual Items": NaN,
        "Total Unusual Items Excluding Goodwill": NaN,
        "Net Income From Continuing Operation Net Minority Interest": NaN,
        "Reconciled Depreciation": NaN,
        "Reconciled Cost Of Revenue": NaN,
        "EBITDA": NaN,
        "EBIT": NaN,
        "Net Interest Income": NaN,
        "Interest Income": NaN,
        "Normalized Income": NaN,
        "Net Income From Continuing And Discontinued Operation": NaN,
        "Total Expenses": NaN,
        "Total Operating Income As Reported": NaN,
        "Diluted Average Shares": NaN,
        "Basic Average Shares": NaN,
        "Diluted EPS": NaN,
        "Basic EPS": NaN,
        "Diluted NI Availto Com Stockholders": NaN,
        "Net Income Common Stockholders": NaN,
        "Net Income": NaN,
        "Net Income Including Noncontrolling Interests": NaN,
        "Net Income Continuous Operations": NaN,
        "Tax Provision": NaN,
        "Pretax Income": NaN,
        "Other Income Expense": NaN,
        "Other Non Operating Income Expenses": NaN,
        "Special Income Charges": 0.0,
        "Restructuring And Mergern Acquisition": 0.0,
        "Gain On Sale Of Security": NaN,
        "Net Non Operating Interest Income Expense": NaN,
        "Interest Income Non Operating": NaN,
        "Operating Income": NaN,
        "Operating Expense": NaN,
        "Depreciation Amortization Depletion Income Statement": NaN,
        "Depreciation And Amortization In Income Statement": NaN,
        "Research And Development": NaN,
        "Selling General And Administration": NaN,
        "Selling And Marketing Expense": NaN,
        "General And Administrative Expense": NaN,
        "Other Gand A": NaN,
        "Gross Profit": NaN,
        "Cost Of Revenue": NaN,
        "Total Revenue": NaN,
        "Operating Revenue": NaN
    },
    "2022-09-30": {
        "Tax Effect Of Unusual Items": NaN,
        "Tax Rate For Calcs": NaN,
        "Normalized EBITDA": NaN,
        "Total Unusual Items": NaN,
        "Total Unusual Items Excluding Goodwill": NaN,
        "Net Income From Continuing Operation Net Minority Interest": NaN,
        "Reconciled Depreciation": NaN,
        "Reconciled Cost Of Revenue": NaN,
        "EBITDA": NaN,
        "EBIT": NaN,
        "Net Interest Income": NaN,
        "Interest Income": NaN,
        "Normalized Income": NaN,
        "Net Income From Continuing And Discontinued Operation": NaN,
        "Total Expenses": NaN,
        "Total Operating Income As Reported": NaN,
        "Diluted Average Shares": NaN,
        "Basic Average Shares": NaN,
        "Diluted EPS": NaN,
        "Basic EPS": NaN,
        "Diluted NI Availto Com Stockholders": NaN,
        "Net Income Common Stockholders": NaN,
        "Net Income": NaN,
        "Net Income Including Noncontrolling Interests": NaN,
        "Net Income Continuous Operations": NaN,
        "Tax Provision": NaN,
        "Pretax Income": NaN,
        "Other Income Expense": NaN,
        "Other Non Operating Income Expenses": NaN,
        "Special Income Charges": 0.0,
        "Restructuring And Mergern Acquisition": 0.0,
        "Gain On Sale Of Security": NaN,
        "Net Non Operating Interest Income Expense": NaN,
        "Interest Income Non Operating": NaN,
        "Operating Income": NaN,
        "Operating Expense": NaN,
        "Depreciation Amortization Depletion Income Statement": NaN,
        "Depreciation And Amortization In Income Statement": NaN,
        "Research And Development": NaN,
        "Selling General And Administration": NaN,
        "Selling And Marketing Expense": NaN,
        "General And Administrative Expense": NaN,
        "Other Gand A": NaN,
        "Gross Profit": NaN,
        "Cost Of Revenue": NaN,
        "Total Revenue": NaN,
        "Operating Revenue": NaN
    },
    "2022-06-30": {
        "Tax Effect Of Unusual Items": 0.0,
        "Tax Rate For Calcs": 0.0,
        "Normalized EBITDA": -33538000.0,
        "Total Unusual Items": 16061000.0,
        "Total Unusual Items Excluding Goodwill": 16061000.0,
        "Net Income From Continuing Operation Net Minority Interest": -1654000.0,
        "Reconciled Depreciation": 1451000.0,
        "Reconciled Cost Of Revenue": 742000.0,
        "EBITDA": -17477000.0,
        "EBIT": -18928000.0,
        "Net Interest Income": 1259000.0,
        "Interest Income": 1259000.0,
        "Normalized Income": -17715000.0,
        "Net Income From Continuing And Discontinued Operation": -1654000.0,
        "Total Expenses": 21536000.0,
        "Total Operating Income As Reported": -18928000.0,
        "Diluted Average Shares": 197214022.0,
        "Basic Average Shares": 197214022.0,
        "Diluted EPS": -0.01,
        "Basic EPS": -0.01,
        "Diluted NI Availto Com Stockholders": -1654000.0,
        "Net Income Common Stockholders": -1654000.0,
        "Net Income": -1654000.0,
        "Net Income Including Noncontrolling Interests": -1654000.0,
        "Net Income Continuous Operations": -1654000.0,
        "Tax Provision": 0.0,
        "Pretax Income": -1654000.0,
        "Other Income Expense": 16015000.0,
        "Other Non Operating Income Expenses": -46000.0,
        "Special Income Charges": NaN,
        "Restructuring And Mergern Acquisition": NaN,
        "Gain On Sale Of Security": 16061000.0,
        "Net Non Operating Interest Income Expense": 1259000.0,
        "Interest Income Non Operating": 1259000.0,
        "Operating Income": -18928000.0,
        "Operating Expense": 20794000.0,
        "Depreciation Amortization Depletion Income Statement": 1451000.0,
        "Depreciation And Amortization In Income Statement": 1451000.0,
        "Research And Development": 9653000.0,
        "Selling General And Administration": 9690000.0,
        "Selling And Marketing Expense": 2132000.0,
        "General And Administrative Expense": 7558000.0,
        "Other Gand A": 7558000.0,
        "Gross Profit": 1866000.0,
        "Cost Of Revenue": 742000.0,
        "Total Revenue": 2608000.0,
        "Operating Revenue": 2608000.0
    },
    "2022-03-31": {
        "Diluted EPS": -0.02,
        "Total Revenue": 2,
        "Gross Profit": 1,
        "Operating Income": -18,
        "EBIT": -17,
        "Net Income": -4
    },
    "2021-12-31": {
        "Diluted EPS": -0.51,
        "Total Revenue": 2,
        "Gross Profit": 1,
        "Operating Income": -11,
        "EBIT": -9,
        "Net Income": -74
    },
    "2021-09-30": {
        "Diluted EPS": -0.12,
        "Total Revenue": 0,
        "Gross Profit": 0,
        "Operating Income": -11,
        "EBIT": -10,
        "Net Income": -15
    },
    "2021-06-30": {
        "Diluted EPS": -0.08,
        "Total Revenue": 0,
        "Gross Profit": 0,
        "Operating Income": -10,
        "EBIT": -9,
        "Net Income": -10
    },
    "2021-03-31": {
        "Diluted EPS": -0.06,
        "Total Revenue": 0,
        "Gross Profit": 0,
        "Operating Income": -7,
        "EBIT": -7,
        "Net Income": -7
    },
    "2020-12-31": {
        "Diluted EPS": 0.0,
        "Total Revenue": NaN,
        "Gross Profit": NaN,
        "Operating Income": NaN,
        "EBIT": NaN,
        "Net Income": NaN
    },
    "2020-09-30": {
        "Diluted EPS": -0.03,
        "Total Revenue": NaN,
        "Gross Profit": 0,
        "Operating Income": -4,
        "EBIT": -4,
        "Net Income": -4
    },
    "2023-06-30": {
        "Tax Effect Of Unusual Items": NaN,
        "Tax Rate For Calcs": NaN,
        "Normalized EBITDA": NaN,
        "Total Unusual Items": NaN,
        "Total Unusual Items Excluding Goodwill": NaN,
        "Net Income From Continuing Operation Net Minority Interest": NaN,
        "Reconciled Depreciation": NaN,
        "Reconciled Cost Of Revenue": NaN,
        "EBITDA": NaN,
        "EBIT": NaN,
        "Net Interest Income": NaN,
        "Interest Income": NaN,
        "Normalized Income": NaN,
        "Net Income From Continuing And Discontinued Operation": NaN,
        "Total Expenses": NaN,
        "Total Operating Income As Reported": NaN,
        "Diluted Average Shares": 201431494.0,
        "Basic Average Shares": 201431494.0,
        "Diluted EPS": -0.22,
        "Basic EPS": -0.22,
        "Diluted NI Availto Com Stockholders": NaN,
        "Net Income Common Stockholders": NaN,
        "Net Income": NaN,
        "Net Income Including Noncontrolling Interests": NaN,
        "Net Income Continuous Operations": NaN,
        "Tax Provision": NaN,
        "Pretax Income": NaN,
        "Other Income Expense": NaN,
        "Other Non Operating Income Expenses": NaN,
        "Gain On Sale Of Security": NaN,
        "Net Non Operating Interest Income Expense": NaN,
        "Interest Income Non Operating": NaN,
        "Operating Income": NaN,
        "Operating Expense": NaN,
        "Depreciation Amortization Depletion Income Statement": NaN,
        "Depreciation And Amortization In Income Statement": NaN,
        "Research And Development": NaN,
        "Selling General And Administration": NaN,
        "Selling And Marketing Expense": NaN,
        "General And Administrative Expense": NaN,
        "Other Gand A": NaN,
        "Gross Profit": NaN,
        "Cost Of Revenue": NaN,
        "Total Revenue": NaN,
        "Operating Revenue": NaN
    },
    "2023-09-30": {
        "Tax Effect Of Unusual Items": -1604400.0,
        "Tax Rate For Calcs": 0.21,
        "Normalized EBITDA": -31805000.0,
        "Total Unusual Items": -7640000.0,
        "Total Unusual Items Excluding Goodwill": -7640000.0,
        "Net Income From Continuing Operation Net Minority Interest": -44811000.0,
        "Reconciled Depreciation": 2749000.0,
        "Reconciled Cost Of Revenue": 2008000.0,
        "EBITDA": -39445000.0,
        "EBIT": -42194000.0,
        "Net Interest Income": 5007000.0,
        "Interest Income": 5007000.0,
        "Normalized Income": -38775400.0,
        "Net Income From Continuing And Discontinued Operation": -44811000.0,
        "Total Expenses": 48330000.0,
        "Total Operating Income As Reported": -42194000.0,
        "Diluted Average Shares": 203390383.0,
        "Basic Average Shares": 203390383.0,
        "Diluted EPS": -0.22,
        "Basic EPS": -0.22,
        "Diluted NI Availto Com Stockholders": -44811000.0,
        "Net Income Common Stockholders": -44811000.0,
        "Net Income": -44811000.0,
        "Net Income Including Noncontrolling Interests": -44811000.0,
        "Net Income Continuous Operations": -44811000.0,
        "Tax Provision": 39000.0,
        "Pretax Income": -44772000.0,
        "Other Income Expense": -7585000.0,
        "Other Non Operating Income Expenses": 55000.0,
        "Gain On Sale Of Security": -7640000.0,
        "Net Non Operating Interest Income Expense": 5007000.0,
        "Interest Income Non Operating": 5007000.0,
        "Operating Income": -42194000.0,
        "Operating Expense": 46322000.0,
        "Depreciation Amortization Depletion Income Statement": 2749000.0,
        "Depreciation And Amortization In Income Statement": 2749000.0,
        "Research And Development": 24599000.0,
        "Selling General And Administration": 18974000.0,
        "Selling And Marketing Expense": 5047000.0,
        "General And Administrative Expense": 13927000.0,
        "Other Gand A": 13927000.0,
        "Gross Profit": 4128000.0,
        "Cost Of Revenue": 2008000.0,
        "Total Revenue": 6136000.0,
        "Operating Revenue": 6136000.0
    },
    "2023-12-31": {
        "Tax Effect Of Unusual Items": 1592010.0,
        "Tax Rate For Calcs": 0.21,
        "Normalized EBITDA": -58523000.0,
        "Total Unusual Items": 7581000.0,
        "Total Unusual Items Excluding Goodwill": 7581000.0,
        "Net Income From Continuing Operation Net Minority Interest": -41904000.0,
        "Reconciled Depreciation": 3506000.0,
        "Reconciled Cost Of Revenue": 3163000.0,
        "EBITDA": -50942000.0,
        "EBIT": -54448000.0,
        "Net Interest Income": 5207000.0,
        "Interest Income": 5207000.0,
        "Normalized Income": -47892990.0,
        "Net Income From Continuing And Discontinued Operation": -41904000.0,
        "Total Expenses": 60554000.0,
        "Total Operating Income As Reported": -54448000.0,
        "Diluted Average Shares": NaN,
        "Basic Average Shares": NaN,
        "Diluted EPS": NaN,
        "Basic EPS": NaN,
        "Diluted NI Availto Com Stockholders": -41904000.0,
        "Net Income Common Stockholders": -41904000.0,
        "Net Income": -41904000.0,
        "Net Income Including Noncontrolling Interests": -41904000.0,
        "Net Income Continuous Operations": -41904000.0,
        "Tax Provision": 9000.0,
        "Pretax Income": -41895000.0,
        "Other Income Expense": 7346000.0,
        "Other Non Operating Income Expenses": -235000.0,
        "Gain On Sale Of Security": 7581000.0,
        "Net Non Operating Interest Income Expense": 5207000.0,
        "Interest Income Non Operating": 5207000.0,
        "Operating Income": -54448000.0,
        "Operating Expense": 57391000.0,
        "Depreciation Amortization Depletion Income Statement": 3506000.0,
        "Depreciation And Amortization In Income Statement": 3506000.0,
        "Research And Development": 31620000.0,
        "Selling General And Administration": 22265000.0,
        "Selling And Marketing Expense": 6981000.0,
        "General And Administrative Expense": 15284000.0,
        "Other Gand A": 15284000.0,
        "Gross Profit": 2943000.0,
        "Cost Of Revenue": 3163000.0,
        "Total Revenue": 6106000.0,
        "Operating Revenue": 6106000.0
    },
    "2024-03-31": {
        "Tax Effect Of Unusual Items": 1811670.0,
        "Tax Rate For Calcs": 0.21,
        "Normalized EBITDA": -57548000.0,
        "Total Unusual Items": 8627000.0,
        "Total Unusual Items Excluding Goodwill": 8627000.0,
        "Net Income From Continuing Operation Net Minority Interest": -39592000.0,
        "Reconciled Depreciation": 3955000.0,
        "Reconciled Cost Of Revenue": 3414000.0,
        "EBITDA": -48921000.0,
        "EBIT": -52876000.0,
        "Net Interest Income": 4799000.0,
        "Interest Income": 4799000.0,
        "Normalized Income": -46407330.0,
        "Net Income From Continuing And Discontinued Operation": -39592000.0,
        "Total Expenses": 60458000.0,
        "Total Operating Income As Reported": -52876000.0,
        "Diluted Average Shares": 208159439.0,
        "Basic Average Shares": 208159439.0,
        "Diluted EPS": -0.19,
        "Basic EPS": -0.19,
        "Diluted NI Availto Com Stockholders": -39592000.0,
        "Net Income Common Stockholders": -39592000.0,
        "Net Income": -39592000.0,
        "Net Income Including Noncontrolling Interests": -39592000.0,
        "Net Income Continuous Operations": -39592000.0,
        "Tax Provision": 8000.0,
        "Pretax Income": -39584000.0,
        "Other Income Expense": 8493000.0,
        "Other Non Operating Income Expenses": -134000.0,
        "Gain On Sale Of Security": 8627000.0,
        "Net Non Operating Interest Income Expense": 4799000.0,
        "Interest Income Non Operating": 4799000.0,
        "Operating Income": -52876000.0,
        "Operating Expense": 57044000.0,
        "Depreciation Amortization Depletion Income Statement": 3955000.0,
        "Depreciation And Amortization In Income Statement": 3955000.0,
        "Research And Development": 32368000.0,
        "Selling General And Administration": 20721000.0,
        "Selling And Marketing Expense": 6701000.0,
        "General And Administrative Expense": 14020000.0,
        "Other Gand A": 14020000.0,
        "Gross Profit": 4168000.0,
        "Cost Of Revenue": 3414000.0,
        "Total Revenue": 7582000.0,
        "Operating Revenue": 7582000.0
    },
    "2024-06-30": {
        "Tax Effect Of Unusual Items": 1394190.0,
        "Tax Rate For Calcs": 0.21,
        "Normalized EBITDA": -51275000.0,
        "Total Unusual Items": 6639000.0,
        "Total Unusual Items Excluding Goodwill": 6639000.0,
        "Net Income From Continuing Operation Net Minority Interest": -37561000.0,
        "Reconciled Depreciation": 4305000.0,
        "Reconciled Cost Of Revenue": 5623000.0,
        "EBITDA": -44636000.0,
        "EBIT": -48941000.0,
        "Net Interest Income": 4801000.0,
        "Interest Income": 4801000.0,
        "Normalized Income": -42805810.0,
        "Net Income From Continuing And Discontinued Operation": -37561000.0,
        "Total Expenses": 60322000.0,
        "Total Operating Income As Reported": -48941000.0,
        "Diluted Average Shares": 211637479.0,
        "Basic Average Shares": 211637479.0,
        "Diluted EPS": -0.18,
        "Basic EPS": -0.18,
        "Diluted NI Availto Com Stockholders": -37561000.0,
        "Net Income Common Stockholders": -37561000.0,
        "Net Income": -37561000.0,
        "Net Income Including Noncontrolling Interests": -37561000.0,
        "Net Income Continuous Operations": -37561000.0,
        "Tax Provision": 15000.0,
        "Pretax Income": -37546000.0,
        "Other Income Expense": 6594000.0,
        "Other Non Operating Income Expenses": -45000.0,
        "Gain On Sale Of Security": 6639000.0,
        "Net Non Operating Interest Income Expense": 4801000.0,
        "Interest Income Non Operating": 4801000.0,
        "Operating Income": -48941000.0,
        "Operating Expense": 54699000.0,
        "Depreciation Amortization Depletion Income Statement": 4305000.0,
        "Depreciation And Amortization In Income Statement": 4305000.0,
        "Research And Development": 31204000.0,
        "Selling General And Administration": 19190000.0,
        "Selling And Marketing Expense": 6137000.0,
        "General And Administrative Expense": 13053000.0,
        "Other Gand A": 13053000.0,
        "Gross Profit": 5758000.0,
        "Cost Of Revenue": 5623000.0,
        "Total Revenue": 11381000.0,
        "Operating Revenue": 11381000.0
    },
    "2024-09-30": {
        "Tax Effect Of Unusual Items": -812280.0,
        "Tax Rate For Calcs": 0.21,
        "Normalized EBITDA": -44377000.0,
        "Total Unusual Items": -3868000.0,
        "Total Unusual Items Excluding Goodwill": -3868000.0,
        "Net Income From Continuing Operation Net Minority Interest": -52496000.0,
        "Reconciled Depreciation": 4890000.0,
        "Reconciled Cost Of Revenue": 6515000.0,
        "EBITDA": -48245000.0,
        "EBIT": -53135000.0,
        "Net Interest Income": 4508000.0,
        "Interest Income": 4508000.0,
        "Normalized Income": -49440280.0,
        "Net Income From Continuing And Discontinued Operation": -52496000.0,
        "Total Expenses": 65535000.0,
        "Total Operating Income As Reported": -53135000.0,
        "Diluted Average Shares": 214305053.0,
        "Basic Average Shares": 214305053.0,
        "Diluted EPS": -0.24,
        "Basic EPS": -0.24,
        "Diluted NI Availto Com Stockholders": -52496000.0,
        "Net Income Common Stockholders": -52496000.0,
        "Net Income": -52496000.0,
        "Net Income Including Noncontrolling Interests": -52496000.0,
        "Net Income Continuous Operations": -52496000.0,
        "Tax Provision": 16000.0,
        "Pretax Income": -52480000.0,
        "Other Income Expense": -3853000.0,
        "Other Non Operating Income Expenses": 15000.0,
        "Gain On Sale Of Security": -3868000.0,
        "Net Non Operating Interest Income Expense": 4508000.0,
        "Interest Income Non Operating": 4508000.0,
        "Operating Income": -53135000.0,
        "Operating Expense": 59020000.0,
        "Depreciation Amortization Depletion Income Statement": 4890000.0,
        "Depreciation And Amortization In Income Statement": 4890000.0,
        "Research And Development": 33178000.0,
        "Selling General And Administration": 20952000.0,
        "Selling And Marketing Expense": 6630000.0,
        "General And Administrative Expense": 14322000.0,
        "Other Gand A": 14322000.0,
        "Gross Profit": 5885000.0,
        "Cost Of Revenue": 6515000.0,
        "Total Revenue": 12400000.0,
        "Operating Revenue": 12400000.0
    }
}