{
    "2023-03-31": {
        "Tax Effect Of Unusual Items": NaN,
        "Tax Rate For Calcs": NaN,
        "Normalized EBITDA": NaN,
        "Net Income From Continuing Operation Net Minority Interest": NaN,
        "Reconciled Depreciation": NaN,
        "Reconciled Cost Of Revenue": NaN,
        "EBITDA": NaN,
        "EBIT": NaN,
        "Net Interest Income": NaN,
        "Interest Income": NaN,
        "Normalized Income": NaN,
        "Net Income From Continuing And Discontinued Operation": NaN,
        "Total Expenses": NaN,
        "Total Operating Income As Reported": NaN,
        "Diluted Average Shares": 213694000.0,
        "Basic Average Shares": 213694000.0,
        "Diluted EPS": -0.5,
        "Basic EPS": -0.5,
        "Diluted NI Availto Com Stockholders": NaN,
        "Net Income Common Stockholders": NaN,
        "Net Income": NaN,
        "Net Income Including Noncontrolling Interests": NaN,
        "Net Income Continuous Operations": NaN,
        "Tax Provision": NaN,
        "Pretax Income": NaN,
        "Net Non Operating Interest Income Expense": NaN,
        "Interest Income Non Operating": NaN,
        "Operating Income": NaN,
        "Operating Expense": NaN,
        "Research And Development": NaN,
        "Selling General And Administration": NaN,
        "General And Administrative Expense": 28122000.0,
        "Other Gand A": 28122000.0,
        "Gross Profit": NaN,
        "Cost Of Revenue": NaN,
        "Total Revenue": NaN,
        "Operating Revenue": NaN
    },
    "2022-12-31": {
        "Tax Effect Of Unusual Items": NaN,
        "Tax Rate For Calcs": NaN,
        "Normalized EBITDA": NaN,
        "Net Income From Continuing Operation Net Minority Interest": NaN,
        "Reconciled Depreciation": NaN,
        "Reconciled Cost Of Revenue": NaN,
        "EBITDA": NaN,
        "EBIT": NaN,
        "Net Interest Income": NaN,
        "Interest Income": NaN,
        "Normalized Income": NaN,
        "Net Income From Continuing And Discontinued Operation": NaN,
        "Total Expenses": NaN,
        "Total Operating Income As Reported": NaN,
        "Diluted Average Shares": NaN,
        "Basic Average Shares": NaN,
        "Diluted EPS": NaN,
        "Basic EPS": NaN,
        "Diluted NI Availto Com Stockholders": NaN,
        "Net Income Common Stockholders": NaN,
        "Net Income": NaN,
        "Net Income Including Noncontrolling Interests": NaN,
        "Net Income Continuous Operations": NaN,
        "Tax Provision": NaN,
        "Pretax Income": NaN,
        "Net Non Operating Interest Income Expense": NaN,
        "Interest Income Non Operating": NaN,
        "Operating Income": NaN,
        "Operating Expense": NaN,
        "Research And Development": NaN,
        "Selling General And Administration": NaN,
        "General And Administrative Expense": 26463000.0,
        "Other Gand A": 26463000.0,
        "Gross Profit": NaN,
        "Cost Of Revenue": NaN,
        "Total Revenue": NaN,
        "Operating Revenue": NaN
    },
    "2022-09-30": {
        "Tax Effect Of Unusual Items": NaN,
        "Tax Rate For Calcs": NaN,
        "Normalized EBITDA": NaN,
        "Net Income From Continuing Operation Net Minority Interest": NaN,
        "Reconciled Depreciation": NaN,
        "Reconciled Cost Of Revenue": NaN,
        "EBITDA": NaN,
        "EBIT": NaN,
        "Net Interest Income": NaN,
        "Interest Income": NaN,
        "Normalized Income": NaN,
        "Net Income From Continuing And Discontinued Operation": NaN,
        "Total Expenses": NaN,
        "Total Operating Income As Reported": NaN,
        "Diluted Average Shares": NaN,
        "Basic Average Shares": NaN,
        "Diluted EPS": NaN,
        "Basic EPS": NaN,
        "Diluted NI Availto Com Stockholders": NaN,
        "Net Income Common Stockholders": NaN,
        "Net Income": NaN,
        "Net Income Including Noncontrolling Interests": NaN,
        "Net Income Continuous Operations": NaN,
        "Tax Provision": NaN,
        "Pretax Income": NaN,
        "Net Non Operating Interest Income Expense": NaN,
        "Interest Income Non Operating": NaN,
        "Operating Income": NaN,
        "Operating Expense": NaN,
        "Research And Development": NaN,
        "Selling General And Administration": NaN,
        "General And Administrative Expense": 27893000.0,
        "Other Gand A": 27893000.0,
        "Gross Profit": NaN,
        "Cost Of Revenue": NaN,
        "Total Revenue": NaN,
        "Operating Revenue": NaN
    },
    "2022-06-30": {
        "Tax Effect Of Unusual Items": 0.0,
        "Tax Rate For Calcs": 0.0,
        "Normalized EBITDA": -94486000.0,
        "Net Income From Continuing Operation Net Minority Interest": -99349000.0,
        "Reconciled Depreciation": 5248000.0,
        "Reconciled Cost Of Revenue": NaN,
        "EBITDA": -94486000.0,
        "EBIT": -99734000.0,
        "Net Interest Income": 385000.0,
        "Interest Income": 385000.0,
        "Normalized Income": -99349000.0,
        "Net Income From Continuing And Discontinued Operation": -99349000.0,
        "Total Expenses": 99734000.0,
        "Total Operating Income As Reported": -99734000.0,
        "Diluted Average Shares": 157274000.0,
        "Basic Average Shares": 157274000.0,
        "Diluted EPS": -0.63,
        "Basic EPS": -0.63,
        "Diluted NI Availto Com Stockholders": -99349000.0,
        "Net Income Common Stockholders": -99349000.0,
        "Net Income": -99349000.0,
        "Net Income Including Noncontrolling Interests": -99349000.0,
        "Net Income Continuous Operations": -99349000.0,
        "Tax Provision": NaN,
        "Pretax Income": -99349000.0,
        "Net Non Operating Interest Income Expense": 385000.0,
        "Total Other Finance Cost": NaN,
        "Interest Income Non Operating": 385000.0,
        "Operating Income": -99734000.0,
        "Operating Expense": 99734000.0,
        "Research And Development": 73406000.0,
        "Selling General And Administration": 26328000.0,
        "General And Administrative Expense": 26328000.0,
        "Other Gand A": 26328000.0,
        "Gross Profit": NaN,
        "Cost Of Revenue": NaN,
        "Total Revenue": 0.0,
        "Operating Revenue": 0.0
    },
    "2022-03-31": {
        "Diluted EPS": -0.58,
        "Total Revenue": NaN,
        "Gross Profit": NaN,
        "Operating Income": -92,
        "EBIT": -86,
        "Net Income": -92
    },
    "2021-12-31": {
        "Diluted EPS": -0.64,
        "Total Revenue": NaN,
        "Gross Profit": NaN,
        "Operating Income": -99,
        "EBIT": -105,
        "Net Income": -99
    },
    "2021-09-30": {
        "Diluted EPS": -0.55,
        "Total Revenue": NaN,
        "Gross Profit": NaN,
        "Operating Income": -86,
        "EBIT": -81,
        "Net Income": -86
    },
    "2021-06-30": {
        "Diluted EPS": -0.53,
        "Total Revenue": NaN,
        "Gross Profit": NaN,
        "Operating Income": -81,
        "EBIT": -74,
        "Net Income": -81
    },
    "2021-03-31": {
        "Diluted EPS": -0.51,
        "Total Revenue": NaN,
        "Gross Profit": NaN,
        "Operating Income": -76,
        "EBIT": -73,
        "Net Income": -75
    },
    "2020-12-31": {
        "Diluted EPS": -0.46,
        "Total Revenue": NaN,
        "Gross Profit": NaN,
        "Operating Income": -69,
        "EBIT": -67,
        "Net Income": -68
    },
    "2020-09-30": {
        "Diluted EPS": -0.4,
        "Total Revenue": NaN,
        "Gross Profit": NaN,
        "Operating Income": -59,
        "EBIT": -58,
        "Net Income": -59
    },
    "2020-06-30": {
        "Diluted EPS": -0.47,
        "Total Revenue": NaN,
        "Gross Profit": NaN,
        "Operating Income": -64,
        "EBIT": -63,
        "Net Income": -63
    },
    "2020-03-31": {
        "Diluted EPS": -0.55,
        "Total Revenue": NaN,
        "Gross Profit": NaN,
        "Operating Income": -71,
        "EBIT": -71,
        "Net Income": -70
    },
    "2019-12-31": {
        "Diluted EPS": -0.51,
        "Total Revenue": NaN,
        "Gross Profit": NaN,
        "Operating Income": -65,
        "EBIT": -65,
        "Net Income": -64
    },
    "2019-09-30": {
        "Diluted EPS": -0.4,
        "Total Revenue": NaN,
        "Gross Profit": NaN,
        "Operating Income": -52,
        "EBIT": -52,
        "Net Income": -49
    },
    "2019-06-30": {
        "Diluted EPS": -0.38,
        "Total Revenue": NaN,
        "Gross Profit": NaN,
        "Operating Income": -50,
        "EBIT": -51,
        "Net Income": -48
    },
    "2019-03-31": {
        "Diluted EPS": -0.3,
        "Total Revenue": NaN,
        "Gross Profit": NaN,
        "Operating Income": -40,
        "EBIT": -41,
        "Net Income": -37
    },
    "2018-12-31": {
        "Diluted EPS": -0.26,
        "Total Revenue": NaN,
        "Gross Profit": NaN,
        "Operating Income": -35,
        "EBIT": -36,
        "Net Income": -33
    },
    "2018-09-30": {
        "Diluted EPS": -0.36,
        "Total Revenue": NaN,
        "Gross Profit": NaN,
        "Operating Income": -35,
        "EBIT": -35,
        "Net Income": -34
    },
    "2018-06-30": {
        "Diluted EPS": -0.34,
        "Total Revenue": NaN,
        "Gross Profit": NaN,
        "Operating Income": -31,
        "EBIT": -31,
        "Net Income": -31
    },
    "2018-03-31": {
        "Diluted EPS": -0.31,
        "Total Revenue": NaN,
        "Gross Profit": NaN,
        "Operating Income": -27,
        "EBIT": -27,
        "Net Income": -27
    },
    "2017-12-31": {
        "Diluted EPS": -0.36,
        "Total Revenue": NaN,
        "Gross Profit": NaN,
        "Operating Income": -26,
        "EBIT": -26,
        "Net Income": -26
    },
    "2017-09-30": {
        "Diluted EPS": -0.35,
        "Total Revenue": NaN,
        "Gross Profit": NaN,
        "Operating Income": -22,
        "EBIT": -22,
        "Net Income": -22
    },
    "2017-06-30": {
        "Diluted EPS": -0.37,
        "Total Revenue": NaN,
        "Gross Profit": NaN,
        "Operating Income": -24,
        "EBIT": -23,
        "Net Income": -23
    },
    "2017-03-31": {
        "Diluted EPS": -0.33,
        "Total Revenue": NaN,
        "Gross Profit": NaN,
        "Operating Income": -21,
        "EBIT": -21,
        "Net Income": -21
    },
    "2016-12-31": {
        "Diluted EPS": -0.33,
        "Total Revenue": NaN,
        "Gross Profit": NaN,
        "Operating Income": -16,
        "EBIT": -16,
        "Net Income": -16
    },
    "2016-09-30": {
        "Diluted EPS": -1.15,
        "Total Revenue": NaN,
        "Gross Profit": NaN,
        "Operating Income": -19,
        "EBIT": -19,
        "Net Income": -68
    },
    "2016-06-30": {
        "Diluted EPS": -0.23,
        "Total Revenue": NaN,
        "Gross Profit": NaN,
        "Operating Income": -12,
        "EBIT": -11,
        "Net Income": -12
    },
    "2016-03-31": {
        "Diluted EPS": -0.14,
        "Total Revenue": NaN,
        "Gross Profit": NaN,
        "Operating Income": -7,
        "EBIT": -7,
        "Net Income": -7
    },
    "2015-12-31": {
        "Diluted EPS": -0.18,
        "Total Revenue": NaN,
        "Gross Profit": NaN,
        "Operating Income": -8,
        "EBIT": -8,
        "Net Income": -8
    },
    "2015-09-30": {
        "Diluted EPS": -0.16,
        "Total Revenue": NaN,
        "Gross Profit": NaN,
        "Operating Income": -8,
        "EBIT": -7,
        "Net Income": -8
    },
    "2015-06-30": {
        "Diluted EPS": -0.14,
        "Total Revenue": NaN,
        "Gross Profit": NaN,
        "Operating Income": -6,
        "EBIT": -6,
        "Net Income": -6
    },
    "2015-03-31": {
        "Diluted EPS": -0.14,
        "Total Revenue": NaN,
        "Gross Profit": NaN,
        "Operating Income": -5,
        "EBIT": -5,
        "Net Income": -5
    },
    "2014-12-31": {
        "Diluted EPS": -0.17,
        "Total Revenue": NaN,
        "Gross Profit": NaN,
        "Operating Income": -5,
        "EBIT": -5,
        "Net Income": -5
    },
    "2014-09-30": {
        "Diluted EPS": -0.11,
        "Total Revenue": NaN,
        "Gross Profit": NaN,
        "Operating Income": -3,
        "EBIT": -3,
        "Net Income": -3
    },
    "2014-06-30": {
        "Diluted EPS": -0.09,
        "Total Revenue": NaN,
        "Gross Profit": NaN,
        "Operating Income": -2,
        "EBIT": -2,
        "Net Income": -2
    },
    "2014-03-31": {
        "Diluted EPS": -0.11,
        "Total Revenue": NaN,
        "Gross Profit": NaN,
        "Operating Income": -2,
        "EBIT": -2,
        "Net Income": -2
    },
    "2013-12-31": {
        "Diluted EPS": 2.66,
        "Total Revenue": NaN,
        "Gross Profit": NaN,
        "Operating Income": -11,
        "EBIT": -12,
        "Net Income": -20
    },
    "2013-09-30": {
        "Diluted EPS": -0.66,
        "Total Revenue": NaN,
        "Gross Profit": NaN,
        "Operating Income": -9,
        "EBIT": -9,
        "Net Income": -9
    },
    "2013-06-30": {
        "Diluted EPS": -4.19,
        "Total Revenue": NaN,
        "Gross Profit": NaN,
        "Operating Income": -1,
        "EBIT": -1,
        "Net Income": -3
    },
    "2013-03-31": {
        "Diluted EPS": -1.28,
        "Total Revenue": NaN,
        "Gross Profit": NaN,
        "Operating Income": -1,
        "EBIT": -1,
        "Net Income": -1
    },
    "2012-12-31": {
        "Diluted EPS": 4.11,
        "Total Revenue": NaN,
        "Gross Profit": NaN,
        "Operating Income": -2,
        "EBIT": -2,
        "Net Income": 3
    },
    "2012-09-30": {
        "Diluted EPS": -0.86,
        "Total Revenue": NaN,
        "Gross Profit": NaN,
        "Operating Income": -2,
        "EBIT": -1,
        "Net Income": -1
    },
    "2012-06-30": {
        "Diluted EPS": 0.0,
        "Total Revenue": NaN,
        "Gross Profit": NaN,
        "Operating Income": -2,
        "EBIT": -2,
        "Net Income": 0
    },
    "2012-03-31": {
        "Diluted EPS": -7.39,
        "Total Revenue": NaN,
        "Gross Profit": NaN,
        "Operating Income": -3,
        "EBIT": -3,
        "Net Income": -6
    },
    "2011-12-31": {
        "Diluted EPS": -11.0,
        "Total Revenue": NaN,
        "Gross Profit": NaN,
        "Operating Income": -4,
        "EBIT": -2,
        "Net Income": -8
    },
    "2011-09-30": {
        "Diluted EPS": -7.0,
        "Total Revenue": NaN,
        "Gross Profit": NaN,
        "Operating Income": -6,
        "EBIT": -3,
        "Net Income": -6
    },
    "2011-06-30": {
        "Diluted EPS": -15.0,
        "Total Revenue": NaN,
        "Gross Profit": NaN,
        "Operating Income": -11,
        "EBIT": -11,
        "Net Income": -11
    },
    "2011-03-31": {
        "Diluted EPS": -1.0,
        "Total Revenue": NaN,
        "Gross Profit": NaN,
        "Operating Income": -1,
        "EBIT": -1,
        "Net Income": -1
    },
    "2010-12-31": {
        "Diluted EPS": -1.0,
        "Total Revenue": NaN,
        "Gross Profit": NaN,
        "Operating Income": 0,
        "EBIT": 0,
        "Net Income": -1
    },
    "2010-09-30": {
        "Diluted EPS": -1.0,
        "Total Revenue": NaN,
        "Gross Profit": NaN,
        "Operating Income": 0,
        "EBIT": 0,
        "Net Income": -1
    },
    "2010-06-30": {
        "Diluted EPS": 0.0,
        "Total Revenue": NaN,
        "Gross Profit": NaN,
        "Operating Income": 0,
        "EBIT": 0,
        "Net Income": 0
    },
    "2010-03-31": {
        "Diluted EPS": 0.0,
        "Total Revenue": NaN,
        "Gross Profit": NaN,
        "Operating Income": 0,
        "EBIT": 0,
        "Net Income": 0
    },
    "2009-12-31": {
        "Diluted EPS": 0.0,
        "Total Revenue": NaN,
        "Gross Profit": NaN,
        "Operating Income": 0,
        "EBIT": 0,
        "Net Income": 0
    },
    "2009-09-30": {
        "Diluted EPS": 0.0,
        "Total Revenue": NaN,
        "Gross Profit": NaN,
        "Operating Income": 0,
        "EBIT": 0,
        "Net Income": 0
    },
    "2009-06-30": {
        "Diluted EPS": 0.0,
        "Total Revenue": NaN,
        "Gross Profit": NaN,
        "Operating Income": 0,
        "EBIT": 0,
        "Net Income": 0
    },
    "2009-03-31": {
        "Diluted EPS": 0.0,
        "Total Revenue": NaN,
        "Gross Profit": NaN,
        "Operating Income": 0,
        "EBIT": 0,
        "Net Income": 0
    },
    "2023-06-30": {
        "Tax Effect Of Unusual Items": 0.0,
        "Tax Rate For Calcs": 0.004,
        "Normalized EBITDA": -102245000.0,
        "Net Income From Continuing Operation Net Minority Interest": -106528000.0,
        "Reconciled Depreciation": 7841000.0,
        "Reconciled Cost Of Revenue": 2050000.0,
        "EBITDA": -102245000.0,
        "EBIT": -110086000.0,
        "Net Interest Income": 3081000.0,
        "Interest Income": 3081000.0,
        "Normalized Income": -106528000.0,
        "Net Income From Continuing And Discontinued Operation": -106528000.0,
        "Total Expenses": 110324000.0,
        "Total Operating Income As Reported": -110086000.0,
        "Diluted Average Shares": 224481000.0,
        "Basic Average Shares": 224481000.0,
        "Diluted EPS": -0.47,
        "Basic EPS": -0.47,
        "Diluted NI Availto Com Stockholders": -106528000.0,
        "Net Income Common Stockholders": -106528000.0,
        "Net Income": -106528000.0,
        "Net Income Including Noncontrolling Interests": -106528000.0,
        "Net Income Continuous Operations": -106528000.0,
        "Tax Provision": -477000.0,
        "Pretax Income": -107005000.0,
        "Net Non Operating Interest Income Expense": 3081000.0,
        "Interest Income Non Operating": 3081000.0,
        "Operating Income": -110086000.0,
        "Operating Expense": 108274000.0,
        "Research And Development": 86347000.0,
        "Selling General And Administration": 21927000.0,
        "General And Administrative Expense": NaN,
        "Other Gand A": NaN,
        "Gross Profit": -1812000.0,
        "Cost Of Revenue": 2050000.0,
        "Total Revenue": 238000.0,
        "Operating Revenue": 238000.0
    },
    "2023-09-30": {
        "Tax Effect Of Unusual Items": 0.0,
        "Tax Rate For Calcs": 0.0109,
        "Normalized EBITDA": -108486000.0,
        "Net Income From Continuing Operation Net Minority Interest": -113760000.0,
        "Reconciled Depreciation": 9875000.0,
        "Reconciled Cost Of Revenue": 4340000.0,
        "EBITDA": -108486000.0,
        "EBIT": -118361000.0,
        "Net Interest Income": 3358000.0,
        "Interest Income": 3358000.0,
        "Normalized Income": -113760000.0,
        "Net Income From Continuing And Discontinued Operation": -113760000.0,
        "Total Expenses": 118830000.0,
        "Total Operating Income As Reported": -118361000.0,
        "Diluted Average Shares": 245817000.0,
        "Basic Average Shares": 245817000.0,
        "Diluted EPS": -0.46,
        "Basic EPS": -0.46,
        "Diluted NI Availto Com Stockholders": -113760000.0,
        "Net Income Common Stockholders": -113760000.0,
        "Net Income": -113760000.0,
        "Net Income Including Noncontrolling Interests": -113760000.0,
        "Net Income Continuous Operations": -113760000.0,
        "Tax Provision": -1243000.0,
        "Pretax Income": -115003000.0,
        "Net Non Operating Interest Income Expense": 3358000.0,
        "Interest Income Non Operating": 3358000.0,
        "Operating Income": -118361000.0,
        "Operating Expense": 114490000.0,
        "Research And Development": 87526000.0,
        "Selling General And Administration": 26964000.0,
        "General And Administrative Expense": NaN,
        "Other Gand A": NaN,
        "Gross Profit": -3871000.0,
        "Cost Of Revenue": 4340000.0,
        "Total Revenue": 469000.0,
        "Operating Revenue": 469000.0
    },
    "2023-12-31": {
        "Tax Effect Of Unusual Items": 0.0,
        "Tax Rate For Calcs": 0.014889,
        "Normalized EBITDA": -111542000.0,
        "Net Income From Continuing Operation Net Minority Interest": -116379000.0,
        "Reconciled Depreciation": 9714000.0,
        "Reconciled Cost Of Revenue": 4365000.0,
        "EBITDA": -111542000.0,
        "EBIT": -121256000.0,
        "Net Interest Income": 3118000.0,
        "Interest Income": 3118000.0,
        "Normalized Income": -116379000.0,
        "Net Income From Continuing And Discontinued Operation": -116379000.0,
        "Total Expenses": 121738000.0,
        "Total Operating Income As Reported": -121256000.0,
        "Diluted Average Shares": NaN,
        "Basic Average Shares": NaN,
        "Diluted EPS": NaN,
        "Basic EPS": NaN,
        "Diluted NI Availto Com Stockholders": -116379000.0,
        "Net Income Common Stockholders": -116379000.0,
        "Net Income": -116379000.0,
        "Net Income Including Noncontrolling Interests": -116379000.0,
        "Net Income Continuous Operations": -116379000.0,
        "Tax Provision": -1759000.0,
        "Pretax Income": -118138000.0,
        "Net Non Operating Interest Income Expense": 3118000.0,
        "Interest Income Non Operating": 3118000.0,
        "Operating Income": -121256000.0,
        "Operating Expense": 117373000.0,
        "Research And Development": 87470000.0,
        "Selling General And Administration": 29903000.0,
        "General And Administrative Expense": NaN,
        "Other Gand A": NaN,
        "Gross Profit": -3883000.0,
        "Cost Of Revenue": 4365000.0,
        "Total Revenue": 482000.0,
        "Operating Revenue": 482000.0
    },
    "2024-03-31": {
        "Tax Effect Of Unusual Items": 0.0,
        "Tax Rate For Calcs": 0.012,
        "Normalized EBITDA": -107815000.0,
        "Net Income From Continuing Operation Net Minority Interest": -112976000.0,
        "Reconciled Depreciation": 9907000.0,
        "Reconciled Cost Of Revenue": 7261000.0,
        "EBITDA": -107815000.0,
        "EBIT": -117722000.0,
        "Net Interest Income": 3338000.0,
        "Interest Income": 3338000.0,
        "Normalized Income": -112976000.0,
        "Net Income From Continuing And Discontinued Operation": -112976000.0,
        "Total Expenses": 118437000.0,
        "Total Operating Income As Reported": -117722000.0,
        "Diluted Average Shares": 266220000.0,
        "Basic Average Shares": 266220000.0,
        "Diluted EPS": -0.42,
        "Basic EPS": -0.42,
        "Diluted NI Availto Com Stockholders": -112976000.0,
        "Net Income Common Stockholders": -112976000.0,
        "Net Income": -112976000.0,
        "Net Income Including Noncontrolling Interests": -112976000.0,
        "Net Income Continuous Operations": -112976000.0,
        "Tax Provision": -1408000.0,
        "Pretax Income": -114384000.0,
        "Net Non Operating Interest Income Expense": 3338000.0,
        "Interest Income Non Operating": 3338000.0,
        "Operating Income": -117722000.0,
        "Operating Expense": 111176000.0,
        "Research And Development": 79783000.0,
        "Selling General And Administration": 31393000.0,
        "General And Administrative Expense": NaN,
        "Other Gand A": NaN,
        "Gross Profit": -6546000.0,
        "Cost Of Revenue": 7261000.0,
        "Total Revenue": 715000.0,
        "Operating Revenue": 715000.0
    },
    "2024-06-30": {
        "Tax Effect Of Unusual Items": 0.0,
        "Tax Rate For Calcs": 0.014793,
        "Normalized EBITDA": -91050000.0,
        "Net Income From Continuing Operation Net Minority Interest": -97101000.0,
        "Reconciled Depreciation": 10864000.0,
        "Reconciled Cost Of Revenue": 31368000.0,
        "EBITDA": -91050000.0,
        "EBIT": -101914000.0,
        "Net Interest Income": 3355000.0,
        "Interest Income": 3355000.0,
        "Normalized Income": -97101000.0,
        "Net Income From Continuing And Discontinued Operation": -97101000.0,
        "Total Expenses": 133020000.0,
        "Total Operating Income As Reported": -101914000.0,
        "Diluted Average Shares": 284817000.0,
        "Basic Average Shares": 284817000.0,
        "Diluted EPS": -0.34,
        "Basic EPS": -0.34,
        "Diluted NI Availto Com Stockholders": -97101000.0,
        "Net Income Common Stockholders": -97101000.0,
        "Net Income": -97101000.0,
        "Net Income Including Noncontrolling Interests": -97101000.0,
        "Net Income Continuous Operations": -97101000.0,
        "Tax Provision": -1458000.0,
        "Pretax Income": -98559000.0,
        "Net Non Operating Interest Income Expense": 3355000.0,
        "Interest Income Non Operating": 3355000.0,
        "Operating Income": -101914000.0,
        "Operating Expense": 101652000.0,
        "Research And Development": 62084000.0,
        "Selling General And Administration": 39568000.0,
        "General And Administrative Expense": NaN,
        "Other Gand A": NaN,
        "Gross Profit": -262000.0,
        "Cost Of Revenue": 31368000.0,
        "Total Revenue": 31106000.0,
        "Operating Revenue": 31106000.0
    }
}