{
    "2023-06-30": {
        "Tax Effect Of Unusual Items": 0.0,
        "Tax Rate For Calcs": 0.13,
        "Normalized EBITDA": 602000000.0,
        "Total Unusual Items": 0.0,
        "Total Unusual Items Excluding Goodwill": 0.0,
        "Net Income From Continuing Operation Net Minority Interest": 222000000.0,
        "Reconciled Depreciation": 244000000.0,
        "Reconciled Cost Of Revenue": 3360000000.0,
        "EBITDA": 602000000.0,
        "EBIT": 358000000.0,
        "Net Interest Income": -59000000.0,
        "Interest Expense": 103000000.0,
        "Interest Income": 44000000.0,
        "Normalized Income": 222000000.0,
        "Net Income From Continuing And Discontinued Operation": 235000000.0,
        "Total Expenses": 4356000000.0,
        "Diluted Average Shares": 346500000.0,
        "Basic Average Shares": 346200000.0,
        "Diluted EPS": 0.68,
        "Basic EPS": 0.68,
        "Diluted NI Availto Com Stockholders": 235000000.0,
        "Net Income Common Stockholders": 235000000.0,
        "Net Income": 235000000.0,
        "Net Income Including Noncontrolling Interests": 235000000.0,
        "Net Income Discontinuous Operations": 13000000.0,
        "Net Income Continuous Operations": 222000000.0,
        "Earnings From Equity Interest Net Of Tax": 0.0,
        "Tax Provision": 33000000.0,
        "Pretax Income": 255000000.0,
        "Other Income Expense": -12000000.0,
        "Other Non Operating Income Expenses": -12000000.0,
        "Special Income Charges": 0.0,
        "Gain On Sale Of Ppe": 0.0,
        "Restructuring And Mergern Acquisition": 0.0,
        "Net Non Operating Interest Income Expense": -59000000.0,
        "Interest Expense Non Operating": 103000000.0,
        "Interest Income Non Operating": 44000000.0,
        "Operating Income": 326000000.0,
        "Operating Expense": 996000000.0,
        "Other Taxes": 40000000.0,
        "Depreciation Amortization Depletion Income Statement": 244000000.0,
        "Depreciation And Amortization In Income Statement": 244000000.0,
        "Selling General And Administration": 712000000.0,
        "Selling And Marketing Expense": 376000000.0,
        "General And Administrative Expense": 336000000.0,
        "Other Gand A": 336000000.0,
        "Gross Profit": 1322000000.0,
        "Cost Of Revenue": 3360000000.0,
        "Total Revenue": 4682000000.0,
        "Operating Revenue": 4682000000.0
    },
    "2023-03-31": {
        "Tax Effect Of Unusual Items": NaN,
        "Tax Rate For Calcs": NaN,
        "Normalized EBITDA": NaN,
        "Total Unusual Items": NaN,
        "Total Unusual Items Excluding Goodwill": NaN,
        "Net Income From Continuing Operation Net Minority Interest": NaN,
        "Reconciled Depreciation": NaN,
        "Reconciled Cost Of Revenue": NaN,
        "EBITDA": NaN,
        "EBIT": NaN,
        "Net Interest Income": NaN,
        "Interest Expense": NaN,
        "Interest Income": NaN,
        "Normalized Income": NaN,
        "Net Income From Continuing And Discontinued Operation": NaN,
        "Total Expenses": NaN,
        "Diluted Average Shares": NaN,
        "Basic Average Shares": NaN,
        "Diluted EPS": NaN,
        "Basic EPS": NaN,
        "Diluted NI Availto Com Stockholders": NaN,
        "Net Income Common Stockholders": NaN,
        "Net Income": NaN,
        "Net Income Including Noncontrolling Interests": NaN,
        "Net Income Discontinuous Operations": NaN,
        "Net Income Continuous Operations": NaN,
        "Earnings From Equity Interest Net Of Tax": NaN,
        "Tax Provision": NaN,
        "Pretax Income": NaN,
        "Other Income Expense": NaN,
        "Other Non Operating Income Expenses": NaN,
        "Special Income Charges": NaN,
        "Gain On Sale Of Ppe": 0.0,
        "Restructuring And Mergern Acquisition": NaN,
        "Net Non Operating Interest Income Expense": NaN,
        "Interest Expense Non Operating": NaN,
        "Interest Income Non Operating": NaN,
        "Operating Income": NaN,
        "Operating Expense": NaN,
        "Other Taxes": NaN,
        "Depreciation Amortization Depletion Income Statement": NaN,
        "Depreciation And Amortization In Income Statement": NaN,
        "Selling General And Administration": NaN,
        "Selling And Marketing Expense": NaN,
        "General And Administrative Expense": NaN,
        "Other Gand A": NaN,
        "Gross Profit": NaN,
        "Cost Of Revenue": NaN,
        "Total Revenue": NaN,
        "Operating Revenue": NaN
    },
    "2022-12-31": {
        "Tax Effect Of Unusual Items": NaN,
        "Tax Rate For Calcs": NaN,
        "Normalized EBITDA": NaN,
        "Total Unusual Items": NaN,
        "Total Unusual Items Excluding Goodwill": NaN,
        "Net Income From Continuing Operation Net Minority Interest": NaN,
        "Reconciled Depreciation": NaN,
        "Reconciled Cost Of Revenue": NaN,
        "EBITDA": NaN,
        "EBIT": NaN,
        "Net Interest Income": NaN,
        "Interest Expense": NaN,
        "Interest Income": NaN,
        "Normalized Income": NaN,
        "Net Income From Continuing And Discontinued Operation": NaN,
        "Total Expenses": NaN,
        "Diluted Average Shares": NaN,
        "Basic Average Shares": NaN,
        "Diluted EPS": NaN,
        "Basic EPS": NaN,
        "Diluted NI Availto Com Stockholders": NaN,
        "Net Income Common Stockholders": NaN,
        "Net Income": NaN,
        "Minority Interests": 0.0,
        "Net Income Including Noncontrolling Interests": NaN,
        "Net Income Discontinuous Operations": NaN,
        "Net Income Continuous Operations": NaN,
        "Earnings From Equity Interest Net Of Tax": NaN,
        "Tax Provision": NaN,
        "Pretax Income": NaN,
        "Other Income Expense": NaN,
        "Other Non Operating Income Expenses": NaN,
        "Special Income Charges": NaN,
        "Gain On Sale Of Ppe": NaN,
        "Gain On Sale Of Business": -86000000.0,
        "Restructuring And Mergern Acquisition": NaN,
        "Gain On Sale Of Security": 0.0,
        "Net Non Operating Interest Income Expense": NaN,
        "Interest Expense Non Operating": NaN,
        "Interest Income Non Operating": NaN,
        "Operating Income": NaN,
        "Operating Expense": NaN,
        "Other Taxes": NaN,
        "Depreciation Amortization Depletion Income Statement": NaN,
        "Depreciation And Amortization In Income Statement": NaN,
        "Selling General And Administration": NaN,
        "Selling And Marketing Expense": NaN,
        "General And Administrative Expense": NaN,
        "Other Gand A": NaN,
        "Gross Profit": NaN,
        "Cost Of Revenue": NaN,
        "Total Revenue": NaN,
        "Operating Revenue": NaN
    },
    "2022-09-30": {
        "Tax Effect Of Unusual Items": NaN,
        "Tax Rate For Calcs": NaN,
        "Normalized EBITDA": NaN,
        "Total Unusual Items": NaN,
        "Total Unusual Items Excluding Goodwill": NaN,
        "Net Income From Continuing Operation Net Minority Interest": NaN,
        "Reconciled Depreciation": NaN,
        "Reconciled Cost Of Revenue": NaN,
        "EBITDA": NaN,
        "EBIT": NaN,
        "Net Interest Income": NaN,
        "Interest Expense": NaN,
        "Interest Income": NaN,
        "Normalized Income": NaN,
        "Net Income From Continuing And Discontinued Operation": NaN,
        "Total Expenses": NaN,
        "Diluted Average Shares": NaN,
        "Basic Average Shares": NaN,
        "Diluted EPS": NaN,
        "Basic EPS": NaN,
        "Diluted NI Availto Com Stockholders": NaN,
        "Net Income Common Stockholders": NaN,
        "Net Income": NaN,
        "Minority Interests": 0.0,
        "Net Income Including Noncontrolling Interests": NaN,
        "Net Income Discontinuous Operations": NaN,
        "Net Income Continuous Operations": NaN,
        "Earnings From Equity Interest Net Of Tax": NaN,
        "Tax Provision": NaN,
        "Pretax Income": NaN,
        "Other Income Expense": NaN,
        "Other Non Operating Income Expenses": NaN,
        "Special Income Charges": NaN,
        "Gain On Sale Of Ppe": NaN,
        "Gain On Sale Of Business": 0.0,
        "Other Special Charges": 93000000.0,
        "Restructuring And Mergern Acquisition": NaN,
        "Earnings From Equity Interest": 0.0,
        "Gain On Sale Of Security": 16000000.0,
        "Net Non Operating Interest Income Expense": NaN,
        "Interest Expense Non Operating": NaN,
        "Interest Income Non Operating": NaN,
        "Operating Income": NaN,
        "Operating Expense": NaN,
        "Other Taxes": NaN,
        "Depreciation Amortization Depletion Income Statement": NaN,
        "Depreciation And Amortization In Income Statement": NaN,
        "Selling General And Administration": NaN,
        "Selling And Marketing Expense": NaN,
        "General And Administrative Expense": NaN,
        "Other Gand A": NaN,
        "Gross Profit": NaN,
        "Cost Of Revenue": NaN,
        "Total Revenue": NaN,
        "Operating Revenue": NaN
    },
    "2022-06-30": {
        "Tax Effect Of Unusual Items": 570000.0,
        "Tax Rate For Calcs": 0.19,
        "Normalized EBITDA": 852000000.0,
        "Total Unusual Items": 3000000.0,
        "Total Unusual Items Excluding Goodwill": 3000000.0,
        "Net Income From Continuing Operation Net Minority Interest": 511000000.0,
        "Reconciled Depreciation": 267000000.0,
        "Reconciled Cost Of Revenue": 3806000000.0,
        "EBITDA": 855000000.0,
        "EBIT": 588000000.0,
        "Net Interest Income": -74000000.0,
        "Interest Expense": 74000000.0,
        "Interest Income": 9000000.0,
        "Normalized Income": 508570000.0,
        "Net Income From Continuing And Discontinued Operation": 511000000.0,
        "Total Expenses": 4851000000.0,
        "Diluted Average Shares": 370700000.0,
        "Basic Average Shares": 367625899.0,
        "Diluted EPS": 1.38,
        "Basic EPS": 1.39,
        "Diluted NI Availto Com Stockholders": 511000000.0,
        "Net Income Common Stockholders": 511000000.0,
        "Net Income": 511000000.0,
        "Minority Interests": 0.0,
        "Net Income Including Noncontrolling Interests": 511000000.0,
        "Net Income Discontinuous Operations": 0.0,
        "Net Income Continuous Operations": 511000000.0,
        "Earnings From Equity Interest Net Of Tax": 93000000.0,
        "Tax Provision": 96000000.0,
        "Pretax Income": 514000000.0,
        "Other Income Expense": 50000000.0,
        "Other Non Operating Income Expenses": 47000000.0,
        "Special Income Charges": 0.0,
        "Gain On Sale Of Business": 0.0,
        "Other Special Charges": NaN,
        "Restructuring And Mergern Acquisition": 0.0,
        "Earnings From Equity Interest": NaN,
        "Gain On Sale Of Security": 3000000.0,
        "Net Non Operating Interest Income Expense": -74000000.0,
        "Interest Expense Non Operating": 74000000.0,
        "Interest Income Non Operating": 9000000.0,
        "Operating Income": 538000000.0,
        "Operating Expense": 1045000000.0,
        "Other Taxes": 36000000.0,
        "Depreciation Amortization Depletion Income Statement": 267000000.0,
        "Depreciation And Amortization In Income Statement": 267000000.0,
        "Amortization": 11000000.0,
        "Amortization Of Intangibles Income Statement": 11000000.0,
        "Depreciation Income Statement": 256000000.0,
        "Selling General And Administration": 742000000.0,
        "Selling And Marketing Expense": 742000000.0,
        "Gross Profit": 1583000000.0,
        "Cost Of Revenue": 3806000000.0,
        "Total Revenue": 5389000000.0,
        "Operating Revenue": 5389000000.0
    },
    "2023-09-30": {
        "Tax Effect Of Unusual Items": 0.0,
        "Tax Rate For Calcs": 0.17,
        "Normalized EBITDA": 595000000.0,
        "Total Unusual Items": 0.0,
        "Total Unusual Items Excluding Goodwill": 0.0,
        "Net Income From Continuing Operation Net Minority Interest": 192000000.0,
        "Reconciled Depreciation": 258000000.0,
        "Reconciled Cost Of Revenue": 3345000000.0,
        "EBITDA": 595000000.0,
        "EBIT": 337000000.0,
        "Net Interest Income": -58000000.0,
        "Interest Expense": 105000000.0,
        "Interest Income": 47000000.0,
        "Normalized Income": 192000000.0,
        "Net Income From Continuing And Discontinued Operation": 165000000.0,
        "Total Expenses": 4310000000.0,
        "Diluted Average Shares": 348100000.0,
        "Basic Average Shares": 346000000.0,
        "Diluted EPS": 0.47,
        "Basic EPS": 0.47,
        "Diluted NI Availto Com Stockholders": 165000000.0,
        "Net Income Common Stockholders": 165000000.0,
        "Net Income": 165000000.0,
        "Net Income Including Noncontrolling Interests": 165000000.0,
        "Net Income Discontinuous Operations": -27000000.0,
        "Net Income Continuous Operations": 192000000.0,
        "Earnings From Equity Interest Net Of Tax": -1000000.0,
        "Tax Provision": 39000000.0,
        "Pretax Income": 232000000.0,
        "Other Income Expense": -13000000.0,
        "Other Non Operating Income Expenses": -13000000.0,
        "Special Income Charges": 0.0,
        "Gain On Sale Of Ppe": NaN,
        "Restructuring And Mergern Acquisition": 0.0,
        "Net Non Operating Interest Income Expense": -58000000.0,
        "Interest Expense Non Operating": 105000000.0,
        "Interest Income Non Operating": 47000000.0,
        "Operating Income": 303000000.0,
        "Operating Expense": 965000000.0,
        "Other Taxes": 39000000.0,
        "Depreciation Amortization Depletion Income Statement": 258000000.0,
        "Depreciation And Amortization In Income Statement": 258000000.0,
        "Selling General And Administration": 668000000.0,
        "Selling And Marketing Expense": 382000000.0,
        "General And Administrative Expense": 286000000.0,
        "Other Gand A": 286000000.0,
        "Gross Profit": 1268000000.0,
        "Cost Of Revenue": 3345000000.0,
        "Total Revenue": 4613000000.0,
        "Operating Revenue": 4613000000.0
    },
    "2023-12-31": {
        "Tax Effect Of Unusual Items": -18524539.877301,
        "Tax Rate For Calcs": 0.187117,
        "Normalized EBITDA": 572000000.0,
        "Total Unusual Items": -99000000.0,
        "Total Unusual Items Excluding Goodwill": -99000000.0,
        "Net Income From Continuing Operation Net Minority Interest": -284000000.0,
        "Reconciled Depreciation": 689000000.0,
        "Reconciled Cost Of Revenue": 3282000000.0,
        "EBITDA": 473000000.0,
        "EBIT": -216000000.0,
        "Net Interest Income": -52000000.0,
        "Interest Expense": 110000000.0,
        "Interest Income": 58000000.0,
        "Normalized Income": -203524539.877301,
        "Net Income From Continuing And Discontinued Operation": -284000000.0,
        "Total Expenses": 4762000000.0,
        "Diluted Average Shares": 346341463.0,
        "Basic Average Shares": 346341463.0,
        "Diluted EPS": -0.82,
        "Basic EPS": -0.82,
        "Diluted NI Availto Com Stockholders": -284000000.0,
        "Net Income Common Stockholders": -284000000.0,
        "Net Income": -284000000.0,
        "Net Income Including Noncontrolling Interests": -284000000.0,
        "Net Income Discontinuous Operations": 0.0,
        "Net Income Continuous Operations": -284000000.0,
        "Earnings From Equity Interest Net Of Tax": -19000000.0,
        "Tax Provision": -61000000.0,
        "Pretax Income": -326000000.0,
        "Other Income Expense": -113000000.0,
        "Other Non Operating Income Expenses": -14000000.0,
        "Special Income Charges": -99000000.0,
        "Gain On Sale Of Ppe": NaN,
        "Restructuring And Mergern Acquisition": 57000000.0,
        "Net Non Operating Interest Income Expense": -52000000.0,
        "Interest Expense Non Operating": 110000000.0,
        "Interest Income Non Operating": 58000000.0,
        "Operating Income": -161000000.0,
        "Operating Expense": 1480000000.0,
        "Other Taxes": 39000000.0,
        "Depreciation Amortization Depletion Income Statement": 689000000.0,
        "Depreciation And Amortization In Income Statement": 689000000.0,
        "Selling General And Administration": 752000000.0,
        "Selling And Marketing Expense": 395000000.0,
        "General And Administrative Expense": 357000000.0,
        "Other Gand A": 357000000.0,
        "Gross Profit": 1319000000.0,
        "Cost Of Revenue": 3282000000.0,
        "Total Revenue": 4601000000.0,
        "Operating Revenue": 4601000000.0
    },
    "2024-03-31": {
        "Tax Effect Of Unusual Items": -1520000.0,
        "Tax Rate For Calcs": 0.19,
        "Normalized EBITDA": 480000000.0,
        "Total Unusual Items": -8000000.0,
        "Total Unusual Items Excluding Goodwill": -8000000.0,
        "Net Income From Continuing Operation Net Minority Interest": 56000000.0,
        "Reconciled Depreciation": 278000000.0,
        "Reconciled Cost Of Revenue": 3424000000.0,
        "EBITDA": 472000000.0,
        "EBIT": 194000000.0,
        "Net Interest Income": -46000000.0,
        "Interest Expense": 109000000.0,
        "Interest Income": 63000000.0,
        "Normalized Income": 62480000.0,
        "Net Income From Continuing And Discontinued Operation": 56000000.0,
        "Total Expenses": 4492000000.0,
        "Diluted Average Shares": 348500000.0,
        "Basic Average Shares": 346700000.0,
        "Diluted EPS": 0.16,
        "Basic EPS": 0.16,
        "Diluted NI Availto Com Stockholders": 56000000.0,
        "Net Income Common Stockholders": 56000000.0,
        "Net Income": 56000000.0,
        "Net Income Including Noncontrolling Interests": 56000000.0,
        "Net Income Discontinuous Operations": 0.0,
        "Net Income Continuous Operations": 56000000.0,
        "Earnings From Equity Interest Net Of Tax": -2000000.0,
        "Tax Provision": 27000000.0,
        "Pretax Income": 85000000.0,
        "Other Income Expense": 4000000.0,
        "Other Non Operating Income Expenses": 12000000.0,
        "Special Income Charges": -8000000.0,
        "Gain On Sale Of Ppe": -5000000.0,
        "Restructuring And Mergern Acquisition": 3000000.0,
        "Net Non Operating Interest Income Expense": -46000000.0,
        "Interest Expense Non Operating": 109000000.0,
        "Interest Income Non Operating": 63000000.0,
        "Operating Income": 127000000.0,
        "Operating Expense": 1068000000.0,
        "Other Taxes": 41000000.0,
        "Depreciation Amortization Depletion Income Statement": 278000000.0,
        "Depreciation And Amortization In Income Statement": 278000000.0,
        "Selling General And Administration": 749000000.0,
        "Selling And Marketing Expense": 391000000.0,
        "General And Administrative Expense": 358000000.0,
        "Other Gand A": 358000000.0,
        "Gross Profit": 1195000000.0,
        "Cost Of Revenue": 3424000000.0,
        "Total Revenue": 4619000000.0,
        "Operating Revenue": 4619000000.0
    },
    "2024-06-30": {
        "Tax Effect Of Unusual Items": 1050000.0,
        "Tax Rate For Calcs": 0.21,
        "Normalized EBITDA": 569000000.0,
        "Total Unusual Items": 5000000.0,
        "Total Unusual Items Excluding Goodwill": 5000000.0,
        "Net Income From Continuing Operation Net Minority Interest": 498000000.0,
        "Reconciled Depreciation": 261000000.0,
        "Reconciled Cost Of Revenue": 3360000000.0,
        "EBITDA": 574000000.0,
        "EBIT": 313000000.0,
        "Net Interest Income": -55000000.0,
        "Interest Expense": 107000000.0,
        "Interest Income": 52000000.0,
        "Normalized Income": 494050000.0,
        "Net Income From Continuing And Discontinued Operation": 498000000.0,
        "Total Expenses": 4488000000.0,
        "Diluted Average Shares": 352800000.0,
        "Basic Average Shares": 347300000.0,
        "Diluted EPS": 1.41,
        "Basic EPS": 1.43,
        "Diluted NI Availto Com Stockholders": 498000000.0,
        "Net Income Common Stockholders": 498000000.0,
        "Net Income": 498000000.0,
        "Net Income Including Noncontrolling Interests": 498000000.0,
        "Net Income Discontinuous Operations": 0.0,
        "Net Income Continuous Operations": 498000000.0,
        "Earnings From Equity Interest Net Of Tax": -1000000.0,
        "Tax Provision": -293000000.0,
        "Pretax Income": 206000000.0,
        "Other Income Expense": 15000000.0,
        "Other Non Operating Income Expenses": 10000000.0,
        "Special Income Charges": 5000000.0,
        "Gain On Sale Of Ppe": 5000000.0,
        "Restructuring And Mergern Acquisition": 0.0,
        "Net Non Operating Interest Income Expense": -55000000.0,
        "Interest Expense Non Operating": 107000000.0,
        "Interest Income Non Operating": 52000000.0,
        "Operating Income": 246000000.0,
        "Operating Expense": 1128000000.0,
        "Other Taxes": 35000000.0,
        "Depreciation Amortization Depletion Income Statement": 261000000.0,
        "Depreciation And Amortization In Income Statement": 261000000.0,
        "Selling General And Administration": 832000000.0,
        "Selling And Marketing Expense": 379000000.0,
        "General And Administrative Expense": 453000000.0,
        "Other Gand A": 453000000.0,
        "Gross Profit": 1374000000.0,
        "Cost Of Revenue": 3360000000.0,
        "Total Revenue": 4734000000.0,
        "Operating Revenue": 4734000000.0
    }
}