{
    "2023-03-31": {
        "Tax Effect Of Unusual Items": NaN,
        "Tax Rate For Calcs": NaN,
        "Normalized EBITDA": NaN,
        "Total Unusual Items": 0.0,
        "Total Unusual Items Excluding Goodwill": 0.0,
        "Net Income From Continuing Operation Net Minority Interest": NaN,
        "Reconciled Depreciation": NaN,
        "EBITDA": NaN,
        "EBIT": NaN,
        "Net Interest Income": NaN,
        "Interest Expense": NaN,
        "Interest Income": NaN,
        "Normalized Income": NaN,
        "Net Income From Continuing And Discontinued Operation": NaN,
        "Total Expenses": NaN,
        "Total Operating Income As Reported": NaN,
        "Diluted Average Shares": 58610375.0,
        "Basic Average Shares": 58610375.0,
        "Diluted EPS": -0.53,
        "Basic EPS": -0.53,
        "Diluted NI Availto Com Stockholders": NaN,
        "Net Income Common Stockholders": NaN,
        "Net Income": NaN,
        "Net Income Including Noncontrolling Interests": NaN,
        "Net Income Continuous Operations": NaN,
        "Tax Provision": NaN,
        "Pretax Income": NaN,
        "Other Income Expense": NaN,
        "Other Non Operating Income Expenses": NaN,
        "Special Income Charges": 0.0,
        "Other Special Charges": NaN,
        "Impairment Of Capital Assets": NaN,
        "Net Non Operating Interest Income Expense": NaN,
        "Total Other Finance Cost": 56000.0,
        "Interest Expense Non Operating": NaN,
        "Interest Income Non Operating": NaN,
        "Operating Income": NaN,
        "Operating Expense": NaN,
        "Research And Development": NaN,
        "Selling General And Administration": NaN,
        "General And Administrative Expense": NaN,
        "Other Gand A": NaN,
        "Total Revenue": NaN,
        "Operating Revenue": NaN
    },
    "2022-12-31": {
        "Tax Effect Of Unusual Items": NaN,
        "Tax Rate For Calcs": NaN,
        "Normalized EBITDA": NaN,
        "Total Unusual Items": NaN,
        "Total Unusual Items Excluding Goodwill": NaN,
        "Net Income From Continuing Operation Net Minority Interest": NaN,
        "Reconciled Depreciation": NaN,
        "EBITDA": NaN,
        "EBIT": NaN,
        "Net Interest Income": NaN,
        "Interest Expense": NaN,
        "Interest Income": NaN,
        "Normalized Income": NaN,
        "Net Income From Continuing And Discontinued Operation": NaN,
        "Total Expenses": NaN,
        "Total Operating Income As Reported": NaN,
        "Diluted Average Shares": NaN,
        "Basic Average Shares": NaN,
        "Diluted EPS": NaN,
        "Basic EPS": NaN,
        "Diluted NI Availto Com Stockholders": NaN,
        "Net Income Common Stockholders": NaN,
        "Net Income": NaN,
        "Net Income Including Noncontrolling Interests": NaN,
        "Net Income Continuous Operations": NaN,
        "Tax Provision": NaN,
        "Pretax Income": NaN,
        "Other Income Expense": NaN,
        "Other Non Operating Income Expenses": NaN,
        "Special Income Charges": NaN,
        "Other Special Charges": 0.0,
        "Impairment Of Capital Assets": NaN,
        "Net Non Operating Interest Income Expense": NaN,
        "Total Other Finance Cost": 69000.0,
        "Interest Expense Non Operating": NaN,
        "Interest Income Non Operating": NaN,
        "Operating Income": NaN,
        "Operating Expense": NaN,
        "Research And Development": NaN,
        "Selling General And Administration": NaN,
        "General And Administrative Expense": NaN,
        "Other Gand A": NaN,
        "Total Revenue": NaN,
        "Operating Revenue": NaN
    },
    "2022-09-30": {
        "Tax Effect Of Unusual Items": NaN,
        "Tax Rate For Calcs": NaN,
        "Normalized EBITDA": NaN,
        "Total Unusual Items": NaN,
        "Total Unusual Items Excluding Goodwill": NaN,
        "Net Income From Continuing Operation Net Minority Interest": NaN,
        "Reconciled Depreciation": NaN,
        "EBITDA": NaN,
        "EBIT": NaN,
        "Net Interest Income": NaN,
        "Interest Expense": NaN,
        "Interest Income": NaN,
        "Normalized Income": NaN,
        "Net Income From Continuing And Discontinued Operation": NaN,
        "Total Expenses": NaN,
        "Total Operating Income As Reported": NaN,
        "Diluted Average Shares": 57973541.0,
        "Basic Average Shares": 57973541.0,
        "Diluted EPS": -0.53,
        "Basic EPS": -0.53,
        "Diluted NI Availto Com Stockholders": NaN,
        "Net Income Common Stockholders": NaN,
        "Net Income": NaN,
        "Net Income Including Noncontrolling Interests": NaN,
        "Net Income Continuous Operations": NaN,
        "Tax Provision": NaN,
        "Pretax Income": NaN,
        "Other Income Expense": NaN,
        "Other Non Operating Income Expenses": NaN,
        "Special Income Charges": NaN,
        "Other Special Charges": NaN,
        "Impairment Of Capital Assets": 0.0,
        "Net Non Operating Interest Income Expense": NaN,
        "Total Other Finance Cost": 77000.0,
        "Interest Expense Non Operating": NaN,
        "Interest Income Non Operating": NaN,
        "Operating Income": NaN,
        "Operating Expense": NaN,
        "Research And Development": NaN,
        "Selling General And Administration": NaN,
        "General And Administrative Expense": NaN,
        "Other Gand A": NaN,
        "Total Revenue": NaN,
        "Operating Revenue": NaN
    },
    "2022-06-30": {
        "Tax Effect Of Unusual Items": 0.0,
        "Tax Rate For Calcs": 0.4,
        "Normalized EBITDA": -29048000.0,
        "Total Unusual Items": NaN,
        "Total Unusual Items Excluding Goodwill": NaN,
        "Net Income From Continuing Operation Net Minority Interest": -30988000.0,
        "Reconciled Depreciation": 1668000.0,
        "EBITDA": -29048000.0,
        "EBIT": -30716000.0,
        "Net Interest Income": 381000.0,
        "Interest Expense": 254000.0,
        "Interest Income": 711000.0,
        "Normalized Income": -30988000.0,
        "Net Income From Continuing And Discontinued Operation": -30988000.0,
        "Total Expenses": 32747000.0,
        "Total Operating Income As Reported": -31351000.0,
        "Diluted Average Shares": 57685006.0,
        "Basic Average Shares": 57685006.0,
        "Diluted EPS": -0.54,
        "Basic EPS": -0.54,
        "Diluted NI Availto Com Stockholders": -30988000.0,
        "Net Income Common Stockholders": -30988000.0,
        "Net Income": -30988000.0,
        "Net Income Including Noncontrolling Interests": -30988000.0,
        "Net Income Continuous Operations": -30988000.0,
        "Tax Provision": 18000.0,
        "Pretax Income": -30970000.0,
        "Other Income Expense": NaN,
        "Other Non Operating Income Expenses": NaN,
        "Special Income Charges": NaN,
        "Impairment Of Capital Assets": NaN,
        "Net Non Operating Interest Income Expense": 381000.0,
        "Total Other Finance Cost": 76000.0,
        "Interest Expense Non Operating": 254000.0,
        "Interest Income Non Operating": 711000.0,
        "Operating Income": -31351000.0,
        "Operating Expense": 32747000.0,
        "Research And Development": 24494000.0,
        "Selling General And Administration": 8253000.0,
        "General And Administrative Expense": 8253000.0,
        "Other Gand A": 8253000.0,
        "Total Revenue": 1396000.0,
        "Operating Revenue": 1396000.0
    },
    "2022-03-31": {
        "Diluted EPS": -0.66,
        "Total Revenue": 1,
        "Gross Profit": 1,
        "Operating Income": -37,
        "EBIT": -36,
        "Net Income": -38
    },
    "2021-12-31": {
        "Diluted EPS": 1.84,
        "Total Revenue": NaN,
        "Gross Profit": NaN,
        "Operating Income": -28,
        "EBIT": -27,
        "Net Income": -28
    },
    "2021-09-30": {
        "Diluted EPS": -0.48,
        "Total Revenue": NaN,
        "Gross Profit": NaN,
        "Operating Income": -26,
        "EBIT": -25,
        "Net Income": -26
    },
    "2021-06-30": {
        "Diluted EPS": -1.93,
        "Total Revenue": NaN,
        "Gross Profit": NaN,
        "Operating Income": -23,
        "EBIT": -22,
        "Net Income": -23
    },
    "2021-03-31": {
        "Diluted EPS": -2.39,
        "Total Revenue": NaN,
        "Gross Profit": NaN,
        "Operating Income": -18,
        "EBIT": -17,
        "Net Income": -18
    },
    "2020-12-31": {
        "Diluted EPS": 0.0,
        "Total Revenue": NaN,
        "Gross Profit": NaN,
        "Operating Income": NaN,
        "EBIT": NaN,
        "Net Income": NaN
    },
    "2020-09-30": {
        "Diluted EPS": -1.75,
        "Total Revenue": NaN,
        "Gross Profit": NaN,
        "Operating Income": -13,
        "EBIT": -13,
        "Net Income": -13
    },
    "2020-06-30": {
        "Diluted EPS": -2.05,
        "Total Revenue": NaN,
        "Gross Profit": NaN,
        "Operating Income": -16,
        "EBIT": -16,
        "Net Income": -15
    },
    "2023-06-30": {
        "Tax Effect Of Unusual Items": -886200.0,
        "Tax Rate For Calcs": 0.21,
        "Normalized EBITDA": -24751000.0,
        "Total Unusual Items": -4220000.0,
        "Total Unusual Items Excluding Goodwill": -4220000.0,
        "Net Income From Continuing Operation Net Minority Interest": -33291000.0,
        "Reconciled Depreciation": 3234000.0,
        "EBITDA": -28971000.0,
        "EBIT": -32205000.0,
        "Net Interest Income": 2922000.0,
        "Interest Expense": 136000.0,
        "Interest Income": 3058000.0,
        "Normalized Income": -29957200.0,
        "Net Income From Continuing And Discontinued Operation": -33291000.0,
        "Total Expenses": 30956000.0,
        "Total Operating Income As Reported": -35077000.0,
        "Diluted Average Shares": 59251363.0,
        "Basic Average Shares": 59251363.0,
        "Diluted EPS": -0.56,
        "Basic EPS": -0.56,
        "Diluted NI Availto Com Stockholders": -33291000.0,
        "Net Income Common Stockholders": -33291000.0,
        "Net Income": -33291000.0,
        "Net Income Including Noncontrolling Interests": -33291000.0,
        "Net Income Continuous Operations": -33291000.0,
        "Tax Provision": 950000.0,
        "Pretax Income": -32341000.0,
        "Other Income Expense": -4406000.0,
        "Other Non Operating Income Expenses": -186000.0,
        "Special Income Charges": -4220000.0,
        "Other Special Charges": NaN,
        "Impairment Of Capital Assets": 4220000.0,
        "Net Non Operating Interest Income Expense": 2922000.0,
        "Total Other Finance Cost": NaN,
        "Interest Expense Non Operating": 136000.0,
        "Interest Income Non Operating": 3058000.0,
        "Operating Income": -30857000.0,
        "Operating Expense": 30956000.0,
        "Research And Development": 22727000.0,
        "Selling General And Administration": 8229000.0,
        "General And Administrative Expense": 8229000.0,
        "Other Gand A": 8229000.0,
        "Total Revenue": 99000.0,
        "Operating Revenue": 99000.0
    },
    "2023-09-30": {
        "Tax Effect Of Unusual Items": -840000.0,
        "Tax Rate For Calcs": 0.21,
        "Normalized EBITDA": -24778000.0,
        "Total Unusual Items": -4000000.0,
        "Total Unusual Items Excluding Goodwill": -4000000.0,
        "Net Income From Continuing Operation Net Minority Interest": -32720000.0,
        "Reconciled Depreciation": 3350000.0,
        "EBITDA": -28778000.0,
        "EBIT": -32128000.0,
        "Net Interest Income": 3486000.0,
        "Interest Expense": 0.0,
        "Interest Income": 3486000.0,
        "Normalized Income": -29560000.0,
        "Net Income From Continuing And Discontinued Operation": -32720000.0,
        "Total Expenses": 31774000.0,
        "Total Operating Income As Reported": -35626000.0,
        "Diluted Average Shares": 59448229.0,
        "Basic Average Shares": 59448229.0,
        "Diluted EPS": -0.55,
        "Basic EPS": -0.55,
        "Diluted NI Availto Com Stockholders": -32720000.0,
        "Net Income Common Stockholders": -32720000.0,
        "Net Income": -32720000.0,
        "Net Income Including Noncontrolling Interests": -32720000.0,
        "Net Income Continuous Operations": -32720000.0,
        "Tax Provision": 592000.0,
        "Pretax Income": -32128000.0,
        "Other Income Expense": -3988000.0,
        "Other Non Operating Income Expenses": 12000.0,
        "Special Income Charges": -4000000.0,
        "Other Special Charges": 4000000.0,
        "Impairment Of Capital Assets": 0.0,
        "Net Non Operating Interest Income Expense": 3486000.0,
        "Total Other Finance Cost": NaN,
        "Interest Expense Non Operating": 0.0,
        "Interest Income Non Operating": 3486000.0,
        "Operating Income": -31626000.0,
        "Operating Expense": 31774000.0,
        "Research And Development": 22788000.0,
        "Selling General And Administration": 8986000.0,
        "General And Administrative Expense": 8986000.0,
        "Other Gand A": 8986000.0,
        "Total Revenue": 148000.0,
        "Operating Revenue": 148000.0
    },
    "2023-12-31": {
        "Tax Effect Of Unusual Items": -283681.550649,
        "Tax Rate For Calcs": 0.021581,
        "Normalized EBITDA": -23570000.0,
        "Total Unusual Items": -13145000.0,
        "Total Unusual Items Excluding Goodwill": -13145000.0,
        "Net Income From Continuing Operation Net Minority Interest": -39398000.0,
        "Reconciled Depreciation": 3552000.0,
        "EBITDA": -36715000.0,
        "EBIT": -40267000.0,
        "Net Interest Income": 3510000.0,
        "Interest Expense": 0.0,
        "Interest Income": 3510000.0,
        "Normalized Income": -26536681.550649,
        "Net Income From Continuing And Discontinued Operation": -39398000.0,
        "Total Expenses": 30885000.0,
        "Total Operating Income As Reported": -43762000.0,
        "Diluted Average Shares": NaN,
        "Basic Average Shares": NaN,
        "Diluted EPS": NaN,
        "Basic EPS": NaN,
        "Diluted NI Availto Com Stockholders": -39398000.0,
        "Net Income Common Stockholders": -39398000.0,
        "Net Income": -39398000.0,
        "Net Income Including Noncontrolling Interests": -39398000.0,
        "Net Income Continuous Operations": -39398000.0,
        "Tax Provision": -869000.0,
        "Pretax Income": -40267000.0,
        "Other Income Expense": -13160000.0,
        "Other Non Operating Income Expenses": -15000.0,
        "Special Income Charges": -13145000.0,
        "Other Special Charges": 1000000.0,
        "Impairment Of Capital Assets": 12145000.0,
        "Net Non Operating Interest Income Expense": 3510000.0,
        "Total Other Finance Cost": NaN,
        "Interest Expense Non Operating": 0.0,
        "Interest Income Non Operating": 3510000.0,
        "Operating Income": -30617000.0,
        "Operating Expense": 30885000.0,
        "Research And Development": 22296000.0,
        "Selling General And Administration": 8589000.0,
        "General And Administrative Expense": 8589000.0,
        "Other Gand A": 8589000.0,
        "Total Revenue": 268000.0,
        "Operating Revenue": 268000.0
    },
    "2024-03-31": {
        "Tax Effect Of Unusual Items": 0.0,
        "Tax Rate For Calcs": 0.21,
        "Normalized EBITDA": -24835000.0,
        "Total Unusual Items": NaN,
        "Total Unusual Items Excluding Goodwill": NaN,
        "Net Income From Continuing Operation Net Minority Interest": -28062000.0,
        "Reconciled Depreciation": 3226000.0,
        "EBITDA": -24835000.0,
        "EBIT": -28061000.0,
        "Net Interest Income": 3237000.0,
        "Interest Expense": 0.0,
        "Interest Income": 3237000.0,
        "Normalized Income": -28062000.0,
        "Net Income From Continuing And Discontinued Operation": -28062000.0,
        "Total Expenses": 32164000.0,
        "Total Operating Income As Reported": -31309000.0,
        "Diluted Average Shares": 62296637.0,
        "Basic Average Shares": 62296637.0,
        "Diluted EPS": -0.45,
        "Basic EPS": -0.45,
        "Diluted NI Availto Com Stockholders": -28062000.0,
        "Net Income Common Stockholders": -28062000.0,
        "Net Income": -28062000.0,
        "Net Income Including Noncontrolling Interests": -28062000.0,
        "Net Income Continuous Operations": -28062000.0,
        "Tax Provision": 1000.0,
        "Pretax Income": -28061000.0,
        "Other Income Expense": 11000.0,
        "Other Non Operating Income Expenses": 11000.0,
        "Special Income Charges": NaN,
        "Other Special Charges": NaN,
        "Impairment Of Capital Assets": NaN,
        "Net Non Operating Interest Income Expense": 3237000.0,
        "Total Other Finance Cost": NaN,
        "Interest Expense Non Operating": 0.0,
        "Interest Income Non Operating": 3237000.0,
        "Operating Income": -31309000.0,
        "Operating Expense": 32164000.0,
        "Research And Development": 23421000.0,
        "Selling General And Administration": 8743000.0,
        "General And Administrative Expense": 8743000.0,
        "Other Gand A": 8743000.0,
        "Total Revenue": 855000.0,
        "Operating Revenue": 855000.0
    },
    "2024-06-30": {
        "Tax Effect Of Unusual Items": 0.0,
        "Tax Rate For Calcs": 0.21,
        "Normalized EBITDA": -27723000.0,
        "Total Unusual Items": 0.0,
        "Total Unusual Items Excluding Goodwill": 0.0,
        "Net Income From Continuing Operation Net Minority Interest": -31207000.0,
        "Reconciled Depreciation": 3462000.0,
        "EBITDA": -27723000.0,
        "EBIT": -31185000.0,
        "Net Interest Income": 3582000.0,
        "Interest Expense": 0.0,
        "Interest Income": 3582000.0,
        "Normalized Income": -31207000.0,
        "Net Income From Continuing And Discontinued Operation": -31207000.0,
        "Total Expenses": 35526000.0,
        "Total Operating Income As Reported": -34755000.0,
        "Diluted Average Shares": 82092167.0,
        "Basic Average Shares": 82092167.0,
        "Diluted EPS": -0.38,
        "Basic EPS": -0.38,
        "Diluted NI Availto Com Stockholders": -31207000.0,
        "Net Income Common Stockholders": -31207000.0,
        "Net Income": -31207000.0,
        "Net Income Including Noncontrolling Interests": -31207000.0,
        "Net Income Continuous Operations": -31207000.0,
        "Tax Provision": 22000.0,
        "Pretax Income": -31185000.0,
        "Other Income Expense": -12000.0,
        "Other Non Operating Income Expenses": -12000.0,
        "Special Income Charges": 0.0,
        "Other Special Charges": NaN,
        "Impairment Of Capital Assets": 0.0,
        "Net Non Operating Interest Income Expense": 3582000.0,
        "Total Other Finance Cost": NaN,
        "Interest Expense Non Operating": 0.0,
        "Interest Income Non Operating": 3582000.0,
        "Operating Income": -34755000.0,
        "Operating Expense": 35526000.0,
        "Research And Development": 27220000.0,
        "Selling General And Administration": 8306000.0,
        "General And Administrative Expense": 8306000.0,
        "Other Gand A": 8306000.0,
        "Total Revenue": 771000.0,
        "Operating Revenue": 771000.0
    }
}