{
    "2023-03-31": {
        "Tax Effect Of Unusual Items": 0.0,
        "Tax Rate For Calcs": 0.0,
        "Normalized EBITDA": -2570911.0,
        "Net Income From Continuing Operation Net Minority Interest": -2527985.0,
        "Reconciled Depreciation": 68376.0,
        "Reconciled Cost Of Revenue": 664.0,
        "EBITDA": -2570911.0,
        "EBIT": -2639287.0,
        "Net Interest Income": 111302.0,
        "Interest Income": 111302.0,
        "Normalized Income": -2527985.0,
        "Net Income From Continuing And Discontinued Operation": -2527985.0,
        "Total Expenses": 2639951.0,
        "Total Operating Income As Reported": -2639287.0,
        "Diluted Average Shares": 6178508.0,
        "Basic Average Shares": 6178508.0,
        "Diluted EPS": -0.41,
        "Basic EPS": -0.41,
        "Diluted NI Availto Com Stockholders": -2527985.0,
        "Net Income Common Stockholders": -2527985.0,
        "Net Income": -2527985.0,
        "Net Income Including Noncontrolling Interests": -2527985.0,
        "Net Income Continuous Operations": -2527985.0,
        "Pretax Income": -2527985.0,
        "Net Non Operating Interest Income Expense": 111302.0,
        "Total Other Finance Cost": -111302.0,
        "Interest Income Non Operating": 111302.0,
        "Operating Income": -2639287.0,
        "Operating Expense": 2639287.0,
        "Research And Development": 1440028.0,
        "Selling General And Administration": 1199259.0,
        "Selling And Marketing Expense": 304326.0,
        "General And Administrative Expense": 894933.0,
        "Other Gand A": 894933.0,
        "Gross Profit": 0.0,
        "Cost Of Revenue": 664.0,
        "Total Revenue": 664.0,
        "Operating Revenue": 664.0
    },
    "2022-12-31": {
        "Tax Effect Of Unusual Items": NaN,
        "Tax Rate For Calcs": NaN,
        "Normalized EBITDA": NaN,
        "Total Unusual Items": 0.0,
        "Total Unusual Items Excluding Goodwill": 0.0,
        "Net Income From Continuing Operation Net Minority Interest": NaN,
        "Reconciled Depreciation": NaN,
        "Reconciled Cost Of Revenue": NaN,
        "EBITDA": NaN,
        "EBIT": NaN,
        "Net Interest Income": NaN,
        "Interest Income": NaN,
        "Normalized Income": NaN,
        "Net Income From Continuing And Discontinued Operation": NaN,
        "Total Expenses": NaN,
        "Total Operating Income As Reported": NaN,
        "Diluted Average Shares": NaN,
        "Basic Average Shares": NaN,
        "Diluted EPS": NaN,
        "Basic EPS": NaN,
        "Diluted NI Availto Com Stockholders": NaN,
        "Net Income Common Stockholders": NaN,
        "Net Income": NaN,
        "Net Income Including Noncontrolling Interests": NaN,
        "Net Income Continuous Operations": NaN,
        "Pretax Income": NaN,
        "Special Income Charges": 0.0,
        "Net Non Operating Interest Income Expense": NaN,
        "Total Other Finance Cost": -98366.0,
        "Interest Income Non Operating": NaN,
        "Operating Income": NaN,
        "Operating Expense": NaN,
        "Research And Development": NaN,
        "Selling General And Administration": NaN,
        "Selling And Marketing Expense": NaN,
        "General And Administrative Expense": NaN,
        "Other Gand A": NaN,
        "Gross Profit": NaN,
        "Cost Of Revenue": NaN,
        "Total Revenue": NaN,
        "Operating Revenue": NaN
    },
    "2022-09-30": {
        "Tax Effect Of Unusual Items": NaN,
        "Tax Rate For Calcs": NaN,
        "Normalized EBITDA": NaN,
        "Total Unusual Items": 0.0,
        "Total Unusual Items Excluding Goodwill": 0.0,
        "Net Income From Continuing Operation Net Minority Interest": NaN,
        "Reconciled Depreciation": NaN,
        "Reconciled Cost Of Revenue": NaN,
        "EBITDA": NaN,
        "EBIT": NaN,
        "Net Interest Income": NaN,
        "Interest Income": NaN,
        "Normalized Income": NaN,
        "Net Income From Continuing And Discontinued Operation": NaN,
        "Total Expenses": NaN,
        "Total Operating Income As Reported": NaN,
        "Diluted Average Shares": NaN,
        "Basic Average Shares": NaN,
        "Diluted EPS": NaN,
        "Basic EPS": NaN,
        "Diluted NI Availto Com Stockholders": NaN,
        "Net Income Common Stockholders": NaN,
        "Net Income": NaN,
        "Net Income Including Noncontrolling Interests": NaN,
        "Net Income Continuous Operations": NaN,
        "Pretax Income": NaN,
        "Special Income Charges": 0.0,
        "Net Non Operating Interest Income Expense": NaN,
        "Total Other Finance Cost": -52781.0,
        "Interest Income Non Operating": NaN,
        "Operating Income": NaN,
        "Operating Expense": NaN,
        "Research And Development": NaN,
        "Selling General And Administration": NaN,
        "Selling And Marketing Expense": NaN,
        "General And Administrative Expense": NaN,
        "Other Gand A": NaN,
        "Gross Profit": NaN,
        "Cost Of Revenue": NaN,
        "Total Revenue": NaN,
        "Operating Revenue": NaN
    },
    "2022-06-30": {
        "Tax Effect Of Unusual Items": 0.0,
        "Tax Rate For Calcs": 0.0,
        "Normalized EBITDA": -1651311.0,
        "Total Unusual Items": 0.0,
        "Total Unusual Items Excluding Goodwill": 0.0,
        "Net Income From Continuing Operation Net Minority Interest": -1689994.0,
        "Reconciled Depreciation": 44861.0,
        "Reconciled Cost Of Revenue": 50978.0,
        "EBITDA": -1651311.0,
        "EBIT": -1696172.0,
        "Net Interest Income": 6178.0,
        "Interest Income": NaN,
        "Normalized Income": -1689994.0,
        "Net Income From Continuing And Discontinued Operation": -1689994.0,
        "Total Expenses": 1747150.0,
        "Total Operating Income As Reported": -1696172.0,
        "Diluted Average Shares": 6157625.0,
        "Basic Average Shares": 6157625.0,
        "Diluted EPS": -0.27,
        "Basic EPS": -0.27,
        "Diluted NI Availto Com Stockholders": -1689994.0,
        "Net Income Common Stockholders": -1689994.0,
        "Net Income": -1689994.0,
        "Net Income Including Noncontrolling Interests": -1689994.0,
        "Net Income Continuous Operations": -1689994.0,
        "Pretax Income": -1689994.0,
        "Special Income Charges": 0.0,
        "Net Non Operating Interest Income Expense": 6178.0,
        "Total Other Finance Cost": -6178.0,
        "Interest Income Non Operating": NaN,
        "Operating Income": -1696172.0,
        "Operating Expense": 1696172.0,
        "Research And Development": 728383.0,
        "Selling General And Administration": 967789.0,
        "Selling And Marketing Expense": 233152.0,
        "General And Administrative Expense": 734637.0,
        "Other Gand A": 734637.0,
        "Gross Profit": 0.0,
        "Cost Of Revenue": 50978.0,
        "Total Revenue": 50978.0,
        "Operating Revenue": 50978.0
    },
    "2022-03-31": {
        "Diluted EPS": -0.31,
        "Total Revenue": 0,
        "Gross Profit": NaN,
        "Operating Income": -2,
        "EBIT": -2,
        "Net Income": -2
    },
    "2021-12-31": {
        "Diluted EPS": -0.24,
        "Total Revenue": 0,
        "Gross Profit": NaN,
        "Operating Income": -1,
        "EBIT": -1,
        "Net Income": -1
    },
    "2021-09-30": {
        "Diluted EPS": -0.2,
        "Total Revenue": 0,
        "Gross Profit": NaN,
        "Operating Income": -1,
        "EBIT": -1,
        "Net Income": -1
    },
    "2021-06-30": {
        "Diluted EPS": -0.19,
        "Total Revenue": 0,
        "Gross Profit": NaN,
        "Operating Income": -1,
        "EBIT": -1,
        "Net Income": -1
    },
    "2021-03-31": {
        "Diluted EPS": -0.17,
        "Total Revenue": 0,
        "Gross Profit": NaN,
        "Operating Income": -1,
        "EBIT": -1,
        "Net Income": -1
    },
    "2020-12-31": {
        "Diluted EPS": -0.33,
        "Total Revenue": 0,
        "Gross Profit": NaN,
        "Operating Income": -1,
        "EBIT": -1,
        "Net Income": -1
    },
    "2020-09-30": {
        "Diluted EPS": -1.28,
        "Total Revenue": 0,
        "Gross Profit": NaN,
        "Operating Income": -1,
        "EBIT": -1,
        "Net Income": -5
    },
    "2020-06-30": {
        "Diluted EPS": -0.28,
        "Total Revenue": 0,
        "Gross Profit": NaN,
        "Operating Income": -1,
        "EBIT": -1,
        "Net Income": -1
    },
    "2020-03-31": {
        "Diluted EPS": -0.31,
        "Total Revenue": NaN,
        "Gross Profit": NaN,
        "Operating Income": -1,
        "EBIT": -1,
        "Net Income": -1
    },
    "2019-12-31": {
        "Diluted EPS": -0.25,
        "Total Revenue": NaN,
        "Gross Profit": NaN,
        "Operating Income": -1,
        "EBIT": -1,
        "Net Income": -1
    },
    "2019-09-30": {
        "Diluted EPS": -0.55,
        "Total Revenue": NaN,
        "Gross Profit": NaN,
        "Operating Income": -1,
        "EBIT": -1,
        "Net Income": -1
    },
    "2019-06-30": {
        "Diluted EPS": -0.85,
        "Total Revenue": NaN,
        "Gross Profit": NaN,
        "Operating Income": -1,
        "EBIT": -1,
        "Net Income": -1
    },
    "2019-03-31": {
        "Diluted EPS": -0.73,
        "Total Revenue": NaN,
        "Gross Profit": NaN,
        "Operating Income": -1,
        "EBIT": -1,
        "Net Income": -1
    },
    "2018-12-31": {
        "Diluted EPS": -1.33,
        "Total Revenue": NaN,
        "Gross Profit": NaN,
        "Operating Income": -1,
        "EBIT": -1,
        "Net Income": -2
    },
    "2018-09-30": {
        "Diluted EPS": -1.61,
        "Total Revenue": NaN,
        "Gross Profit": NaN,
        "Operating Income": -1,
        "EBIT": -1,
        "Net Income": -2
    },
    "2018-06-30": {
        "Diluted EPS": -1.2,
        "Total Revenue": NaN,
        "Gross Profit": NaN,
        "Operating Income": -1,
        "EBIT": -1,
        "Net Income": -2
    },
    "2018-03-31": {
        "Diluted EPS": -1.5,
        "Total Revenue": NaN,
        "Gross Profit": NaN,
        "Operating Income": -1,
        "EBIT": -1,
        "Net Income": -2
    },
    "2017-12-31": {
        "Diluted EPS": -1.2,
        "Total Revenue": NaN,
        "Gross Profit": NaN,
        "Operating Income": 5,
        "EBIT": 5,
        "Net Income": -2
    },
    "2017-09-30": {
        "Diluted EPS": -1.6,
        "Total Revenue": 0,
        "Gross Profit": 0,
        "Operating Income": -2,
        "EBIT": -2,
        "Net Income": -2
    },
    "2017-06-30": {
        "Diluted EPS": -2.3,
        "Total Revenue": 0,
        "Gross Profit": -1,
        "Operating Income": -3,
        "EBIT": -3,
        "Net Income": -3
    },
    "2017-03-31": {
        "Diluted EPS": -2.8,
        "Total Revenue": 0,
        "Gross Profit": 0,
        "Operating Income": -3,
        "EBIT": -3,
        "Net Income": -3
    },
    "2016-12-31": {
        "Diluted EPS": -2.9,
        "Total Revenue": 0,
        "Gross Profit": 0,
        "Operating Income": -3,
        "EBIT": -3,
        "Net Income": -3
    },
    "2016-09-30": {
        "Diluted EPS": -3.1,
        "Total Revenue": 0,
        "Gross Profit": 0,
        "Operating Income": -3,
        "EBIT": -3,
        "Net Income": -3
    },
    "2016-06-30": {
        "Diluted EPS": -2.6,
        "Total Revenue": 0,
        "Gross Profit": 0,
        "Operating Income": -2,
        "EBIT": -2,
        "Net Income": -2
    },
    "2016-03-31": {
        "Diluted EPS": -2.9,
        "Total Revenue": 0,
        "Gross Profit": 0,
        "Operating Income": -3,
        "EBIT": -3,
        "Net Income": -3
    },
    "2015-12-31": {
        "Diluted EPS": -3.28,
        "Total Revenue": 1,
        "Gross Profit": 0,
        "Operating Income": -3,
        "EBIT": -3,
        "Net Income": -3
    },
    "2015-09-30": {
        "Diluted EPS": -3.12,
        "Total Revenue": 1,
        "Gross Profit": 0,
        "Operating Income": -3,
        "EBIT": -3,
        "Net Income": -3
    },
    "2015-06-30": {
        "Diluted EPS": -2.8,
        "Total Revenue": 1,
        "Gross Profit": 0,
        "Operating Income": -2,
        "EBIT": -2,
        "Net Income": -2
    },
    "2015-03-31": {
        "Diluted EPS": -3.1,
        "Total Revenue": 1,
        "Gross Profit": 0,
        "Operating Income": -2,
        "EBIT": -2,
        "Net Income": -2
    },
    "2014-12-31": {
        "Diluted EPS": -2.9,
        "Total Revenue": 1,
        "Gross Profit": 0,
        "Operating Income": -2,
        "EBIT": -2,
        "Net Income": -2
    },
    "2014-09-30": {
        "Diluted EPS": -2.6,
        "Total Revenue": 0,
        "Gross Profit": 0,
        "Operating Income": -2,
        "EBIT": -2,
        "Net Income": -2
    },
    "2014-06-30": {
        "Diluted EPS": -2.3,
        "Total Revenue": 1,
        "Gross Profit": 0,
        "Operating Income": -2,
        "EBIT": -2,
        "Net Income": -2
    },
    "2014-03-31": {
        "Diluted EPS": -2.0,
        "Total Revenue": 0,
        "Gross Profit": 0,
        "Operating Income": -1,
        "EBIT": -1,
        "Net Income": -1
    },
    "2013-12-31": {
        "Diluted EPS": -8.7,
        "Total Revenue": 0,
        "Gross Profit": 0,
        "Operating Income": -2,
        "EBIT": 0,
        "Net Income": -4
    },
    "2013-09-30": {
        "Diluted EPS": -14.6,
        "Total Revenue": 1,
        "Gross Profit": 0,
        "Operating Income": -1,
        "EBIT": 0,
        "Net Income": -2
    },
    "2013-06-30": {
        "Diluted EPS": -13.4,
        "Total Revenue": 1,
        "Gross Profit": 0,
        "Operating Income": -1,
        "EBIT": 0,
        "Net Income": -2
    },
    "2013-03-31": {
        "Diluted EPS": -12.3,
        "Total Revenue": 0,
        "Gross Profit": 0,
        "Operating Income": -1,
        "EBIT": 0,
        "Net Income": -2
    },
    "2012-12-31": {
        "Diluted EPS": 0.0,
        "Total Revenue": NaN,
        "Gross Profit": NaN,
        "Operating Income": NaN,
        "EBIT": NaN,
        "Net Income": NaN
    },
    "2012-09-30": {
        "Diluted EPS": 0.0,
        "Total Revenue": NaN,
        "Gross Profit": NaN,
        "Operating Income": NaN,
        "EBIT": NaN,
        "Net Income": NaN
    },
    "2011-12-31": {
        "Diluted EPS": 0.0,
        "Total Revenue": NaN,
        "Gross Profit": NaN,
        "Operating Income": NaN,
        "EBIT": NaN,
        "Net Income": NaN
    },
    "2023-06-30": {
        "Tax Effect Of Unusual Items": 0.0,
        "Tax Rate For Calcs": 0.0,
        "Normalized EBITDA": -2304514.0,
        "Net Income From Continuing Operation Net Minority Interest": -2279806.0,
        "Reconciled Depreciation": 83637.0,
        "Reconciled Cost Of Revenue": 110737.0,
        "EBITDA": -2304514.0,
        "EBIT": -2388151.0,
        "Net Interest Income": 108345.0,
        "Interest Income": 108345.0,
        "Normalized Income": -2279806.0,
        "Net Income From Continuing And Discontinued Operation": -2279806.0,
        "Total Expenses": 2523318.0,
        "Total Operating Income As Reported": -2388151.0,
        "Diluted Average Shares": 6185397.0,
        "Basic Average Shares": 6185397.0,
        "Diluted EPS": -0.37,
        "Basic EPS": -0.37,
        "Diluted NI Availto Com Stockholders": -2279806.0,
        "Net Income Common Stockholders": -2279806.0,
        "Net Income": -2279806.0,
        "Net Income Including Noncontrolling Interests": -2279806.0,
        "Net Income Continuous Operations": -2279806.0,
        "Pretax Income": -2279806.0,
        "Net Non Operating Interest Income Expense": 108345.0,
        "Total Other Finance Cost": NaN,
        "Interest Income Non Operating": 108345.0,
        "Operating Income": -2388151.0,
        "Operating Expense": 2412581.0,
        "Research And Development": 1206688.0,
        "Selling General And Administration": 1205893.0,
        "Selling And Marketing Expense": 271900.0,
        "General And Administrative Expense": 933993.0,
        "Other Gand A": 933993.0,
        "Gross Profit": 24430.0,
        "Cost Of Revenue": 110737.0,
        "Total Revenue": 135167.0,
        "Operating Revenue": 135167.0
    },
    "2023-09-30": {
        "Tax Effect Of Unusual Items": 0.0,
        "Tax Rate For Calcs": 0.0,
        "Normalized EBITDA": -2797869.0,
        "Net Income From Continuing Operation Net Minority Interest": -2740481.0,
        "Reconciled Depreciation": 41887.0,
        "Reconciled Cost Of Revenue": 2787.0,
        "EBITDA": -2797869.0,
        "EBIT": -2839756.0,
        "Net Interest Income": 99275.0,
        "Interest Income": NaN,
        "Normalized Income": -2740481.0,
        "Net Income From Continuing And Discontinued Operation": -2740481.0,
        "Total Expenses": 2841313.0,
        "Total Operating Income As Reported": -2839756.0,
        "Diluted Average Shares": 6192286.0,
        "Basic Average Shares": 6192286.0,
        "Diluted EPS": -0.44,
        "Basic EPS": -0.44,
        "Diluted NI Availto Com Stockholders": -2740481.0,
        "Net Income Common Stockholders": -2740481.0,
        "Net Income": -2740481.0,
        "Net Income Including Noncontrolling Interests": -2740481.0,
        "Net Income Continuous Operations": -2740481.0,
        "Pretax Income": -2740481.0,
        "Net Non Operating Interest Income Expense": 99275.0,
        "Total Other Finance Cost": -99275.0,
        "Interest Income Non Operating": NaN,
        "Operating Income": -2839756.0,
        "Operating Expense": 2838526.0,
        "Research And Development": 1690538.0,
        "Selling General And Administration": 1147988.0,
        "Selling And Marketing Expense": 293963.0,
        "General And Administrative Expense": 854025.0,
        "Other Gand A": 854025.0,
        "Gross Profit": -1230.0,
        "Cost Of Revenue": 2787.0,
        "Total Revenue": 1557.0,
        "Operating Revenue": 1557.0
    },
    "2024-03-31": {
        "Tax Effect Of Unusual Items": 0.0,
        "Tax Rate For Calcs": 0.0,
        "Normalized EBITDA": -2429673.0,
        "Net Income From Continuing Operation Net Minority Interest": -2469626.0,
        "Reconciled Depreciation": 97278.0,
        "Reconciled Cost Of Revenue": 68498.0,
        "EBITDA": -2429673.0,
        "EBIT": -2526951.0,
        "Net Interest Income": 57325.0,
        "Interest Income": 57325.0,
        "Normalized Income": -2469626.0,
        "Net Income From Continuing And Discontinued Operation": -2469626.0,
        "Total Expenses": 2605690.0,
        "Total Operating Income As Reported": -2526951.0,
        "Diluted Average Shares": 6319939.0,
        "Basic Average Shares": 6319939.0,
        "Diluted EPS": -0.39,
        "Basic EPS": -0.39,
        "Diluted NI Availto Com Stockholders": -2469626.0,
        "Net Income Common Stockholders": -2469626.0,
        "Net Income": -2469626.0,
        "Net Income Including Noncontrolling Interests": -2469626.0,
        "Net Income Continuous Operations": -2469626.0,
        "Pretax Income": -2469626.0,
        "Net Non Operating Interest Income Expense": 57325.0,
        "Total Other Finance Cost": NaN,
        "Interest Income Non Operating": 57325.0,
        "Operating Income": -2526951.0,
        "Operating Expense": 2537192.0,
        "Research And Development": 1366893.0,
        "Selling General And Administration": 1170299.0,
        "Selling And Marketing Expense": 316611.0,
        "General And Administrative Expense": 853688.0,
        "Other Gand A": 853688.0,
        "Gross Profit": 10241.0,
        "Cost Of Revenue": 68498.0,
        "Total Revenue": 78739.0,
        "Operating Revenue": 78739.0
    },
    "2024-06-30": {
        "Tax Effect Of Unusual Items": 0.0,
        "Tax Rate For Calcs": 0.0,
        "Normalized EBITDA": -2784472.0,
        "Net Income From Continuing Operation Net Minority Interest": -2662065.0,
        "Reconciled Depreciation": 101541.0,
        "Reconciled Cost Of Revenue": 17474.0,
        "EBITDA": -2784472.0,
        "EBIT": -2886013.0,
        "Net Interest Income": 223948.0,
        "Interest Income": 223948.0,
        "Normalized Income": -2662065.0,
        "Net Income From Continuing And Discontinued Operation": -2662065.0,
        "Total Expenses": 2887344.0,
        "Total Operating Income As Reported": -2886013.0,
        "Diluted Average Shares": 8514581.0,
        "Basic Average Shares": 8514581.0,
        "Diluted EPS": -0.31,
        "Basic EPS": -0.31,
        "Diluted NI Availto Com Stockholders": -2662065.0,
        "Net Income Common Stockholders": -2662065.0,
        "Net Income": -2662065.0,
        "Net Income Including Noncontrolling Interests": -2662065.0,
        "Net Income Continuous Operations": -2662065.0,
        "Pretax Income": -2662065.0,
        "Net Non Operating Interest Income Expense": 223948.0,
        "Total Other Finance Cost": NaN,
        "Interest Income Non Operating": 223948.0,
        "Operating Income": -2886013.0,
        "Operating Expense": 2869870.0,
        "Research And Development": 1562747.0,
        "Selling General And Administration": 1307123.0,
        "Selling And Marketing Expense": 359739.0,
        "General And Administrative Expense": 947384.0,
        "Other Gand A": 947384.0,
        "Gross Profit": -16143.0,
        "Cost Of Revenue": 17474.0,
        "Total Revenue": 1331.0,
        "Operating Revenue": 1331.0
    }
}