{
    "2023-03-31": {
        "Tax Effect Of Unusual Items": NaN,
        "Tax Rate For Calcs": NaN,
        "Normalized EBITDA": NaN,
        "Total Unusual Items": NaN,
        "Total Unusual Items Excluding Goodwill": NaN,
        "Net Income From Continuing Operation Net Minority Interest": NaN,
        "Reconciled Cost Of Revenue": NaN,
        "EBITDA": NaN,
        "EBIT": NaN,
        "Net Interest Income": NaN,
        "Interest Expense": NaN,
        "Interest Income": NaN,
        "Normalized Income": NaN,
        "Net Income From Continuing And Discontinued Operation": NaN,
        "Total Expenses": NaN,
        "Total Operating Income As Reported": NaN,
        "Diluted Average Shares": 964995013.0,
        "Basic Average Shares": 938522670.0,
        "Diluted EPS": 0.63,
        "Basic EPS": 0.63,
        "Diluted NI Availto Com Stockholders": NaN,
        "Net Income Common Stockholders": NaN,
        "Net Income": NaN,
        "Minority Interests": NaN,
        "Net Income Including Noncontrolling Interests": NaN,
        "Net Income Continuous Operations": NaN,
        "Tax Provision": NaN,
        "Pretax Income": NaN,
        "Other Income Expense": NaN,
        "Other Non Operating Income Expenses": NaN,
        "Earnings From Equity Interest": NaN,
        "Gain On Sale Of Security": NaN,
        "Net Non Operating Interest Income Expense": NaN,
        "Interest Expense Non Operating": NaN,
        "Interest Income Non Operating": NaN,
        "Operating Income": NaN,
        "Operating Expense": NaN,
        "Research And Development": NaN,
        "Selling General And Administration": NaN,
        "Gross Profit": NaN,
        "Cost Of Revenue": NaN,
        "Total Revenue": NaN,
        "Operating Revenue": NaN
    },
    "2022-12-31": {
        "Tax Effect Of Unusual Items": NaN,
        "Tax Rate For Calcs": NaN,
        "Normalized EBITDA": NaN,
        "Total Unusual Items": NaN,
        "Total Unusual Items Excluding Goodwill": NaN,
        "Net Income From Continuing Operation Net Minority Interest": NaN,
        "Reconciled Depreciation": 3396051000.0,
        "Reconciled Cost Of Revenue": NaN,
        "EBITDA": NaN,
        "EBIT": NaN,
        "Net Interest Income": NaN,
        "Interest Expense": NaN,
        "Interest Income": NaN,
        "Normalized Income": NaN,
        "Net Income From Continuing And Discontinued Operation": NaN,
        "Total Expenses": NaN,
        "Total Operating Income As Reported": NaN,
        "Diluted Average Shares": NaN,
        "Basic Average Shares": NaN,
        "Diluted EPS": NaN,
        "Basic EPS": NaN,
        "Diluted NI Availto Com Stockholders": NaN,
        "Net Income Common Stockholders": NaN,
        "Otherunder Preferred Stock Dividend": 0.0,
        "Net Income": NaN,
        "Minority Interests": NaN,
        "Net Income Including Noncontrolling Interests": NaN,
        "Net Income Continuous Operations": NaN,
        "Tax Provision": NaN,
        "Pretax Income": NaN,
        "Other Income Expense": NaN,
        "Other Non Operating Income Expenses": NaN,
        "Earnings From Equity Interest": NaN,
        "Gain On Sale Of Security": NaN,
        "Net Non Operating Interest Income Expense": NaN,
        "Interest Expense Non Operating": NaN,
        "Interest Income Non Operating": NaN,
        "Operating Income": NaN,
        "Operating Expense": NaN,
        "Research And Development": NaN,
        "Selling General And Administration": NaN,
        "Gross Profit": NaN,
        "Cost Of Revenue": NaN,
        "Total Revenue": NaN,
        "Operating Revenue": NaN
    },
    "2022-09-30": {
        "Tax Effect Of Unusual Items": NaN,
        "Tax Rate For Calcs": NaN,
        "Normalized EBITDA": NaN,
        "Total Unusual Items": NaN,
        "Total Unusual Items Excluding Goodwill": NaN,
        "Net Income From Continuing Operation Net Minority Interest": NaN,
        "Reconciled Depreciation": NaN,
        "Reconciled Cost Of Revenue": NaN,
        "EBITDA": NaN,
        "EBIT": NaN,
        "Net Interest Income": NaN,
        "Interest Expense": NaN,
        "Interest Income": NaN,
        "Normalized Income": NaN,
        "Net Income From Continuing And Discontinued Operation": NaN,
        "Total Expenses": NaN,
        "Total Operating Income As Reported": NaN,
        "Diluted Average Shares": NaN,
        "Basic Average Shares": NaN,
        "Diluted EPS": NaN,
        "Basic EPS": NaN,
        "Diluted NI Availto Com Stockholders": NaN,
        "Net Income Common Stockholders": NaN,
        "Otherunder Preferred Stock Dividend": 0.0,
        "Net Income": NaN,
        "Minority Interests": NaN,
        "Net Income Including Noncontrolling Interests": NaN,
        "Net Income Continuous Operations": NaN,
        "Tax Provision": NaN,
        "Pretax Income": NaN,
        "Other Income Expense": NaN,
        "Other Non Operating Income Expenses": NaN,
        "Earnings From Equity Interest": NaN,
        "Gain On Sale Of Security": NaN,
        "Net Non Operating Interest Income Expense": NaN,
        "Interest Expense Non Operating": NaN,
        "Interest Income Non Operating": NaN,
        "Operating Income": NaN,
        "Operating Expense": NaN,
        "Research And Development": NaN,
        "Selling General And Administration": NaN,
        "Gross Profit": NaN,
        "Cost Of Revenue": NaN,
        "Total Revenue": NaN,
        "Operating Revenue": NaN
    },
    "2022-06-30": {
        "Tax Effect Of Unusual Items": -39240400.0,
        "Tax Rate For Calcs": 0.4,
        "Normalized EBITDA": 114810000.0,
        "Total Unusual Items": -98101000.0,
        "Total Unusual Items Excluding Goodwill": -98101000.0,
        "Net Income From Continuing Operation Net Minority Interest": -213995000.0,
        "Reconciled Depreciation": NaN,
        "Reconciled Cost Of Revenue": 5247959000.0,
        "EBITDA": 16709000.0,
        "EBIT": 16709000.0,
        "Net Interest Income": -166200000.0,
        "Interest Expense": 181907000.0,
        "Interest Income": 15707000.0,
        "Normalized Income": -155134400.0,
        "Net Income From Continuing And Discontinued Operation": -213995000.0,
        "Total Expenses": 6530762000.0,
        "Total Operating Income As Reported": 125787000.0,
        "Diluted Average Shares": 867802374.0,
        "Basic Average Shares": 867802374.0,
        "Diluted EPS": -0.28,
        "Basic EPS": -0.28,
        "Diluted NI Availto Com Stockholders": -213995000.0,
        "Net Income Common Stockholders": -213995000.0,
        "Otherunder Preferred Stock Dividend": 0.0,
        "Net Income": -213995000.0,
        "Minority Interests": -12593000.0,
        "Net Income Including Noncontrolling Interests": -201402000.0,
        "Net Income Continuous Operations": -201402000.0,
        "Tax Provision": 36204000.0,
        "Pretax Income": -165198000.0,
        "Other Income Expense": -124785000.0,
        "Other Non Operating Income Expenses": 67006000.0,
        "Earnings From Equity Interest": -93690000.0,
        "Gain On Sale Of Security": -98101000.0,
        "Net Non Operating Interest Income Expense": -166200000.0,
        "Interest Expense Non Operating": 181907000.0,
        "Interest Income Non Operating": 15707000.0,
        "Operating Income": 125787000.0,
        "Operating Expense": 1282803000.0,
        "Research And Development": 482201000.0,
        "Selling General And Administration": 800602000.0,
        "Gross Profit": 1408590000.0,
        "Cost Of Revenue": 5247959000.0,
        "Total Revenue": 6656549000.0,
        "Operating Revenue": 5958141000.0
    },
    "2023-06-30": {
        "Tax Effect Of Unusual Items": -2426572.572061,
        "Tax Rate For Calcs": 0.021102,
        "Normalized EBITDA": 769305000.0,
        "Total Unusual Items": -114992000.0,
        "Total Unusual Items Excluding Goodwill": -114992000.0,
        "Net Income From Continuing Operation Net Minority Interest": 365207000.0,
        "Reconciled Cost Of Revenue": 5773867000.0,
        "EBITDA": 654313000.0,
        "EBIT": 654313000.0,
        "Net Interest Income": -226325000.0,
        "Interest Expense": 278521000.0,
        "Interest Income": 52196000.0,
        "Normalized Income": 477772427.427939,
        "Net Income From Continuing And Discontinued Operation": 365207000.0,
        "Total Expenses": 7191905000.0,
        "Total Operating Income As Reported": 610392000.0,
        "Diluted Average Shares": 978855223.0,
        "Basic Average Shares": 957792299.0,
        "Diluted EPS": 0.35,
        "Basic EPS": 0.35,
        "Diluted NI Availto Com Stockholders": 365207000.0,
        "Net Income Common Stockholders": 365207000.0,
        "Net Income": 365207000.0,
        "Minority Interests": -2655000.0,
        "Net Income Including Noncontrolling Interests": 367862000.0,
        "Net Income Continuous Operations": 367862000.0,
        "Tax Provision": 7930000.0,
        "Pretax Income": 375792000.0,
        "Other Income Expense": -8275000.0,
        "Other Non Operating Income Expenses": 72928000.0,
        "Earnings From Equity Interest": 33789000.0,
        "Gain On Sale Of Security": -114992000.0,
        "Net Non Operating Interest Income Expense": -226325000.0,
        "Interest Expense Non Operating": 278521000.0,
        "Interest Income Non Operating": 52196000.0,
        "Operating Income": 610392000.0,
        "Operating Expense": 1418038000.0,
        "Research And Development": 439038000.0,
        "Selling General And Administration": 979000000.0,
        "Gross Profit": 2028430000.0,
        "Cost Of Revenue": 5773867000.0,
        "Total Revenue": 7802297000.0,
        "Operating Revenue": 7125531000.0
    },
    "2023-09-30": {
        "Tax Effect Of Unusual Items": -696863.639594,
        "Tax Rate For Calcs": 0.018298,
        "Normalized EBITDA": 812123000.0,
        "Total Unusual Items": -38084000.0,
        "Total Unusual Items Excluding Goodwill": -38084000.0,
        "Net Income From Continuing Operation Net Minority Interest": 475920000.0,
        "Reconciled Cost Of Revenue": 5839540000.0,
        "EBITDA": 774039000.0,
        "EBIT": 774039000.0,
        "Net Interest Income": -236309000.0,
        "Interest Expense": 281528000.0,
        "Interest Income": 45219000.0,
        "Normalized Income": 513307136.360406,
        "Net Income From Continuing And Discontinued Operation": 475920000.0,
        "Total Expenses": 7268332000.0,
        "Total Operating Income As Reported": 746747000.0,
        "Diluted Average Shares": 978691299.0,
        "Basic Average Shares": 958857545.0,
        "Diluted EPS": 0.49,
        "Basic EPS": 0.49,
        "Diluted NI Availto Com Stockholders": 475920000.0,
        "Net Income Common Stockholders": 475920000.0,
        "Net Income": 475920000.0,
        "Minority Interests": -7579000.0,
        "Net Income Including Noncontrolling Interests": 483499000.0,
        "Net Income Continuous Operations": 483499000.0,
        "Tax Provision": 9012000.0,
        "Pretax Income": 492511000.0,
        "Other Income Expense": -17927000.0,
        "Other Non Operating Income Expenses": 18802000.0,
        "Earnings From Equity Interest": 1355000.0,
        "Gain On Sale Of Security": -38084000.0,
        "Net Non Operating Interest Income Expense": -236309000.0,
        "Interest Expense Non Operating": 281528000.0,
        "Interest Income Non Operating": 45219000.0,
        "Operating Income": 746747000.0,
        "Operating Expense": 1428792000.0,
        "Research And Development": 447383000.0,
        "Selling General And Administration": 981409000.0,
        "Gross Profit": 2175539000.0,
        "Cost Of Revenue": 5839540000.0,
        "Total Revenue": 8015079000.0,
        "Operating Revenue": 7212009000.0
    },
    "2023-12-31": {
        "Tax Effect Of Unusual Items": 798042.809052,
        "Tax Rate For Calcs": 0.074863,
        "Normalized EBITDA": 787551000.0,
        "Total Unusual Items": 10660000.0,
        "Total Unusual Items Excluding Goodwill": 10660000.0,
        "Net Income From Continuing Operation Net Minority Interest": 466233000.0,
        "Reconciled Cost Of Revenue": 5533082000.0,
        "EBITDA": 798211000.0,
        "EBIT": 798211000.0,
        "Net Interest Income": -229203000.0,
        "Interest Expense": 284301000.0,
        "Interest Income": 55098000.0,
        "Normalized Income": 456371042.809052,
        "Net Income From Continuing And Discontinued Operation": 466233000.0,
        "Total Expenses": 6932759000.0,
        "Total Operating Income As Reported": 773709000.0,
        "Diluted Average Shares": NaN,
        "Basic Average Shares": NaN,
        "Diluted EPS": NaN,
        "Basic EPS": NaN,
        "Diluted NI Availto Com Stockholders": 466233000.0,
        "Net Income Common Stockholders": 466233000.0,
        "Net Income": 466233000.0,
        "Minority Interests": -9204000.0,
        "Net Income Including Noncontrolling Interests": 475437000.0,
        "Net Income Continuous Operations": 475437000.0,
        "Tax Provision": 38473000.0,
        "Pretax Income": 513910000.0,
        "Other Income Expense": -30596000.0,
        "Other Non Operating Income Expenses": -39972000.0,
        "Earnings From Equity Interest": -1284000.0,
        "Gain On Sale Of Security": 10660000.0,
        "Net Non Operating Interest Income Expense": -229203000.0,
        "Interest Expense Non Operating": 284301000.0,
        "Interest Income Non Operating": 55098000.0,
        "Operating Income": 773709000.0,
        "Operating Expense": 1399677000.0,
        "Research And Development": 451871000.0,
        "Selling General And Administration": 947806000.0,
        "Gross Profit": 2173386000.0,
        "Cost Of Revenue": 5533082000.0,
        "Total Revenue": 7706468000.0,
        "Operating Revenue": 7111137000.0
    },
    "2024-03-31": {
        "Tax Effect Of Unusual Items": -814001.046144,
        "Tax Rate For Calcs": 0.0258,
        "Normalized EBITDA": 997148000.0,
        "Total Unusual Items": -31551000.0,
        "Total Unusual Items Excluding Goodwill": -31551000.0,
        "Net Income From Continuing Operation Net Minority Interest": 655317000.0,
        "Reconciled Cost Of Revenue": 5631239000.0,
        "EBITDA": 965597000.0,
        "EBIT": 965597000.0,
        "Net Interest Income": -223395000.0,
        "Interest Expense": 282135000.0,
        "Interest Income": 58740000.0,
        "Normalized Income": 686053998.953856,
        "Net Income From Continuing And Discontinued Operation": 655317000.0,
        "Total Expenses": 6982602000.0,
        "Total Operating Income As Reported": 944753000.0,
        "Diluted Average Shares": 969724732.0,
        "Basic Average Shares": 959664703.0,
        "Diluted EPS": 0.7,
        "Basic EPS": 0.7,
        "Diluted NI Availto Com Stockholders": 655317000.0,
        "Net Income Common Stockholders": 655317000.0,
        "Net Income": 655317000.0,
        "Minority Interests": -10512000.0,
        "Net Income Including Noncontrolling Interests": 665829000.0,
        "Net Income Continuous Operations": 665829000.0,
        "Tax Provision": 17633000.0,
        "Pretax Income": 683462000.0,
        "Other Income Expense": -37896000.0,
        "Other Non Operating Income Expenses": -19859000.0,
        "Earnings From Equity Interest": 13514000.0,
        "Gain On Sale Of Security": -31551000.0,
        "Net Non Operating Interest Income Expense": -223395000.0,
        "Interest Expense Non Operating": 282135000.0,
        "Interest Income Non Operating": 58740000.0,
        "Operating Income": 944753000.0,
        "Operating Expense": 1351363000.0,
        "Research And Development": 429328000.0,
        "Selling General And Administration": 922035000.0,
        "Gross Profit": 2296116000.0,
        "Cost Of Revenue": 5631239000.0,
        "Total Revenue": 7927355000.0,
        "Operating Revenue": 7208922000.0
    },
    "2024-06-30": {
        "Tax Effect Of Unusual Items": -12999512.655302,
        "Tax Rate For Calcs": 0.253214,
        "Normalized EBITDA": 441157000.0,
        "Total Unusual Items": -51338000.0,
        "Total Unusual Items Excluding Goodwill": -51338000.0,
        "Net Income From Continuing Operation Net Minority Interest": 68685000.0,
        "Reconciled Cost Of Revenue": 5678342000.0,
        "EBITDA": 389819000.0,
        "EBIT": 389819000.0,
        "Net Interest Income": -219474000.0,
        "Interest Expense": 288162000.0,
        "Interest Income": 68688000.0,
        "Normalized Income": 107023487.344698,
        "Net Income From Continuing And Discontinued Operation": 68685000.0,
        "Total Expenses": 7096692000.0,
        "Total Operating Income As Reported": 342093000.0,
        "Diluted Average Shares": 979702207.0,
        "Basic Average Shares": 960854071.0,
        "Diluted EPS": 0.07,
        "Basic EPS": 0.07,
        "Diluted NI Availto Com Stockholders": 68685000.0,
        "Net Income Common Stockholders": 68685000.0,
        "Net Income": 68685000.0,
        "Minority Interests": -7231000.0,
        "Net Income Including Noncontrolling Interests": 75916000.0,
        "Net Income Continuous Operations": 75916000.0,
        "Tax Provision": 25741000.0,
        "Pretax Income": 101657000.0,
        "Other Income Expense": -20962000.0,
        "Other Non Operating Income Expenses": 32476000.0,
        "Earnings From Equity Interest": -2100000.0,
        "Gain On Sale Of Security": -51338000.0,
        "Net Non Operating Interest Income Expense": -219474000.0,
        "Interest Expense Non Operating": 288162000.0,
        "Interest Income Non Operating": 68688000.0,
        "Operating Income": 342093000.0,
        "Operating Expense": 1418350000.0,
        "Research And Development": 448677000.0,
        "Selling General And Administration": 969673000.0,
        "Gross Profit": 1760443000.0,
        "Cost Of Revenue": 5678342000.0,
        "Total Revenue": 7438785000.0,
        "Operating Revenue": 6654852000.0
    }
}