{
    "2023-03-31": {
        "Tax Effect Of Unusual Items": -3334254.143646,
        "Tax Rate For Calcs": 0.196133,
        "Normalized EBITDA": 773000000.0,
        "Total Unusual Items": -17000000.0,
        "Total Unusual Items Excluding Goodwill": -17000000.0,
        "Net Income From Continuing Operation Net Minority Interest": 289000000.0,
        "Reconciled Depreciation": 253000000.0,
        "Reconciled Cost Of Revenue": 2398000000.0,
        "EBIT": 503000000.0,
        "Net Interest Income": -135000000.0,
        "Interest Expense": 141000000.0,
        "Interest Income": 6000000.0,
        "Normalized Income": 302665745.856354,
        "Net Income From Continuing And Discontinued Operation": 289000000.0,
        "Total Expenses": 3164000000.0,
        "Total Operating Income As Reported": 471000000.0,
        "Diluted Average Shares": 188600000.0,
        "Basic Average Shares": 185800000.0,
        "Diluted EPS": 1.53,
        "Basic EPS": 1.56,
        "Diluted NI Availto Com Stockholders": 289000000.0,
        "Net Income Common Stockholders": 289000000.0,
        "Net Income": 289000000.0,
        "Minority Interests": NaN,
        "Net Income Including Noncontrolling Interests": 289000000.0,
        "Net Income Continuous Operations": 289000000.0,
        "Earnings From Equity Interest Net Of Tax": -2000000.0,
        "Tax Provision": 71000000.0,
        "Pretax Income": 362000000.0,
        "Other Income Expense": 9000000.0,
        "Other Non Operating Income Expenses": 26000000.0,
        "Special Income Charges": -17000000.0,
        "Restructuring And Mergern Acquisition": 17000000.0,
        "Net Non Operating Interest Income Expense": -135000000.0,
        "Interest Expense Non Operating": 141000000.0,
        "Interest Income Non Operating": 6000000.0,
        "Operating Income": 488000000.0,
        "Operating Expense": 766000000.0,
        "Depreciation Amortization Depletion Income Statement": 253000000.0,
        "Depreciation And Amortization In Income Statement": 253000000.0,
        "Selling General And Administration": 513000000.0,
        "Gross Profit": 1254000000.0,
        "Cost Of Revenue": 2398000000.0,
        "Total Revenue": 3652000000.0,
        "Operating Revenue": 3652000000.0
    },
    "2022-12-31": {
        "Tax Effect Of Unusual Items": -2269090.909091,
        "Tax Rate For Calcs": 0.174545,
        "Normalized EBITDA": 773000000.0,
        "Total Unusual Items": -13000000.0,
        "Total Unusual Items Excluding Goodwill": -13000000.0,
        "Net Income From Continuing Operation Net Minority Interest": 227000000.0,
        "Reconciled Depreciation": 357000000.0,
        "Reconciled Cost Of Revenue": 2407000000.0,
        "EBIT": 403000000.0,
        "Net Interest Income": -122000000.0,
        "Interest Expense": 128000000.0,
        "Interest Income": 6000000.0,
        "Normalized Income": 237730909.090909,
        "Net Income From Continuing And Discontinued Operation": 227000000.0,
        "Total Expenses": 3347000000.0,
        "Total Operating Income As Reported": 379000000.0,
        "Diluted Average Shares": 188600000.0,
        "Basic Average Shares": 185700000.0,
        "Diluted EPS": 1.2,
        "Basic EPS": 1.22,
        "Diluted NI Availto Com Stockholders": 227000000.0,
        "Net Income Common Stockholders": 227000000.0,
        "Net Income": 227000000.0,
        "Minority Interests": 0.0,
        "Net Income Including Noncontrolling Interests": 227000000.0,
        "Net Income Continuous Operations": 227000000.0,
        "Earnings From Equity Interest Net Of Tax": 0.0,
        "Tax Provision": 48000000.0,
        "Pretax Income": 275000000.0,
        "Other Income Expense": 5000000.0,
        "Other Non Operating Income Expenses": 18000000.0,
        "Special Income Charges": -13000000.0,
        "Restructuring And Mergern Acquisition": 13000000.0,
        "Net Non Operating Interest Income Expense": -122000000.0,
        "Interest Expense Non Operating": 128000000.0,
        "Interest Income Non Operating": 6000000.0,
        "Operating Income": 392000000.0,
        "Operating Expense": 940000000.0,
        "Depreciation Amortization Depletion Income Statement": 357000000.0,
        "Depreciation And Amortization In Income Statement": 357000000.0,
        "Selling General And Administration": 583000000.0,
        "Gross Profit": 1332000000.0,
        "Cost Of Revenue": 2407000000.0,
        "Total Revenue": 3739000000.0,
        "Operating Revenue": 3739000000.0
    },
    "2022-09-30": {
        "Tax Effect Of Unusual Items": -777777.777778,
        "Tax Rate For Calcs": 0.194444,
        "Normalized EBITDA": 720000000.0,
        "Total Unusual Items": -4000000.0,
        "Total Unusual Items Excluding Goodwill": -4000000.0,
        "Net Income From Continuing Operation Net Minority Interest": 283000000.0,
        "Reconciled Depreciation": 248000000.0,
        "Reconciled Cost Of Revenue": 2321000000.0,
        "EBIT": 468000000.0,
        "Net Interest Income": -104000000.0,
        "Interest Expense": 108000000.0,
        "Interest Income": 4000000.0,
        "Normalized Income": 286222222.222222,
        "Net Income From Continuing And Discontinued Operation": 283000000.0,
        "Total Expenses": 3086000000.0,
        "Total Operating Income As Reported": 472000000.0,
        "Diluted Average Shares": 189400000.0,
        "Basic Average Shares": 186500000.0,
        "Diluted EPS": 1.49,
        "Basic EPS": 1.52,
        "Diluted NI Availto Com Stockholders": 283000000.0,
        "Net Income Common Stockholders": 283000000.0,
        "Net Income": 283000000.0,
        "Minority Interests": 0.0,
        "Net Income Including Noncontrolling Interests": 283000000.0,
        "Net Income Continuous Operations": 283000000.0,
        "Earnings From Equity Interest Net Of Tax": -7000000.0,
        "Tax Provision": 70000000.0,
        "Pretax Income": 360000000.0,
        "Other Income Expense": -12000000.0,
        "Other Non Operating Income Expenses": -8000000.0,
        "Special Income Charges": -4000000.0,
        "Restructuring And Mergern Acquisition": 4000000.0,
        "Net Non Operating Interest Income Expense": -104000000.0,
        "Interest Expense Non Operating": 108000000.0,
        "Interest Income Non Operating": 4000000.0,
        "Operating Income": 476000000.0,
        "Operating Expense": 765000000.0,
        "Depreciation Amortization Depletion Income Statement": 248000000.0,
        "Depreciation And Amortization In Income Statement": 248000000.0,
        "Selling General And Administration": 517000000.0,
        "Gross Profit": 1241000000.0,
        "Cost Of Revenue": 2321000000.0,
        "Total Revenue": 3562000000.0,
        "Operating Revenue": 3562000000.0
    },
    "2022-06-30": {
        "Tax Effect Of Unusual Items": -865853.658537,
        "Tax Rate For Calcs": 0.216463,
        "Normalized EBITDA": 696000000.0,
        "Total Unusual Items": -4000000.0,
        "Total Unusual Items Excluding Goodwill": -4000000.0,
        "Net Income From Continuing Operation Net Minority Interest": 256000000.0,
        "Reconciled Depreciation": 270000000.0,
        "Reconciled Cost Of Revenue": 2331000000.0,
        "EBIT": 422000000.0,
        "Net Interest Income": -92000000.0,
        "Interest Expense": 94000000.0,
        "Interest Income": 2000000.0,
        "Normalized Income": 259134146.341463,
        "Net Income From Continuing And Discontinued Operation": 256000000.0,
        "Total Expenses": 3084000000.0,
        "Total Operating Income As Reported": 453000000.0,
        "Diluted Average Shares": 191100000.0,
        "Basic Average Shares": 188300000.0,
        "Diluted EPS": 1.34,
        "Basic EPS": 1.36,
        "Diluted NI Availto Com Stockholders": 256000000.0,
        "Net Income Common Stockholders": 256000000.0,
        "Net Income": 256000000.0,
        "Minority Interests": 0.0,
        "Net Income Including Noncontrolling Interests": 256000000.0,
        "Net Income Continuous Operations": 256000000.0,
        "Earnings From Equity Interest Net Of Tax": -1000000.0,
        "Tax Provision": 71000000.0,
        "Pretax Income": 328000000.0,
        "Other Income Expense": -37000000.0,
        "Other Non Operating Income Expenses": -33000000.0,
        "Special Income Charges": -4000000.0,
        "Restructuring And Mergern Acquisition": 4000000.0,
        "Net Non Operating Interest Income Expense": -92000000.0,
        "Interest Expense Non Operating": 94000000.0,
        "Interest Income Non Operating": 2000000.0,
        "Operating Income": 457000000.0,
        "Operating Expense": 753000000.0,
        "Depreciation Amortization Depletion Income Statement": 270000000.0,
        "Depreciation And Amortization In Income Statement": 270000000.0,
        "Selling General And Administration": 483000000.0,
        "Gross Profit": 1210000000.0,
        "Cost Of Revenue": 2331000000.0,
        "Total Revenue": 3541000000.0,
        "Operating Revenue": 3541000000.0
    },
    "2023-06-30": {
        "Tax Effect Of Unusual Items": -4320000.0,
        "Tax Rate For Calcs": 0.216,
        "Normalized EBITDA": 823000000.0,
        "Total Unusual Items": -20000000.0,
        "Total Unusual Items Excluding Goodwill": -20000000.0,
        "Net Income From Continuing Operation Net Minority Interest": 297000000.0,
        "Reconciled Depreciation": 259000000.0,
        "Reconciled Cost Of Revenue": 2443000000.0,
        "EBIT": 544000000.0,
        "Net Interest Income": -165000000.0,
        "Interest Expense": 169000000.0,
        "Interest Income": 4000000.0,
        "Normalized Income": 312680000.0,
        "Net Income From Continuing And Discontinued Operation": 297000000.0,
        "Total Expenses": 3184000000.0,
        "Total Operating Income As Reported": 524000000.0,
        "Diluted Average Shares": 186700000.0,
        "Basic Average Shares": 184400000.0,
        "Diluted EPS": 1.59,
        "Basic EPS": 1.61,
        "Diluted NI Availto Com Stockholders": 297000000.0,
        "Net Income Common Stockholders": 297000000.0,
        "Net Income": 297000000.0,
        "Minority Interests": NaN,
        "Net Income Including Noncontrolling Interests": 297000000.0,
        "Net Income Continuous Operations": 297000000.0,
        "Earnings From Equity Interest Net Of Tax": 3000000.0,
        "Tax Provision": 81000000.0,
        "Pretax Income": 375000000.0,
        "Other Income Expense": -4000000.0,
        "Other Non Operating Income Expenses": 16000000.0,
        "Special Income Charges": -20000000.0,
        "Restructuring And Mergern Acquisition": 20000000.0,
        "Net Non Operating Interest Income Expense": -165000000.0,
        "Interest Expense Non Operating": 169000000.0,
        "Interest Income Non Operating": 4000000.0,
        "Operating Income": 544000000.0,
        "Operating Expense": 741000000.0,
        "Depreciation Amortization Depletion Income Statement": 259000000.0,
        "Depreciation And Amortization In Income Statement": 259000000.0,
        "Selling General And Administration": 482000000.0,
        "Gross Profit": 1285000000.0,
        "Cost Of Revenue": 2443000000.0,
        "Total Revenue": 3728000000.0,
        "Operating Revenue": 3728000000.0
    },
    "2022-03-31": {
        "Diluted EPS": 1.68,
        "Total Revenue": NaN,
        "Gross Profit": NaN,
        "Operating Income": 495,
        "EBIT": 754,
        "Net Income": 325
    },
    "2021-12-31": {
        "Diluted EPS": 1.62,
        "Total Revenue": NaN,
        "Gross Profit": NaN,
        "Operating Income": 463,
        "EBIT": 728,
        "Net Income": 318
    },
    "2021-09-30": {
        "Diluted EPS": 1.34,
        "Total Revenue": NaN,
        "Gross Profit": NaN,
        "Operating Income": 302,
        "EBIT": 642,
        "Net Income": 261
    },
    "2021-06-30": {
        "Diluted EPS": 0.9,
        "Total Revenue": NaN,
        "Gross Profit": NaN,
        "Operating Income": 286,
        "EBIT": 634,
        "Net Income": 175
    },
    "2021-03-31": {
        "Diluted EPS": 1.09,
        "Total Revenue": NaN,
        "Gross Profit": NaN,
        "Operating Income": 342,
        "EBIT": 670,
        "Net Income": 212
    },
    "2020-12-31": {
        "Diluted EPS": 0.61,
        "Total Revenue": NaN,
        "Gross Profit": NaN,
        "Operating Income": 289,
        "EBIT": 638,
        "Net Income": 119
    },
    "2020-09-30": {
        "Diluted EPS": 0.52,
        "Total Revenue": NaN,
        "Gross Profit": 986,
        "Operating Income": 187,
        "EBIT": 511,
        "Net Income": 101
    },
    "2020-06-30": {
        "Diluted EPS": -0.12,
        "Total Revenue": NaN,
        "Gross Profit": 817,
        "Operating Income": 62,
        "EBIT": 375,
        "Net Income": -23
    },
    "2020-03-31": {
        "Diluted EPS": 0.42,
        "Total Revenue": NaN,
        "Gross Profit": 930,
        "Operating Income": 193,
        "EBIT": 512,
        "Net Income": 82
    },
    "2019-12-31": {
        "Diluted EPS": 0.08,
        "Total Revenue": NaN,
        "Gross Profit": 994,
        "Operating Income": 166,
        "EBIT": 483,
        "Net Income": 16
    },
    "2019-09-30": {
        "Diluted EPS": 0.29,
        "Total Revenue": NaN,
        "Gross Profit": 917,
        "Operating Income": 204,
        "EBIT": 507,
        "Net Income": 57
    },
    "2019-06-30": {
        "Diluted EPS": 0.3,
        "Total Revenue": NaN,
        "Gross Profit": 941,
        "Operating Income": 197,
        "EBIT": 494,
        "Net Income": 60
    },
    "2019-03-31": {
        "Diluted EPS": 0.29,
        "Total Revenue": NaN,
        "Gross Profit": 936,
        "Operating Income": 210,
        "EBIT": 508,
        "Net Income": 58
    },
    "2018-12-31": {
        "Diluted EPS": 0.34,
        "Total Revenue": NaN,
        "Gross Profit": 946,
        "Operating Income": 207,
        "EBIT": 504,
        "Net Income": 69
    },
    "2018-09-30": {
        "Diluted EPS": 0.29,
        "Total Revenue": NaN,
        "Gross Profit": 916,
        "Operating Income": 181,
        "EBIT": 467,
        "Net Income": 60
    },
    "2018-06-30": {
        "Diluted EPS": 0.29,
        "Total Revenue": NaN,
        "Gross Profit": 893,
        "Operating Income": 170,
        "EBIT": 454,
        "Net Income": 61
    },
    "2018-03-31": {
        "Diluted EPS": 0.32,
        "Total Revenue": NaN,
        "Gross Profit": 911,
        "Operating Income": 183,
        "EBIT": 468,
        "Net Income": 69
    },
    "2017-12-31": {
        "Diluted EPS": 4.63,
        "Total Revenue": NaN,
        "Gross Profit": 914,
        "Operating Income": 142,
        "EBIT": 423,
        "Net Income": NaN
    },
    "2017-09-30": {
        "Diluted EPS": 0.4,
        "Total Revenue": NaN,
        "Gross Profit": 855,
        "Operating Income": 195,
        "EBIT": 453,
        "Net Income": 88
    },
    "2017-06-30": {
        "Diluted EPS": 0.28,
        "Total Revenue": NaN,
        "Gross Profit": 798,
        "Operating Income": 126,
        "EBIT": 413,
        "Net Income": 62
    },
    "2017-03-31": {
        "Diluted EPS": 0.43,
        "Total Revenue": NaN,
        "Gross Profit": 834,
        "Operating Income": 202,
        "EBIT": 439,
        "Net Income": 100
    },
    "2016-12-31": {
        "Diluted EPS": -1.94,
        "Total Revenue": NaN,
        "Gross Profit": 780,
        "Operating Income": 79,
        "EBIT": 295,
        "Net Income": -221
    },
    "2016-09-30": {
        "Diluted EPS": 0.82,
        "Total Revenue": NaN,
        "Gross Profit": 441,
        "Operating Income": 168,
        "EBIT": 232,
        "Net Income": 100
    },
    "2016-06-30": {
        "Diluted EPS": 0.71,
        "Total Revenue": NaN,
        "Gross Profit": 432,
        "Operating Income": 150,
        "EBIT": 183,
        "Net Income": 86
    },
    "2016-03-31": {
        "Diluted EPS": 0.88,
        "Total Revenue": NaN,
        "Gross Profit": 414,
        "Operating Income": 179,
        "EBIT": 216,
        "Net Income": 107
    },
    "2015-12-31": {
        "Diluted EPS": 0.84,
        "Total Revenue": NaN,
        "Gross Profit": 452,
        "Operating Income": 177,
        "EBIT": 219,
        "Net Income": 104
    },
    "2015-09-30": {
        "Diluted EPS": 0.89,
        "Total Revenue": NaN,
        "Gross Profit": 410,
        "Operating Income": 167,
        "EBIT": 205,
        "Net Income": 111
    },
    "2015-06-30": {
        "Diluted EPS": 0.67,
        "Total Revenue": NaN,
        "Gross Profit": 391,
        "Operating Income": 158,
        "EBIT": 194,
        "Net Income": 85
    },
    "2015-03-31": {
        "Diluted EPS": 0.68,
        "Total Revenue": NaN,
        "Gross Profit": 368,
        "Operating Income": 143,
        "EBIT": 175,
        "Net Income": 86
    },
    "2014-12-31": {
        "Diluted EPS": 0.69,
        "Total Revenue": NaN,
        "Gross Profit": 409,
        "Operating Income": 159,
        "EBIT": 193,
        "Net Income": 89
    },
    "2014-09-30": {
        "Diluted EPS": 0.71,
        "Total Revenue": NaN,
        "Gross Profit": 370,
        "Operating Income": 149,
        "EBIT": 181,
        "Net Income": 93
    },
    "2014-06-30": {
        "Diluted EPS": 0.64,
        "Total Revenue": NaN,
        "Gross Profit": 361,
        "Operating Income": 141,
        "EBIT": 172,
        "Net Income": 85
    },
    "2014-03-31": {
        "Diluted EPS": 0.68,
        "Total Revenue": NaN,
        "Gross Profit": 362,
        "Operating Income": 141,
        "EBIT": 172,
        "Net Income": 90
    },
    "2013-12-31": {
        "Diluted EPS": 0.56,
        "Total Revenue": NaN,
        "Gross Profit": 362,
        "Operating Income": 127,
        "EBIT": 162,
        "Net Income": 73
    },
    "2013-09-30": {
        "Diluted EPS": 0.5,
        "Total Revenue": NaN,
        "Gross Profit": 332,
        "Operating Income": 125,
        "EBIT": 154,
        "Net Income": 67
    },
    "2013-06-30": {
        "Diluted EPS": 0.3,
        "Total Revenue": NaN,
        "Gross Profit": 327,
        "Operating Income": 95,
        "EBIT": 132,
        "Net Income": 39
    },
    "2013-03-31": {
        "Diluted EPS": 0.41,
        "Total Revenue": NaN,
        "Gross Profit": 316,
        "Operating Income": 115,
        "EBIT": 143,
        "Net Income": 48
    },
    "2012-12-31": {
        "Diluted EPS": 0.3,
        "Total Revenue": NaN,
        "Gross Profit": 317,
        "Operating Income": 94,
        "EBIT": 124,
        "Net Income": 35
    },
    "2012-09-30": {
        "Diluted EPS": 0.44,
        "Total Revenue": NaN,
        "Gross Profit": 301,
        "Operating Income": 109,
        "EBIT": 137,
        "Net Income": 52
    },
    "2012-06-30": {
        "Diluted EPS": 0.4,
        "Total Revenue": NaN,
        "Gross Profit": 317,
        "Operating Income": 101,
        "EBIT": 127,
        "Net Income": 47
    },
    "2012-03-31": {
        "Diluted EPS": 0.37,
        "Total Revenue": NaN,
        "Gross Profit": 297,
        "Operating Income": 92,
        "EBIT": 117,
        "Net Income": 43
    },
    "2011-12-31": {
        "Diluted EPS": 0.0,
        "Total Revenue": NaN,
        "Gross Profit": NaN,
        "Operating Income": NaN,
        "EBIT": NaN,
        "Net Income": NaN
    },
    "2010-12-31": {
        "Diluted EPS": 0.0,
        "Total Revenue": NaN,
        "Gross Profit": NaN,
        "Operating Income": NaN,
        "EBIT": NaN,
        "Net Income": NaN
    }
}