{
    "2023-03-31": {
        "Tax Effect Of Unusual Items": NaN,
        "Tax Rate For Calcs": NaN,
        "Normalized EBITDA": NaN,
        "Total Unusual Items": NaN,
        "Total Unusual Items Excluding Goodwill": NaN,
        "Net Income From Continuing Operation Net Minority Interest": NaN,
        "Reconciled Depreciation": NaN,
        "Reconciled Cost Of Revenue": NaN,
        "EBITDA": NaN,
        "EBIT": NaN,
        "Net Interest Income": NaN,
        "Interest Expense": NaN,
        "Normalized Income": NaN,
        "Net Income From Continuing And Discontinued Operation": NaN,
        "Total Expenses": NaN,
        "Total Operating Income As Reported": NaN,
        "Diluted Average Shares": NaN,
        "Basic Average Shares": NaN,
        "Diluted EPS": NaN,
        "Basic EPS": NaN,
        "Diluted NI Availto Com Stockholders": NaN,
        "Net Income Common Stockholders": NaN,
        "Net Income": NaN,
        "Minority Interests": NaN,
        "Net Income Including Noncontrolling Interests": NaN,
        "Net Income Discontinuous Operations": 0.0,
        "Net Income Continuous Operations": NaN,
        "Earnings From Equity Interest Net Of Tax": NaN,
        "Tax Provision": NaN,
        "Pretax Income": NaN,
        "Other Income Expense": NaN,
        "Other Non Operating Income Expenses": NaN,
        "Special Income Charges": NaN,
        "Other Special Charges": NaN,
        "Restructuring And Mergern Acquisition": NaN,
        "Gain On Sale Of Security": NaN,
        "Net Non Operating Interest Income Expense": NaN,
        "Interest Expense Non Operating": NaN,
        "Operating Income": NaN,
        "Operating Expense": NaN,
        "Other Operating Expenses": NaN,
        "Depreciation Amortization Depletion Income Statement": NaN,
        "Depreciation And Amortization In Income Statement": NaN,
        "Amortization": NaN,
        "Amortization Of Intangibles Income Statement": NaN,
        "Selling General And Administration": NaN,
        "Selling And Marketing Expense": 311100000.0,
        "Gross Profit": NaN,
        "Cost Of Revenue": NaN,
        "Total Revenue": NaN,
        "Operating Revenue": NaN
    },
    "2022-12-31": {
        "Tax Effect Of Unusual Items": NaN,
        "Tax Rate For Calcs": NaN,
        "Normalized EBITDA": NaN,
        "Total Unusual Items": NaN,
        "Total Unusual Items Excluding Goodwill": NaN,
        "Net Income From Continuing Operation Net Minority Interest": NaN,
        "Reconciled Depreciation": NaN,
        "Reconciled Cost Of Revenue": NaN,
        "EBITDA": NaN,
        "EBIT": NaN,
        "Net Interest Income": NaN,
        "Interest Expense": NaN,
        "Normalized Income": NaN,
        "Net Income From Continuing And Discontinued Operation": NaN,
        "Total Expenses": NaN,
        "Total Operating Income As Reported": NaN,
        "Diluted Average Shares": NaN,
        "Basic Average Shares": NaN,
        "Diluted EPS": NaN,
        "Basic EPS": NaN,
        "Diluted NI Availto Com Stockholders": NaN,
        "Net Income Common Stockholders": NaN,
        "Net Income": NaN,
        "Minority Interests": NaN,
        "Net Income Including Noncontrolling Interests": NaN,
        "Net Income Discontinuous Operations": 14600000.0,
        "Net Income Continuous Operations": NaN,
        "Earnings From Equity Interest Net Of Tax": NaN,
        "Tax Provision": NaN,
        "Pretax Income": NaN,
        "Other Income Expense": NaN,
        "Other Non Operating Income Expenses": NaN,
        "Special Income Charges": NaN,
        "Other Special Charges": 0.0,
        "Restructuring And Mergern Acquisition": NaN,
        "Gain On Sale Of Security": NaN,
        "Net Non Operating Interest Income Expense": NaN,
        "Interest Expense Non Operating": NaN,
        "Operating Income": NaN,
        "Operating Expense": NaN,
        "Other Operating Expenses": NaN,
        "Depreciation Amortization Depletion Income Statement": NaN,
        "Depreciation And Amortization In Income Statement": NaN,
        "Amortization": NaN,
        "Amortization Of Intangibles Income Statement": NaN,
        "Selling General And Administration": NaN,
        "Selling And Marketing Expense": NaN,
        "Gross Profit": NaN,
        "Cost Of Revenue": NaN,
        "Total Revenue": NaN,
        "Operating Revenue": NaN
    },
    "2022-09-30": {
        "Tax Effect Of Unusual Items": 0.0,
        "Tax Rate For Calcs": 0.174942,
        "Normalized EBITDA": 314800000.0,
        "Total Unusual Items": 0.0,
        "Total Unusual Items Excluding Goodwill": 0.0,
        "Net Income From Continuing Operation Net Minority Interest": 144600000.0,
        "Reconciled Depreciation": 115000000.0,
        "Reconciled Cost Of Revenue": 919200000.0,
        "EBITDA": 314800000.0,
        "EBIT": 199800000.0,
        "Net Interest Income": -26600000.0,
        "Interest Expense": 26600000.0,
        "Normalized Income": 144600000.0,
        "Net Income From Continuing And Discontinued Operation": 145100000.0,
        "Total Expenses": 1325700000.0,
        "Total Operating Income As Reported": 190000000.0,
        "Diluted Average Shares": 408500000.0,
        "Basic Average Shares": 404000000.0,
        "Diluted EPS": 0.36,
        "Basic EPS": 0.36,
        "Diluted NI Availto Com Stockholders": 145100000.0,
        "Net Income Common Stockholders": 145100000.0,
        "Net Income": 145100000.0,
        "Minority Interests": -900000.0,
        "Net Income Including Noncontrolling Interests": 146000000.0,
        "Net Income Discontinuous Operations": 500000.0,
        "Net Income Continuous Operations": 145500000.0,
        "Earnings From Equity Interest Net Of Tax": 2600000.0,
        "Tax Provision": 30300000.0,
        "Pretax Income": 173200000.0,
        "Other Income Expense": 9800000.0,
        "Other Non Operating Income Expenses": 9800000.0,
        "Special Income Charges": 0.0,
        "Other Special Charges": NaN,
        "Restructuring And Mergern Acquisition": 18800000.0,
        "Gain On Sale Of Security": 6700000.0,
        "Net Non Operating Interest Income Expense": -26600000.0,
        "Interest Expense Non Operating": 26600000.0,
        "Operating Income": 190000000.0,
        "Operating Expense": 385300000.0,
        "Other Operating Expenses": 12800000.0,
        "Depreciation Amortization Depletion Income Statement": 93800000.0,
        "Depreciation And Amortization In Income Statement": 93800000.0,
        "Amortization": 93800000.0,
        "Amortization Of Intangibles Income Statement": 93800000.0,
        "Selling General And Administration": 278700000.0,
        "Selling And Marketing Expense": NaN,
        "Gross Profit": 575300000.0,
        "Cost Of Revenue": 940400000.0,
        "Total Revenue": 1515700000.0,
        "Operating Revenue": 1515700000.0
    },
    "2022-06-30": {
        "Tax Effect Of Unusual Items": -255346.260388,
        "Tax Rate For Calcs": 0.232133,
        "Normalized EBITDA": 309300000.0,
        "Total Unusual Items": -1100000.0,
        "Total Unusual Items Excluding Goodwill": -1100000.0,
        "Net Income From Continuing Operation Net Minority Interest": 137000000.0,
        "Reconciled Depreciation": 104500000.0,
        "Reconciled Cost Of Revenue": 849200000.0,
        "EBITDA": 308200000.0,
        "EBIT": 203700000.0,
        "Net Interest Income": -23200000.0,
        "Interest Expense": 23200000.0,
        "Normalized Income": 137844653.739612,
        "Net Income From Continuing And Discontinued Operation": 138500000.0,
        "Total Expenses": 1242500000.0,
        "Total Operating Income As Reported": 197400000.0,
        "Diluted Average Shares": 409400000.0,
        "Basic Average Shares": 404500000.0,
        "Diluted EPS": 0.34,
        "Basic EPS": 0.34,
        "Diluted NI Availto Com Stockholders": 138500000.0,
        "Net Income Common Stockholders": 138500000.0,
        "Net Income": 138500000.0,
        "Minority Interests": -800000.0,
        "Net Income Including Noncontrolling Interests": 139300000.0,
        "Net Income Discontinuous Operations": 1500000.0,
        "Net Income Continuous Operations": 137800000.0,
        "Earnings From Equity Interest Net Of Tax": -800000.0,
        "Tax Provision": 41900000.0,
        "Pretax Income": 180500000.0,
        "Other Income Expense": 6300000.0,
        "Other Non Operating Income Expenses": 7400000.0,
        "Special Income Charges": -1100000.0,
        "Other Special Charges": 1100000.0,
        "Restructuring And Mergern Acquisition": 14300000.0,
        "Gain On Sale Of Security": 1800000.0,
        "Net Non Operating Interest Income Expense": -23200000.0,
        "Interest Expense Non Operating": 23200000.0,
        "Operating Income": 197400000.0,
        "Operating Expense": 372400000.0,
        "Other Operating Expenses": 13200000.0,
        "Depreciation Amortization Depletion Income Statement": 83600000.0,
        "Depreciation And Amortization In Income Statement": 83600000.0,
        "Amortization": 83600000.0,
        "Amortization Of Intangibles Income Statement": 83600000.0,
        "Selling General And Administration": 275600000.0,
        "Selling And Marketing Expense": NaN,
        "Gross Profit": 569800000.0,
        "Cost Of Revenue": 870100000.0,
        "Total Revenue": 1439900000.0,
        "Operating Revenue": 1439900000.0
    },
    "2023-06-30": {
        "Tax Effect Of Unusual Items": NaN,
        "Tax Rate For Calcs": NaN,
        "Normalized EBITDA": NaN,
        "Total Unusual Items": NaN,
        "Total Unusual Items Excluding Goodwill": NaN,
        "Net Income From Continuing Operation Net Minority Interest": NaN,
        "Reconciled Depreciation": NaN,
        "Reconciled Cost Of Revenue": NaN,
        "EBITDA": NaN,
        "EBIT": NaN,
        "Net Interest Income": NaN,
        "Interest Expense": NaN,
        "Normalized Income": NaN,
        "Net Income From Continuing And Discontinued Operation": NaN,
        "Total Expenses": NaN,
        "Total Operating Income As Reported": NaN,
        "Diluted Average Shares": NaN,
        "Basic Average Shares": NaN,
        "Diluted EPS": NaN,
        "Basic EPS": NaN,
        "Diluted NI Availto Com Stockholders": NaN,
        "Net Income Common Stockholders": NaN,
        "Net Income": NaN,
        "Minority Interests": NaN,
        "Net Income Including Noncontrolling Interests": NaN,
        "Net Income Discontinuous Operations": 0.0,
        "Net Income Continuous Operations": NaN,
        "Earnings From Equity Interest Net Of Tax": NaN,
        "Tax Provision": NaN,
        "Pretax Income": NaN,
        "Other Income Expense": NaN,
        "Other Non Operating Income Expenses": NaN,
        "Special Income Charges": NaN,
        "Other Special Charges": 900000.0,
        "Restructuring And Mergern Acquisition": NaN,
        "Gain On Sale Of Security": 1100000.0,
        "Net Non Operating Interest Income Expense": NaN,
        "Interest Expense Non Operating": NaN,
        "Operating Income": NaN,
        "Operating Expense": NaN,
        "Other Operating Expenses": NaN,
        "Depreciation Amortization Depletion Income Statement": NaN,
        "Depreciation And Amortization In Income Statement": NaN,
        "Amortization": NaN,
        "Amortization Of Intangibles Income Statement": NaN,
        "Selling General And Administration": NaN,
        "Selling And Marketing Expense": NaN,
        "Gross Profit": NaN,
        "Cost Of Revenue": NaN,
        "Total Revenue": NaN,
        "Operating Revenue": NaN
    },
    "2023-09-30": {
        "Tax Effect Of Unusual Items": -5698000.0,
        "Tax Rate For Calcs": 0.22,
        "Normalized EBITDA": 455000000.0,
        "Total Unusual Items": -25900000.0,
        "Total Unusual Items Excluding Goodwill": -25900000.0,
        "Net Income From Continuing Operation Net Minority Interest": 208300000.0,
        "Reconciled Depreciation": 115700000.0,
        "Reconciled Cost Of Revenue": 976100000.0,
        "EBITDA": 429100000.0,
        "EBIT": 313400000.0,
        "Net Interest Income": -39600000.0,
        "Interest Expense": 39600000.0,
        "Normalized Income": 228502000.0,
        "Net Income From Continuing And Discontinued Operation": 208300000.0,
        "Total Expenses": 1407200000.0,
        "Total Operating Income As Reported": 318400000.0,
        "Diluted Average Shares": 408600000.0,
        "Basic Average Shares": 404500000.0,
        "Diluted EPS": 0.51,
        "Basic EPS": 0.51,
        "Diluted NI Availto Com Stockholders": 208300000.0,
        "Net Income Common Stockholders": 208300000.0,
        "Net Income": 208300000.0,
        "Minority Interests": -1300000.0,
        "Net Income Including Noncontrolling Interests": 209600000.0,
        "Net Income Discontinuous Operations": 0.0,
        "Net Income Continuous Operations": 209600000.0,
        "Earnings From Equity Interest Net Of Tax": -3900000.0,
        "Tax Provision": 60300000.0,
        "Pretax Income": 273800000.0,
        "Other Income Expense": -18300000.0,
        "Other Non Operating Income Expenses": 7600000.0,
        "Special Income Charges": -24800000.0,
        "Other Special Charges": 12600000.0,
        "Restructuring And Mergern Acquisition": 12200000.0,
        "Gain On Sale Of Security": -1100000.0,
        "Net Non Operating Interest Income Expense": -39600000.0,
        "Interest Expense Non Operating": 39600000.0,
        "Operating Income": 331700000.0,
        "Operating Expense": 407600000.0,
        "Other Operating Expenses": 200000.0,
        "Depreciation Amortization Depletion Income Statement": 92200000.0,
        "Depreciation And Amortization In Income Statement": 92200000.0,
        "Amortization": 92200000.0,
        "Amortization Of Intangibles Income Statement": 92200000.0,
        "Selling General And Administration": 315200000.0,
        "Selling And Marketing Expense": NaN,
        "Gross Profit": 739300000.0,
        "Cost Of Revenue": 999600000.0,
        "Total Revenue": 1738900000.0,
        "Operating Revenue": 1738900000.0
    },
    "2023-12-31": {
        "Tax Effect Of Unusual Items": -6453122.966818,
        "Tax Rate For Calcs": 0.231295,
        "Normalized EBITDA": 490300000.0,
        "Total Unusual Items": -27900000.0,
        "Total Unusual Items Excluding Goodwill": -27900000.0,
        "Net Income From Continuing Operation Net Minority Interest": 229800000.0,
        "Reconciled Depreciation": 117600000.0,
        "Reconciled Cost Of Revenue": 1015800000.0,
        "EBITDA": 462400000.0,
        "EBIT": 344800000.0,
        "Net Interest Income": -37400000.0,
        "Interest Expense": 37400000.0,
        "Normalized Income": 251246877.033182,
        "Net Income From Continuing And Discontinued Operation": 229800000.0,
        "Total Expenses": 1460300000.0,
        "Total Operating Income As Reported": 333200000.0,
        "Diluted Average Shares": 408200000.0,
        "Basic Average Shares": 404200000.0,
        "Diluted EPS": 0.56,
        "Basic EPS": 0.57,
        "Diluted NI Availto Com Stockholders": 229800000.0,
        "Net Income Common Stockholders": 229800000.0,
        "Net Income": 229800000.0,
        "Minority Interests": -1700000.0,
        "Net Income Including Noncontrolling Interests": 231500000.0,
        "Net Income Discontinuous Operations": 0.0,
        "Net Income Continuous Operations": 231500000.0,
        "Earnings From Equity Interest Net Of Tax": -4800000.0,
        "Tax Provision": 71100000.0,
        "Pretax Income": 307400000.0,
        "Other Income Expense": -16300000.0,
        "Other Non Operating Income Expenses": 11600000.0,
        "Special Income Charges": -23800000.0,
        "Other Special Charges": 0.0,
        "Restructuring And Mergern Acquisition": 23800000.0,
        "Gain On Sale Of Security": -4100000.0,
        "Net Non Operating Interest Income Expense": -37400000.0,
        "Interest Expense Non Operating": 37400000.0,
        "Operating Income": 361100000.0,
        "Operating Expense": 420100000.0,
        "Other Operating Expenses": -3900000.0,
        "Depreciation Amortization Depletion Income Statement": 93200000.0,
        "Depreciation And Amortization In Income Statement": 93200000.0,
        "Amortization": 93200000.0,
        "Amortization Of Intangibles Income Statement": 93200000.0,
        "Selling General And Administration": 330800000.0,
        "Selling And Marketing Expense": NaN,
        "Gross Profit": 781200000.0,
        "Cost Of Revenue": 1040200000.0,
        "Total Revenue": 1821400000.0,
        "Operating Revenue": 1821400000.0
    },
    "2024-03-31": {
        "Tax Effect Of Unusual Items": -4908600.0,
        "Tax Rate For Calcs": 0.202,
        "Normalized EBITDA": 447900000.0,
        "Total Unusual Items": -24300000.0,
        "Total Unusual Items Excluding Goodwill": -24300000.0,
        "Net Income From Continuing Operation Net Minority Interest": 202200000.0,
        "Reconciled Depreciation": 117200000.0,
        "Reconciled Cost Of Revenue": 898200000.0,
        "EBITDA": 423600000.0,
        "EBIT": 306400000.0,
        "Net Interest Income": -36800000.0,
        "Interest Expense": 36800000.0,
        "Normalized Income": 221591400.0,
        "Net Income From Continuing And Discontinued Operation": 202200000.0,
        "Total Expenses": 1352600000.0,
        "Total Operating Income As Reported": 293200000.0,
        "Diluted Average Shares": 407900000.0,
        "Basic Average Shares": 403500000.0,
        "Diluted EPS": 0.5,
        "Basic EPS": 0.5,
        "Diluted NI Availto Com Stockholders": 202200000.0,
        "Net Income Common Stockholders": 202200000.0,
        "Net Income": 202200000.0,
        "Minority Interests": -2300000.0,
        "Net Income Including Noncontrolling Interests": 204500000.0,
        "Net Income Discontinuous Operations": NaN,
        "Net Income Continuous Operations": 204500000.0,
        "Earnings From Equity Interest Net Of Tax": -10700000.0,
        "Tax Provision": 54400000.0,
        "Pretax Income": 269600000.0,
        "Other Income Expense": -11100000.0,
        "Other Non Operating Income Expenses": 13200000.0,
        "Special Income Charges": -25000000.0,
        "Other Special Charges": NaN,
        "Restructuring And Mergern Acquisition": 25000000.0,
        "Gain On Sale Of Security": 700000.0,
        "Net Non Operating Interest Income Expense": -36800000.0,
        "Interest Expense Non Operating": 36800000.0,
        "Operating Income": 317500000.0,
        "Operating Expense": 428800000.0,
        "Other Operating Expenses": 900000.0,
        "Depreciation Amortization Depletion Income Statement": 91600000.0,
        "Depreciation And Amortization In Income Statement": 91600000.0,
        "Amortization": 91600000.0,
        "Amortization Of Intangibles Income Statement": 91600000.0,
        "Selling General And Administration": 336300000.0,
        "Selling And Marketing Expense": 336300000.0,
        "Gross Profit": 746300000.0,
        "Cost Of Revenue": 923800000.0,
        "Total Revenue": 1670100000.0,
        "Operating Revenue": 1670100000.0
    },
    "2024-06-30": {
        "Tax Effect Of Unusual Items": -17862000.0,
        "Tax Rate For Calcs": 0.195,
        "Normalized EBITDA": 495400000.0,
        "Total Unusual Items": -91600000.0,
        "Total Unusual Items Excluding Goodwill": -91600000.0,
        "Net Income From Continuing Operation Net Minority Interest": 185000000.0,
        "Reconciled Depreciation": 116900000.0,
        "Reconciled Cost Of Revenue": 986300000.0,
        "EBITDA": 403800000.0,
        "EBIT": 286900000.0,
        "Net Interest Income": -50800000.0,
        "Interest Expense": 50800000.0,
        "Normalized Income": 258738000.0,
        "Net Income From Continuing And Discontinued Operation": 185000000.0,
        "Total Expenses": 1444900000.0,
        "Total Operating Income As Reported": 271800000.0,
        "Diluted Average Shares": 407400000.0,
        "Basic Average Shares": 403500000.0,
        "Diluted EPS": 0.45,
        "Basic EPS": 0.46,
        "Diluted NI Availto Com Stockholders": 185000000.0,
        "Net Income Common Stockholders": 185000000.0,
        "Net Income": 185000000.0,
        "Minority Interests": -1500000.0,
        "Net Income Including Noncontrolling Interests": 186500000.0,
        "Net Income Discontinuous Operations": NaN,
        "Net Income Continuous Operations": 186500000.0,
        "Earnings From Equity Interest Net Of Tax": -3500000.0,
        "Tax Provision": 46100000.0,
        "Pretax Income": 236100000.0,
        "Other Income Expense": -73500000.0,
        "Other Non Operating Income Expenses": 18100000.0,
        "Special Income Charges": -91600000.0,
        "Other Special Charges": 61800000.0,
        "Restructuring And Mergern Acquisition": 29800000.0,
        "Gain On Sale Of Security": NaN,
        "Net Non Operating Interest Income Expense": -50800000.0,
        "Interest Expense Non Operating": 50800000.0,
        "Operating Income": 360400000.0,
        "Operating Expense": 432900000.0,
        "Other Operating Expenses": -400000.0,
        "Depreciation Amortization Depletion Income Statement": 91200000.0,
        "Depreciation And Amortization In Income Statement": 91200000.0,
        "Amortization": 91200000.0,
        "Amortization Of Intangibles Income Statement": 91200000.0,
        "Selling General And Administration": 342100000.0,
        "Selling And Marketing Expense": NaN,
        "Gross Profit": 793300000.0,
        "Cost Of Revenue": 1012000000.0,
        "Total Revenue": 1805300000.0,
        "Operating Revenue": 1805300000.0
    },
    "2024-09-30": {
        "Tax Effect Of Unusual Items": -7037880.794702,
        "Tax Rate For Calcs": 0.244371,
        "Normalized EBITDA": 518900000.0,
        "Total Unusual Items": -28800000.0,
        "Total Unusual Items Excluding Goodwill": -28800000.0,
        "Net Income From Continuing Operation Net Minority Interest": 221600000.0,
        "Reconciled Depreciation": 124300000.0,
        "Reconciled Cost Of Revenue": 1016700000.0,
        "EBITDA": 490100000.0,
        "EBIT": 365800000.0,
        "Net Interest Income": -63800000.0,
        "Interest Expense": 63800000.0,
        "Normalized Income": 243362119.205298,
        "Net Income From Continuing And Discontinued Operation": 221600000.0,
        "Total Expenses": 1475900000.0,
        "Total Operating Income As Reported": 356300000.0,
        "Diluted Average Shares": 406900000.0,
        "Basic Average Shares": 403400000.0,
        "Diluted EPS": 0.54,
        "Basic EPS": 0.55,
        "Diluted NI Availto Com Stockholders": 221600000.0,
        "Net Income Common Stockholders": 221600000.0,
        "Net Income": 221600000.0,
        "Minority Interests": -1800000.0,
        "Net Income Including Noncontrolling Interests": 223400000.0,
        "Net Income Discontinuous Operations": NaN,
        "Net Income Continuous Operations": 223400000.0,
        "Earnings From Equity Interest Net Of Tax": -4800000.0,
        "Tax Provision": 73800000.0,
        "Pretax Income": 302000000.0,
        "Other Income Expense": -19300000.0,
        "Other Non Operating Income Expenses": 9500000.0,
        "Special Income Charges": -18900000.0,
        "Other Special Charges": NaN,
        "Restructuring And Mergern Acquisition": 18900000.0,
        "Gain On Sale Of Security": -9900000.0,
        "Net Non Operating Interest Income Expense": -63800000.0,
        "Interest Expense Non Operating": 63800000.0,
        "Operating Income": 385100000.0,
        "Operating Expense": 429900000.0,
        "Other Operating Expenses": 600000.0,
        "Depreciation Amortization Depletion Income Statement": 95000000.0,
        "Depreciation And Amortization In Income Statement": 95000000.0,
        "Amortization": 95000000.0,
        "Amortization Of Intangibles Income Statement": 95000000.0,
        "Selling General And Administration": 334300000.0,
        "Selling And Marketing Expense": NaN,
        "Gross Profit": 815000000.0,
        "Cost Of Revenue": 1046000000.0,
        "Total Revenue": 1861000000.0,
        "Operating Revenue": 1861000000.0
    }
}