{
    "2022-12-31": {
        "Tax Effect Of Unusual Items": NaN,
        "Tax Rate For Calcs": NaN,
        "Normalized EBITDA": NaN,
        "Total Unusual Items": NaN,
        "Total Unusual Items Excluding Goodwill": NaN,
        "Net Income From Continuing Operation Net Minority Interest": NaN,
        "Reconciled Depreciation": NaN,
        "Reconciled Cost Of Revenue": NaN,
        "EBITDA": NaN,
        "EBIT": NaN,
        "Net Interest Income": NaN,
        "Interest Expense": NaN,
        "Interest Income": NaN,
        "Normalized Income": NaN,
        "Net Income From Continuing And Discontinued Operation": NaN,
        "Total Expenses": NaN,
        "Rent Expense Supplemental": 54000.0,
        "Total Operating Income As Reported": NaN,
        "Diluted Average Shares": 53028867.0,
        "Basic Average Shares": 53028867.0,
        "Diluted EPS": -2.7146,
        "Basic EPS": -2.7146,
        "Diluted NI Availto Com Stockholders": NaN,
        "Net Income Common Stockholders": NaN,
        "Net Income": NaN,
        "Net Income Including Noncontrolling Interests": NaN,
        "Net Income Continuous Operations": NaN,
        "Tax Provision": NaN,
        "Pretax Income": NaN,
        "Other Income Expense": NaN,
        "Other Non Operating Income Expenses": NaN,
        "Special Income Charges": NaN,
        "Gain On Sale Of Ppe": NaN,
        "Gain On Sale Of Business": NaN,
        "Write Off": NaN,
        "Impairment Of Capital Assets": NaN,
        "Gain On Sale Of Security": NaN,
        "Net Non Operating Interest Income Expense": NaN,
        "Total Other Finance Cost": 459000.0,
        "Interest Expense Non Operating": NaN,
        "Interest Income Non Operating": NaN,
        "Operating Income": NaN,
        "Operating Expense": NaN,
        "Other Operating Expenses": NaN,
        "Other Taxes": 535000.0,
        "Depreciation Amortization Depletion Income Statement": NaN,
        "Depreciation And Amortization In Income Statement": NaN,
        "Depreciation Income Statement": NaN,
        "Selling General And Administration": NaN,
        "Selling And Marketing Expense": 99000.0,
        "General And Administrative Expense": NaN,
        "Other Gand A": NaN,
        "Insurance And Claims": 1437000.0,
        "Rent And Landing Fees": 54000.0,
        "Salaries And Wages": NaN,
        "Gross Profit": NaN,
        "Cost Of Revenue": NaN,
        "Total Revenue": NaN,
        "Operating Revenue": NaN
    },
    "2022-06-30": {
        "Tax Effect Of Unusual Items": 11464463.249619,
        "Tax Rate For Calcs": 0.4,
        "Normalized EBITDA": -6313086.980975,
        "Total Unusual Items": 28661158.124049,
        "Total Unusual Items Excluding Goodwill": 28661158.124049,
        "Net Income From Continuing Operation Net Minority Interest": 17816519.786128,
        "Reconciled Depreciation": 3426071.727996,
        "Reconciled Cost Of Revenue": 3637222.652998,
        "EBITDA": 22348071.143074,
        "EBIT": 18921999.415078,
        "Net Interest Income": -1925581.877901,
        "Interest Expense": 1632298.895396,
        "Interest Income": 67001.589789,
        "Normalized Income": 619824.911699,
        "Net Income From Continuing And Discontinued Operation": 17816519.786128,
        "Total Expenses": 20764771.062834,
        "Rent Expense Supplemental": 69014.308104,
        "Total Operating Income As Reported": NaN,
        "Diluted Average Shares": 52984751.0,
        "Basic Average Shares": 52984751.0,
        "Diluted EPS": 1.597155,
        "Basic EPS": 1.597155,
        "Diluted NI Availto Com Stockholders": 17816519.786128,
        "Net Income Common Stockholders": 17816519.786128,
        "Net Income": 17816519.786128,
        "Net Income Including Noncontrolling Interests": 17816519.786128,
        "Net Income Continuous Operations": 17816519.786128,
        "Tax Provision": -526819.266447,
        "Pretax Income": 17289700.519681,
        "Other Income Expense": 27556127.228142,
        "Other Non Operating Income Expenses": -1105030.895906,
        "Special Income Charges": 8666.834144,
        "Gain On Sale Of Ppe": 12000.0,
        "Other Special Charges": 5810.710081,
        "Write Off": -2477.544225,
        "Impairment Of Capital Assets": NaN,
        "Gain On Sale Of Security": 28652491.289904,
        "Net Non Operating Interest Income Expense": -1925581.877901,
        "Total Other Finance Cost": 360284.572294,
        "Interest Expense Non Operating": 1632298.895396,
        "Interest Income Non Operating": 67001.589789,
        "Operating Income": -8340844.83056,
        "Operating Expense": 17127548.409836,
        "Other Operating Expenses": 4729505.238056,
        "Other Taxes": NaN,
        "Depreciation Amortization Depletion Income Statement": 3426071.727996,
        "Depreciation And Amortization In Income Statement": 3426071.727996,
        "Depreciation Income Statement": NaN,
        "Selling General And Administration": 11232476.68184,
        "Selling And Marketing Expense": 31286.26707,
        "General And Administrative Expense": 11201190.41477,
        "Other Gand A": 2507069.740759,
        "Insurance And Claims": 1980658.675226,
        "Rent And Landing Fees": 69014.308104,
        "Salaries And Wages": 6644447.690681,
        "Gross Profit": 8786703.579276,
        "Cost Of Revenue": 3637222.652998,
        "Total Revenue": 12423926.232274,
        "Operating Revenue": 12423926.232274
    },
    "2022-03-31": {
        "Diluted EPS": -0.05,
        "Total Revenue": 15,
        "Gross Profit": 15,
        "Operating Income": 1,
        "EBIT": 1,
        "Net Income": -3
    },
    "2021-12-31": {
        "Diluted EPS": 0.69,
        "Total Revenue": 20,
        "Gross Profit": 20,
        "Operating Income": 5,
        "EBIT": 5,
        "Net Income": 72
    },
    "2021-09-30": {
        "Diluted EPS": -23.74,
        "Total Revenue": 11,
        "Gross Profit": 11,
        "Operating Income": 3,
        "EBIT": 3,
        "Net Income": -499
    },
    "2021-06-30": {
        "Diluted EPS": 0.0,
        "Total Revenue": NaN,
        "Gross Profit": NaN,
        "Operating Income": NaN,
        "EBIT": NaN,
        "Net Income": NaN
    },
    "2023-12-31": {
        "Tax Effect Of Unusual Items": -804038.614333,
        "Tax Rate For Calcs": 0.169236,
        "Normalized EBITDA": 6046000.0,
        "Total Unusual Items": -4751000.0,
        "Total Unusual Items Excluding Goodwill": -4751000.0,
        "Net Income From Continuing Operation Net Minority Interest": -5228000.0,
        "Reconciled Depreciation": 7558000.0,
        "Reconciled Cost Of Revenue": 4334000.0,
        "EBITDA": 1295000.0,
        "EBIT": -6263000.0,
        "Net Interest Income": 635000.0,
        "Interest Expense": 30000.0,
        "Interest Income": 665000.0,
        "Normalized Income": -1281038.614333,
        "Net Income From Continuing And Discontinued Operation": -5228000.0,
        "Total Expenses": 44751000.0,
        "Rent Expense Supplemental": 92000.0,
        "Total Operating Income As Reported": -2221000.0,
        "Diluted Average Shares": 72665044.0,
        "Basic Average Shares": 72665044.0,
        "Diluted EPS": -0.072,
        "Basic EPS": -0.072,
        "Diluted NI Availto Com Stockholders": -5228000.0,
        "Net Income Common Stockholders": -5228000.0,
        "Net Income": -5228000.0,
        "Net Income Including Noncontrolling Interests": -5228000.0,
        "Net Income Continuous Operations": -5228000.0,
        "Tax Provision": -1065000.0,
        "Pretax Income": -6293000.0,
        "Other Income Expense": -4224000.0,
        "Other Non Operating Income Expenses": 527000.0,
        "Special Income Charges": 113000.0,
        "Gain On Sale Of Ppe": 5000.0,
        "Gain On Sale Of Business": NaN,
        "Other Special Charges": NaN,
        "Write Off": 0.0,
        "Impairment Of Capital Assets": -108000.0,
        "Gain On Sale Of Security": -4864000.0,
        "Net Non Operating Interest Income Expense": 635000.0,
        "Interest Expense Non Operating": 30000.0,
        "Interest Income Non Operating": 665000.0,
        "Operating Income": -2704000.0,
        "Operating Expense": 40417000.0,
        "Other Operating Expenses": 19154000.0,
        "Other Taxes": 1680000.0,
        "Depreciation Amortization Depletion Income Statement": 7558000.0,
        "Depreciation And Amortization In Income Statement": 7558000.0,
        "Depreciation Income Statement": 7558000.0,
        "Selling General And Administration": 12025000.0,
        "Selling And Marketing Expense": 401000.0,
        "General And Administrative Expense": 11624000.0,
        "Other Gand A": 4119000.0,
        "Insurance And Claims": 1447000.0,
        "Rent And Landing Fees": 92000.0,
        "Salaries And Wages": 5966000.0,
        "Gross Profit": 37713000.0,
        "Cost Of Revenue": 4334000.0,
        "Total Revenue": 42047000.0,
        "Operating Revenue": 42047000.0
    },
    "2024-03-31": {
        "Tax Effect Of Unusual Items": 1065328.626868,
        "Tax Rate For Calcs": 0.286764,
        "Normalized EBITDA": 17214000.0,
        "Total Unusual Items": 3715000.0,
        "Total Unusual Items Excluding Goodwill": 3715000.0,
        "Net Income From Continuing Operation Net Minority Interest": 8638000.0,
        "Reconciled Depreciation": 8692000.0,
        "Reconciled Cost Of Revenue": 4333000.0,
        "EBITDA": 20929000.0,
        "EBIT": 12237000.0,
        "Net Interest Income": 1374000.0,
        "Interest Expense": 126000.0,
        "Interest Income": 1500000.0,
        "Normalized Income": 5988328.626868,
        "Net Income From Continuing And Discontinued Operation": 8638000.0,
        "Total Expenses": 47327000.0,
        "Rent Expense Supplemental": NaN,
        "Total Operating Income As Reported": 6023000.0,
        "Diluted Average Shares": 112195908.0,
        "Basic Average Shares": 104496782.0,
        "Diluted EPS": 0.077,
        "Basic EPS": 0.0827,
        "Diluted NI Availto Com Stockholders": 8638000.0,
        "Net Income Common Stockholders": 8638000.0,
        "Net Income": 8638000.0,
        "Net Income Including Noncontrolling Interests": 8638000.0,
        "Net Income Continuous Operations": 8638000.0,
        "Tax Provision": 3473000.0,
        "Pretax Income": 12111000.0,
        "Other Income Expense": 4114000.0,
        "Other Non Operating Income Expenses": 399000.0,
        "Special Income Charges": 1000.0,
        "Gain On Sale Of Ppe": 1000.0,
        "Gain On Sale Of Business": 0.0,
        "Other Special Charges": NaN,
        "Write Off": 0.0,
        "Impairment Of Capital Assets": 0.0,
        "Gain On Sale Of Security": 3714000.0,
        "Net Non Operating Interest Income Expense": 1374000.0,
        "Interest Expense Non Operating": 126000.0,
        "Interest Income Non Operating": 1500000.0,
        "Operating Income": 6623000.0,
        "Operating Expense": 42994000.0,
        "Other Operating Expenses": 26467000.0,
        "Other Taxes": NaN,
        "Depreciation Amortization Depletion Income Statement": 8692000.0,
        "Depreciation And Amortization In Income Statement": 8692000.0,
        "Depreciation Income Statement": 8692000.0,
        "Selling General And Administration": 7835000.0,
        "Selling And Marketing Expense": NaN,
        "General And Administrative Expense": 7835000.0,
        "Other Gand A": 2018000.0,
        "Insurance And Claims": NaN,
        "Rent And Landing Fees": NaN,
        "Salaries And Wages": 5817000.0,
        "Gross Profit": 49617000.0,
        "Cost Of Revenue": 4333000.0,
        "Total Revenue": 53950000.0,
        "Operating Revenue": 53950000.0
    },
    "2023-06-30": {
        "Tax Effect Of Unusual Items": NaN,
        "Tax Rate For Calcs": NaN,
        "Normalized EBITDA": NaN,
        "Total Unusual Items": NaN,
        "Total Unusual Items Excluding Goodwill": NaN,
        "Net Income From Continuing Operation Net Minority Interest": NaN,
        "Reconciled Depreciation": NaN,
        "Reconciled Cost Of Revenue": NaN,
        "EBITDA": NaN,
        "EBIT": NaN,
        "Net Interest Income": NaN,
        "Interest Expense": NaN,
        "Interest Income": NaN,
        "Normalized Income": NaN,
        "Net Income From Continuing And Discontinued Operation": NaN,
        "Total Expenses": NaN,
        "Rent Expense Supplemental": NaN,
        "Total Operating Income As Reported": NaN,
        "Diluted Average Shares": NaN,
        "Basic Average Shares": NaN,
        "Diluted EPS": NaN,
        "Basic EPS": NaN,
        "Diluted NI Availto Com Stockholders": NaN,
        "Net Income Common Stockholders": NaN,
        "Net Income": NaN,
        "Net Income Including Noncontrolling Interests": NaN,
        "Net Income Continuous Operations": NaN,
        "Tax Provision": NaN,
        "Pretax Income": NaN,
        "Other Income Expense": NaN,
        "Other Non Operating Income Expenses": -3097000.0,
        "Special Income Charges": NaN,
        "Gain On Sale Of Ppe": NaN,
        "Gain On Sale Of Business": 1000.0,
        "Other Special Charges": NaN,
        "Write Off": NaN,
        "Impairment Of Capital Assets": 104088000.0,
        "Gain On Sale Of Security": NaN,
        "Net Non Operating Interest Income Expense": NaN,
        "Interest Expense Non Operating": NaN,
        "Interest Income Non Operating": NaN,
        "Operating Income": NaN,
        "Operating Expense": NaN,
        "Other Operating Expenses": NaN,
        "Other Taxes": NaN,
        "Depreciation Amortization Depletion Income Statement": NaN,
        "Depreciation And Amortization In Income Statement": NaN,
        "Depreciation Income Statement": NaN,
        "Selling General And Administration": NaN,
        "Selling And Marketing Expense": NaN,
        "General And Administrative Expense": NaN,
        "Other Gand A": NaN,
        "Insurance And Claims": NaN,
        "Rent And Landing Fees": NaN,
        "Salaries And Wages": NaN,
        "Gross Profit": NaN,
        "Cost Of Revenue": NaN,
        "Total Revenue": NaN,
        "Operating Revenue": NaN
    },
    "2023-03-31": {
        "Tax Effect Of Unusual Items": NaN,
        "Tax Rate For Calcs": NaN,
        "Normalized EBITDA": NaN,
        "Total Unusual Items": NaN,
        "Total Unusual Items Excluding Goodwill": NaN,
        "Net Income From Continuing Operation Net Minority Interest": NaN,
        "Reconciled Depreciation": NaN,
        "Reconciled Cost Of Revenue": NaN,
        "EBITDA": NaN,
        "EBIT": NaN,
        "Net Interest Income": NaN,
        "Interest Expense": NaN,
        "Interest Income": NaN,
        "Normalized Income": NaN,
        "Net Income From Continuing And Discontinued Operation": NaN,
        "Total Expenses": NaN,
        "Rent Expense Supplemental": NaN,
        "Total Operating Income As Reported": NaN,
        "Diluted Average Shares": 53559687.0,
        "Basic Average Shares": 53559687.0,
        "Diluted EPS": -0.057,
        "Basic EPS": -0.057,
        "Diluted NI Availto Com Stockholders": NaN,
        "Net Income Common Stockholders": NaN,
        "Net Income": NaN,
        "Net Income Including Noncontrolling Interests": NaN,
        "Net Income Continuous Operations": NaN,
        "Tax Provision": NaN,
        "Pretax Income": NaN,
        "Other Income Expense": NaN,
        "Other Non Operating Income Expenses": NaN,
        "Special Income Charges": NaN,
        "Gain On Sale Of Ppe": NaN,
        "Gain On Sale Of Business": 3257000.0,
        "Other Special Charges": NaN,
        "Write Off": NaN,
        "Impairment Of Capital Assets": 0.0,
        "Gain On Sale Of Security": NaN,
        "Net Non Operating Interest Income Expense": NaN,
        "Interest Expense Non Operating": NaN,
        "Interest Income Non Operating": NaN,
        "Operating Income": NaN,
        "Operating Expense": NaN,
        "Other Operating Expenses": NaN,
        "Other Taxes": NaN,
        "Depreciation Amortization Depletion Income Statement": NaN,
        "Depreciation And Amortization In Income Statement": NaN,
        "Depreciation Income Statement": NaN,
        "Selling General And Administration": NaN,
        "Selling And Marketing Expense": NaN,
        "General And Administrative Expense": NaN,
        "Other Gand A": NaN,
        "Insurance And Claims": NaN,
        "Rent And Landing Fees": NaN,
        "Salaries And Wages": NaN,
        "Gross Profit": NaN,
        "Cost Of Revenue": NaN,
        "Total Revenue": NaN,
        "Operating Revenue": NaN
    },
    "2024-06-30": {
        "Tax Effect Of Unusual Items": -2451900.0,
        "Tax Rate For Calcs": 0.3,
        "Normalized EBITDA": 8175000.0,
        "Total Unusual Items": -8173000.0,
        "Total Unusual Items Excluding Goodwill": -8173000.0,
        "Net Income From Continuing Operation Net Minority Interest": -27066000.0,
        "Reconciled Depreciation": 26780000.0,
        "Reconciled Cost Of Revenue": 9359000.0,
        "EBITDA": 2000.0,
        "EBIT": -26778000.0,
        "Net Interest Income": 2890000.0,
        "Interest Expense": 63000.0,
        "Interest Income": 2953000.0,
        "Normalized Income": -21344900.0,
        "Net Income From Continuing And Discontinued Operation": -27066000.0,
        "Total Expenses": 78996000.0,
        "Rent Expense Supplemental": NaN,
        "Total Operating Income As Reported": -22719000.0,
        "Diluted Average Shares": NaN,
        "Basic Average Shares": NaN,
        "Diluted EPS": NaN,
        "Basic EPS": NaN,
        "Diluted NI Availto Com Stockholders": -27066000.0,
        "Net Income Common Stockholders": -27066000.0,
        "Net Income": -27066000.0,
        "Net Income Including Noncontrolling Interests": -27066000.0,
        "Net Income Continuous Operations": -27066000.0,
        "Tax Provision": 225000.0,
        "Pretax Income": -26841000.0,
        "Other Income Expense": -9099000.0,
        "Other Non Operating Income Expenses": NaN,
        "Special Income Charges": 27000.0,
        "Gain On Sale Of Ppe": 27000.0,
        "Gain On Sale Of Business": 0.0,
        "Other Special Charges": NaN,
        "Write Off": 0.0,
        "Impairment Of Capital Assets": 0.0,
        "Gain On Sale Of Security": -8200000.0,
        "Net Non Operating Interest Income Expense": 2890000.0,
        "Interest Expense Non Operating": 63000.0,
        "Interest Income Non Operating": 2953000.0,
        "Operating Income": -20632000.0,
        "Operating Expense": 69637000.0,
        "Other Operating Expenses": 16137000.0,
        "Other Taxes": NaN,
        "Depreciation Amortization Depletion Income Statement": 26780000.0,
        "Depreciation And Amortization In Income Statement": 26780000.0,
        "Depreciation Income Statement": 26780000.0,
        "Selling General And Administration": 19036000.0,
        "Selling And Marketing Expense": NaN,
        "General And Administrative Expense": 16985000.0,
        "Other Gand A": 3938000.0,
        "Insurance And Claims": NaN,
        "Rent And Landing Fees": NaN,
        "Salaries And Wages": 6014000.0,
        "Gross Profit": 49005000.0,
        "Cost Of Revenue": 9359000.0,
        "Total Revenue": 58364000.0,
        "Operating Revenue": 56798000.0
    },
    "2024-09-30": {
        "Tax Effect Of Unusual Items": -4030500.0,
        "Tax Rate For Calcs": 0.3,
        "Normalized EBITDA": -2918000.0,
        "Total Unusual Items": -13435000.0,
        "Total Unusual Items Excluding Goodwill": -13435000.0,
        "Net Income From Continuing Operation Net Minority Interest": -51707000.0,
        "Reconciled Depreciation": 34009000.0,
        "Reconciled Cost Of Revenue": 7721000.0,
        "EBITDA": -16353000.0,
        "EBIT": -50362000.0,
        "Net Interest Income": 2226000.0,
        "Interest Expense": 63000.0,
        "Interest Income": 2289000.0,
        "Normalized Income": -42302500.0,
        "Net Income From Continuing And Discontinued Operation": -51707000.0,
        "Total Expenses": 93532000.0,
        "Rent Expense Supplemental": NaN,
        "Total Operating Income As Reported": -53841000.0,
        "Diluted Average Shares": 189262447.0,
        "Basic Average Shares": 189262447.0,
        "Diluted EPS": -0.27,
        "Basic EPS": -0.27,
        "Diluted NI Availto Com Stockholders": -51707000.0,
        "Net Income Common Stockholders": -51707000.0,
        "Net Income": -51707000.0,
        "Net Income Including Noncontrolling Interests": -51707000.0,
        "Net Income Continuous Operations": -51707000.0,
        "Tax Provision": 1282000.0,
        "Pretax Income": -50425000.0,
        "Other Income Expense": -13509000.0,
        "Other Non Operating Income Expenses": -74000.0,
        "Special Income Charges": -10410000.0,
        "Gain On Sale Of Ppe": 838000.0,
        "Gain On Sale Of Business": NaN,
        "Other Special Charges": 1724000.0,
        "Write Off": 9524000.0,
        "Impairment Of Capital Assets": NaN,
        "Gain On Sale Of Security": -3025000.0,
        "Net Non Operating Interest Income Expense": 2226000.0,
        "Interest Expense Non Operating": 63000.0,
        "Interest Income Non Operating": 2289000.0,
        "Operating Income": -39142000.0,
        "Operating Expense": 85811000.0,
        "Other Operating Expenses": 33582000.0,
        "Other Taxes": 3654000.0,
        "Depreciation Amortization Depletion Income Statement": 34009000.0,
        "Depreciation And Amortization In Income Statement": 34009000.0,
        "Depreciation Income Statement": 34009000.0,
        "Selling General And Administration": 14566000.0,
        "Selling And Marketing Expense": 578000.0,
        "General And Administrative Expense": 13988000.0,
        "Other Gand A": 2812000.0,
        "Insurance And Claims": 2992000.0,
        "Rent And Landing Fees": NaN,
        "Salaries And Wages": 8184000.0,
        "Gross Profit": 46669000.0,
        "Cost Of Revenue": 7721000.0,
        "Total Revenue": 54390000.0,
        "Operating Revenue": 52764000.0
    },
    "2023-09-30": {
        "Tax Effect Of Unusual Items": 1585800.0,
        "Tax Rate For Calcs": 0.3,
        "Normalized EBITDA": -2113000.0,
        "Total Unusual Items": 5286000.0,
        "Total Unusual Items Excluding Goodwill": 5286000.0,
        "Net Income From Continuing Operation Net Minority Interest": -5301000.0,
        "Reconciled Depreciation": 7620000.0,
        "Reconciled Cost Of Revenue": 4177000.0,
        "EBITDA": 3173000.0,
        "EBIT": -4447000.0,
        "Net Interest Income": 680000.0,
        "Interest Expense": 33000.0,
        "Interest Income": 713000.0,
        "Normalized Income": -9001200.0,
        "Net Income From Continuing And Discontinued Operation": -5301000.0,
        "Total Expenses": 44702000.0,
        "Rent Expense Supplemental": NaN,
        "Total Operating Income As Reported": -7418000.0,
        "Diluted Average Shares": 65279263.0,
        "Basic Average Shares": 65279263.0,
        "Diluted EPS": -0.08,
        "Basic EPS": -0.08,
        "Diluted NI Availto Com Stockholders": -5301000.0,
        "Net Income Common Stockholders": -5301000.0,
        "Net Income": -5301000.0,
        "Net Income Including Noncontrolling Interests": -5301000.0,
        "Net Income Continuous Operations": -5301000.0,
        "Tax Provision": 821000.0,
        "Pretax Income": -4480000.0,
        "Other Income Expense": 5145000.0,
        "Other Non Operating Income Expenses": -141000.0,
        "Special Income Charges": 10000.0,
        "Gain On Sale Of Ppe": 10000.0,
        "Gain On Sale Of Business": NaN,
        "Other Special Charges": NaN,
        "Write Off": 0.0,
        "Impairment Of Capital Assets": NaN,
        "Gain On Sale Of Security": 5276000.0,
        "Net Non Operating Interest Income Expense": 680000.0,
        "Interest Expense Non Operating": 33000.0,
        "Interest Income Non Operating": 713000.0,
        "Operating Income": -10305000.0,
        "Operating Expense": 40525000.0,
        "Other Operating Expenses": 21632000.0,
        "Other Taxes": 1908000.0,
        "Depreciation Amortization Depletion Income Statement": 7620000.0,
        "Depreciation And Amortization In Income Statement": 7620000.0,
        "Depreciation Income Statement": 7620000.0,
        "Selling General And Administration": 9365000.0,
        "Selling And Marketing Expense": 293000.0,
        "General And Administrative Expense": 9072000.0,
        "Other Gand A": 1580000.0,
        "Insurance And Claims": 1652000.0,
        "Rent And Landing Fees": NaN,
        "Salaries And Wages": 5840000.0,
        "Gross Profit": 30220000.0,
        "Cost Of Revenue": 4177000.0,
        "Total Revenue": 34397000.0,
        "Operating Revenue": 34397000.0
    }
}