{
    "2023-03-31": {
        "Tax Effect Of Unusual Items": 0.0,
        "Tax Rate For Calcs": 0.217,
        "Normalized EBITDA": 4189796.0,
        "Net Income From Continuing Operation Net Minority Interest": 3406066.0,
        "Reconciled Depreciation": 182550.0,
        "Reconciled Cost Of Revenue": 3753635.0,
        "EBITDA": 4189796.0,
        "EBIT": 4007246.0,
        "Normalized Income": 3406066.0,
        "Net Income From Continuing And Discontinued Operation": 3406066.0,
        "Total Expenses": 11467837.0,
        "Total Operating Income As Reported": 4007246.0,
        "Diluted Average Shares": 12686699.0,
        "Basic Average Shares": 12593033.0,
        "Diluted EPS": 0.27,
        "Basic EPS": 0.27,
        "Diluted NI Availto Com Stockholders": 3406066.0,
        "Net Income Common Stockholders": 3406066.0,
        "Net Income": 3406066.0,
        "Net Income Including Noncontrolling Interests": 3406066.0,
        "Net Income Continuous Operations": 3406066.0,
        "Tax Provision": 943589.0,
        "Pretax Income": 4349655.0,
        "Other Income Expense": 342409.0,
        "Other Non Operating Income Expenses": 342409.0,
        "Operating Income": 4007246.0,
        "Operating Expense": 7714202.0,
        "Research And Development": 793716.0,
        "Selling General And Administration": 6920486.0,
        "Selling And Marketing Expense": 2999976.0,
        "General And Administrative Expense": 3920510.0,
        "Other Gand A": 3920510.0,
        "Salaries And Wages": NaN,
        "Gross Profit": 11721448.0,
        "Cost Of Revenue": 3753635.0,
        "Total Revenue": 15475083.0,
        "Operating Revenue": 15475083.0
    },
    "2022-12-31": {
        "Tax Effect Of Unusual Items": 0.0,
        "Tax Rate For Calcs": 0.218974,
        "Normalized EBITDA": 4253845.0,
        "Net Income From Continuing Operation Net Minority Interest": 3673617.0,
        "Reconciled Depreciation": -692905.0,
        "Reconciled Cost Of Revenue": 3643216.0,
        "EBITDA": 4253845.0,
        "EBIT": 4253845.0,
        "Normalized Income": 3673617.0,
        "Net Income From Continuing And Discontinued Operation": 3673617.0,
        "Total Expenses": 10609749.0,
        "Total Operating Income As Reported": 4253845.0,
        "Diluted Average Shares": 12626724.0,
        "Basic Average Shares": 12572919.0,
        "Diluted EPS": 0.29,
        "Basic EPS": 0.29,
        "Diluted NI Availto Com Stockholders": 3673617.0,
        "Net Income Common Stockholders": 3673617.0,
        "Net Income": 3673617.0,
        "Net Income Including Noncontrolling Interests": 3673617.0,
        "Net Income Continuous Operations": 3673617.0,
        "Tax Provision": 1029961.0,
        "Pretax Income": 4703578.0,
        "Other Income Expense": -132119.0,
        "Other Non Operating Income Expenses": 449733.0,
        "Operating Income": 4253845.0,
        "Operating Expense": 6966533.0,
        "Research And Development": 604744.0,
        "Selling General And Administration": 6361789.0,
        "Selling And Marketing Expense": 3665057.0,
        "General And Administrative Expense": 2696732.0,
        "Other Gand A": 2696732.0,
        "Salaries And Wages": NaN,
        "Gross Profit": 11220378.0,
        "Cost Of Revenue": 3643216.0,
        "Total Revenue": 14863594.0,
        "Operating Revenue": 14863594.0
    },
    "2022-09-30": {
        "Tax Effect Of Unusual Items": 0.0,
        "Tax Rate For Calcs": 0.191,
        "Normalized EBITDA": 4567773.0,
        "Net Income From Continuing Operation Net Minority Interest": 3427104.0,
        "Reconciled Depreciation": 435477.0,
        "Reconciled Cost Of Revenue": 2864534.0,
        "EBITDA": 4567773.0,
        "EBIT": 4132296.0,
        "Normalized Income": 3427104.0,
        "Net Income From Continuing And Discontinued Operation": 3427104.0,
        "Total Expenses": 9274976.0,
        "Total Operating Income As Reported": 4132296.0,
        "Diluted Average Shares": 12631129.0,
        "Basic Average Shares": 12564636.0,
        "Diluted EPS": 0.27,
        "Basic EPS": 0.27,
        "Diluted NI Availto Com Stockholders": 3427104.0,
        "Net Income Common Stockholders": 3427104.0,
        "Net Income": 3427104.0,
        "Net Income Including Noncontrolling Interests": 3427104.0,
        "Net Income Continuous Operations": 3427104.0,
        "Tax Provision": 810375.0,
        "Pretax Income": 4237479.0,
        "Other Income Expense": 105183.0,
        "Other Non Operating Income Expenses": 105183.0,
        "Operating Income": 4132296.0,
        "Operating Expense": 6410442.0,
        "Research And Development": 491643.0,
        "Selling General And Administration": 5918799.0,
        "Selling And Marketing Expense": 3037209.0,
        "General And Administrative Expense": 2881590.0,
        "Other Gand A": 2881590.0,
        "Salaries And Wages": NaN,
        "Gross Profit": 10542738.0,
        "Cost Of Revenue": 2864534.0,
        "Total Revenue": 13407272.0,
        "Operating Revenue": 13407272.0
    },
    "2022-06-30": {
        "Tax Effect Of Unusual Items": 0.0,
        "Tax Rate For Calcs": 0.22457,
        "Normalized EBITDA": 4660757.0,
        "Net Income From Continuing Operation Net Minority Interest": 3241052.0,
        "Reconciled Depreciation": 494176.0,
        "Reconciled Cost Of Revenue": 2581806.0,
        "EBITDA": 4660757.0,
        "EBIT": 4166581.0,
        "Normalized Income": 3241052.0,
        "Net Income From Continuing And Discontinued Operation": 3241052.0,
        "Total Expenses": 8554988.0,
        "Total Operating Income As Reported": 4166581.0,
        "Diluted Average Shares": 12632755.0,
        "Basic Average Shares": 12560812.0,
        "Diluted EPS": 0.26,
        "Basic EPS": 0.26,
        "Diluted NI Availto Com Stockholders": 3241052.0,
        "Net Income Common Stockholders": 3241052.0,
        "Net Income": 3241052.0,
        "Net Income Including Noncontrolling Interests": 3241052.0,
        "Net Income Continuous Operations": 3241052.0,
        "Tax Provision": 938631.0,
        "Pretax Income": 4179683.0,
        "Other Income Expense": 13102.0,
        "Other Non Operating Income Expenses": 13102.0,
        "Operating Income": 4166581.0,
        "Operating Expense": 5973182.0,
        "Research And Development": 662599.0,
        "Selling General And Administration": 5310583.0,
        "Selling And Marketing Expense": 2907788.0,
        "General And Administrative Expense": 2402795.0,
        "Other Gand A": 2402795.0,
        "Salaries And Wages": NaN,
        "Gross Profit": 10139763.0,
        "Cost Of Revenue": 2581806.0,
        "Total Revenue": 12721569.0,
        "Operating Revenue": 12721569.0
    },
    "2022-03-31": {
        "Diluted EPS": 0.2,
        "Total Revenue": 12,
        "Gross Profit": 9,
        "Operating Income": 3,
        "EBIT": 4,
        "Net Income": 2
    },
    "2021-12-31": {
        "Diluted EPS": 0.31,
        "Total Revenue": 12,
        "Gross Profit": 9,
        "Operating Income": 3,
        "EBIT": 3,
        "Net Income": 4
    },
    "2021-09-30": {
        "Diluted EPS": 0.2,
        "Total Revenue": 11,
        "Gross Profit": 8,
        "Operating Income": 3,
        "EBIT": 3,
        "Net Income": 3
    },
    "2021-06-30": {
        "Diluted EPS": 0.12,
        "Total Revenue": 10,
        "Gross Profit": 7,
        "Operating Income": 2,
        "EBIT": 2,
        "Net Income": 1
    },
    "2021-03-31": {
        "Diluted EPS": 0.11,
        "Total Revenue": 9,
        "Gross Profit": 7,
        "Operating Income": 2,
        "EBIT": 2,
        "Net Income": 1
    },
    "2020-12-31": {
        "Diluted EPS": 0.05,
        "Total Revenue": 9,
        "Gross Profit": 6,
        "Operating Income": 1,
        "EBIT": 1,
        "Net Income": 1
    },
    "2020-09-30": {
        "Diluted EPS": 0.09,
        "Total Revenue": 8,
        "Gross Profit": 6,
        "Operating Income": 1,
        "EBIT": 1,
        "Net Income": 1
    },
    "2020-06-30": {
        "Diluted EPS": -0.17,
        "Total Revenue": 7,
        "Gross Profit": 5,
        "Operating Income": -3,
        "EBIT": -3,
        "Net Income": -2
    },
    "2020-03-31": {
        "Diluted EPS": 0.14,
        "Total Revenue": 9,
        "Gross Profit": 6,
        "Operating Income": 1,
        "EBIT": 1,
        "Net Income": 2
    },
    "2019-12-31": {
        "Diluted EPS": 0.26,
        "Total Revenue": 11,
        "Gross Profit": 8,
        "Operating Income": 2,
        "EBIT": 3,
        "Net Income": 3
    },
    "2019-09-30": {
        "Diluted EPS": 0.2,
        "Total Revenue": 10,
        "Gross Profit": 8,
        "Operating Income": 3,
        "EBIT": 3,
        "Net Income": 2
    },
    "2019-06-30": {
        "Diluted EPS": 0.17,
        "Total Revenue": 9,
        "Gross Profit": 7,
        "Operating Income": 2,
        "EBIT": 3,
        "Net Income": 2
    },
    "2019-03-31": {
        "Diluted EPS": 0.15,
        "Total Revenue": 8,
        "Gross Profit": 6,
        "Operating Income": 2,
        "EBIT": 2,
        "Net Income": 2
    },
    "2018-12-31": {
        "Diluted EPS": 0.14,
        "Total Revenue": 8,
        "Gross Profit": 6,
        "Operating Income": 2,
        "EBIT": 2,
        "Net Income": 2
    },
    "2018-09-30": {
        "Diluted EPS": 0.2,
        "Total Revenue": 8,
        "Gross Profit": 6,
        "Operating Income": 1,
        "EBIT": 1,
        "Net Income": 2
    },
    "2018-06-30": {
        "Diluted EPS": 0.11,
        "Total Revenue": 7,
        "Gross Profit": 6,
        "Operating Income": 2,
        "EBIT": 2,
        "Net Income": 1
    },
    "2018-03-31": {
        "Diluted EPS": 0.07,
        "Total Revenue": 7,
        "Gross Profit": 5,
        "Operating Income": 1,
        "EBIT": 2,
        "Net Income": 1
    },
    "2017-12-31": {
        "Diluted EPS": 0.01,
        "Total Revenue": 7,
        "Gross Profit": 5,
        "Operating Income": 1,
        "EBIT": 1,
        "Net Income": 0
    },
    "2017-09-30": {
        "Diluted EPS": 0.02,
        "Total Revenue": 6,
        "Gross Profit": 4,
        "Operating Income": 0,
        "EBIT": 1,
        "Net Income": 0
    },
    "2017-06-30": {
        "Diluted EPS": 0.03,
        "Total Revenue": 6,
        "Gross Profit": 4,
        "Operating Income": 0,
        "EBIT": 1,
        "Net Income": 0
    },
    "2017-03-31": {
        "Diluted EPS": -0.02,
        "Total Revenue": 5,
        "Gross Profit": 4,
        "Operating Income": 0,
        "EBIT": 0,
        "Net Income": 0
    },
    "2016-12-31": {
        "Diluted EPS": 0.09,
        "Total Revenue": 6,
        "Gross Profit": 5,
        "Operating Income": 2,
        "EBIT": 2,
        "Net Income": 1
    },
    "2016-09-30": {
        "Diluted EPS": 0.13,
        "Total Revenue": 8,
        "Gross Profit": 6,
        "Operating Income": 3,
        "EBIT": 3,
        "Net Income": 2
    },
    "2016-06-30": {
        "Diluted EPS": 0.19,
        "Total Revenue": 10,
        "Gross Profit": 8,
        "Operating Income": 3,
        "EBIT": 3,
        "Net Income": 2
    },
    "2016-03-31": {
        "Diluted EPS": 0.19,
        "Total Revenue": 9,
        "Gross Profit": 7,
        "Operating Income": 3,
        "EBIT": 4,
        "Net Income": 2
    },
    "2015-12-31": {
        "Diluted EPS": 0.18,
        "Total Revenue": 9,
        "Gross Profit": 7,
        "Operating Income": 3,
        "EBIT": 4,
        "Net Income": 2
    },
    "2015-09-30": {
        "Diluted EPS": 0.15,
        "Total Revenue": 8,
        "Gross Profit": 7,
        "Operating Income": 3,
        "EBIT": 3,
        "Net Income": 2
    },
    "2015-06-30": {
        "Diluted EPS": 0.15,
        "Total Revenue": 8,
        "Gross Profit": 6,
        "Operating Income": 3,
        "EBIT": 3,
        "Net Income": 2
    },
    "2015-03-31": {
        "Diluted EPS": 0.12,
        "Total Revenue": 7,
        "Gross Profit": 6,
        "Operating Income": 2,
        "EBIT": 2,
        "Net Income": 1
    },
    "2014-12-31": {
        "Diluted EPS": 0.01,
        "Total Revenue": 4,
        "Gross Profit": 3,
        "Operating Income": 0,
        "EBIT": 0,
        "Net Income": 0
    },
    "2014-09-30": {
        "Diluted EPS": 0.02,
        "Total Revenue": 4,
        "Gross Profit": 3,
        "Operating Income": 0,
        "EBIT": 0,
        "Net Income": 0
    },
    "2014-06-30": {
        "Diluted EPS": 0.11,
        "Total Revenue": 5,
        "Gross Profit": 4,
        "Operating Income": 2,
        "EBIT": 2,
        "Net Income": 1
    },
    "2014-03-31": {
        "Diluted EPS": 0.06,
        "Total Revenue": 4,
        "Gross Profit": 3,
        "Operating Income": 1,
        "EBIT": 1,
        "Net Income": 1
    },
    "2013-12-31": {
        "Diluted EPS": 0.05,
        "Total Revenue": 3,
        "Gross Profit": 3,
        "Operating Income": 3,
        "EBIT": 3,
        "Net Income": 0
    },
    "2013-09-30": {
        "Diluted EPS": 0.03,
        "Total Revenue": 2,
        "Gross Profit": 2,
        "Operating Income": 0,
        "EBIT": 0,
        "Net Income": 0
    },
    "2013-06-30": {
        "Diluted EPS": 0.07,
        "Total Revenue": 3,
        "Gross Profit": 2,
        "Operating Income": 1,
        "EBIT": 1,
        "Net Income": 1
    },
    "2013-03-31": {
        "Diluted EPS": 0.08,
        "Total Revenue": 3,
        "Gross Profit": 3,
        "Operating Income": 3,
        "EBIT": 3,
        "Net Income": 1
    },
    "2012-12-31": {
        "Diluted EPS": 0.0,
        "Total Revenue": NaN,
        "Gross Profit": NaN,
        "Operating Income": NaN,
        "EBIT": NaN,
        "Net Income": NaN
    },
    "2023-06-30": {
        "Tax Effect Of Unusual Items": 0.0,
        "Tax Rate For Calcs": 0.211,
        "Normalized EBITDA": 5150393.0,
        "Net Income From Continuing Operation Net Minority Interest": 4179840.0,
        "Reconciled Depreciation": 187358.0,
        "Reconciled Cost Of Revenue": 3943904.0,
        "EBITDA": 5150393.0,
        "EBIT": 4963035.0,
        "Normalized Income": 4179840.0,
        "Net Income From Continuing And Discontinued Operation": 4179840.0,
        "Total Expenses": 11167361.0,
        "Total Operating Income As Reported": 4963035.0,
        "Diluted Average Shares": 12723017.0,
        "Basic Average Shares": 12596032.0,
        "Diluted EPS": 0.33,
        "Basic EPS": 0.33,
        "Diluted NI Availto Com Stockholders": 4179840.0,
        "Net Income Common Stockholders": 4179840.0,
        "Net Income": 4179840.0,
        "Net Income Including Noncontrolling Interests": 4179840.0,
        "Net Income Continuous Operations": 4179840.0,
        "Tax Provision": 1118582.0,
        "Pretax Income": 5298422.0,
        "Other Income Expense": 335387.0,
        "Other Non Operating Income Expenses": 335387.0,
        "Operating Income": 4963035.0,
        "Operating Expense": 7223457.0,
        "Research And Development": 961952.0,
        "Selling General And Administration": 6261505.0,
        "Selling And Marketing Expense": 2948425.0,
        "General And Administrative Expense": 3313080.0,
        "Other Gand A": 3313080.0,
        "Salaries And Wages": 460506.0,
        "Gross Profit": 12186492.0,
        "Cost Of Revenue": 3943904.0,
        "Total Revenue": 16130396.0,
        "Operating Revenue": 16130396.0
    },
    "2023-09-30": {
        "Tax Effect Of Unusual Items": 0.0,
        "Tax Rate For Calcs": 0.209,
        "Normalized EBITDA": 6095237.0,
        "Net Income From Continuing Operation Net Minority Interest": 5067180.0,
        "Reconciled Depreciation": 189897.0,
        "Reconciled Cost Of Revenue": 3667256.0,
        "EBITDA": 6095237.0,
        "EBIT": 5905340.0,
        "Normalized Income": 5067180.0,
        "Net Income From Continuing And Discontinued Operation": 5067180.0,
        "Total Expenses": 10599300.0,
        "Total Operating Income As Reported": 5905340.0,
        "Diluted Average Shares": 12735837.0,
        "Basic Average Shares": 12602581.0,
        "Diluted EPS": 0.4,
        "Basic EPS": 0.4,
        "Diluted NI Availto Com Stockholders": 5067180.0,
        "Net Income Common Stockholders": 5067180.0,
        "Net Income": 5067180.0,
        "Net Income Including Noncontrolling Interests": 5067180.0,
        "Net Income Continuous Operations": 5067180.0,
        "Tax Provision": 1341352.0,
        "Pretax Income": 6408532.0,
        "Other Income Expense": 503192.0,
        "Other Non Operating Income Expenses": 503192.0,
        "Operating Income": 5905340.0,
        "Operating Expense": 6932044.0,
        "Research And Development": 452555.0,
        "Selling General And Administration": 6479489.0,
        "Selling And Marketing Expense": 2864469.0,
        "General And Administrative Expense": 3615020.0,
        "Other Gand A": 3615020.0,
        "Salaries And Wages": NaN,
        "Gross Profit": 12837384.0,
        "Cost Of Revenue": 3667256.0,
        "Total Revenue": 16504640.0,
        "Operating Revenue": 16504640.0
    }
}