{
    "2023-03-31": {
        "Tax Effect Of Unusual Items": 0.0,
        "Tax Rate For Calcs": 0.226,
        "Total Unusual Items": 0.0,
        "Total Unusual Items Excluding Goodwill": 0.0,
        "Net Income From Continuing Operation Net Minority Interest": 690000.0,
        "Reconciled Depreciation": 164000.0,
        "Net Interest Income": 4972000.0,
        "Interest Expense": 3162000.0,
        "Interest Income": 8134000.0,
        "Normalized Income": 690000.0,
        "Net Income From Continuing And Discontinued Operation": 690000.0,
        "Diluted Average Shares": 3246596.0,
        "Basic Average Shares": 3182493.0,
        "Diluted EPS": 0.21,
        "Basic EPS": 0.22,
        "Diluted NI Availto Com Stockholders": 690000.0,
        "Net Income Common Stockholders": 690000.0,
        "Net Income": 690000.0,
        "Net Income Including Noncontrolling Interests": 690000.0,
        "Net Income Continuous Operations": 690000.0,
        "Tax Provision": 202000.0,
        "Pretax Income": 892000.0,
        "Gain On Sale Of Security": 12000.0,
        "Selling General And Administration": 3419000.0,
        "Selling And Marketing Expense": 109000.0,
        "General And Administrative Expense": 3310000.0,
        "Insurance And Claims": 107000.0,
        "Salaries And Wages": 3203000.0,
        "Total Revenue": 5978000.0,
        "Operating Revenue": 5978000.0
    },
    "2022-12-31": {
        "Tax Effect Of Unusual Items": 0.0,
        "Tax Rate For Calcs": 0.257,
        "Total Unusual Items": 0.0,
        "Total Unusual Items Excluding Goodwill": 0.0,
        "Net Income From Continuing Operation Net Minority Interest": 1404000.0,
        "Reconciled Depreciation": 157000.0,
        "Net Interest Income": 6006000.0,
        "Interest Expense": 2061000.0,
        "Interest Income": 8067000.0,
        "Normalized Income": 1404000.0,
        "Net Income From Continuing And Discontinued Operation": 1404000.0,
        "Diluted Average Shares": 3244962.0,
        "Basic Average Shares": 3171638.0,
        "Diluted EPS": 0.43,
        "Basic EPS": 0.44,
        "Diluted NI Availto Com Stockholders": 1404000.0,
        "Net Income Common Stockholders": 1404000.0,
        "Net Income": 1404000.0,
        "Net Income Including Noncontrolling Interests": 1404000.0,
        "Net Income Continuous Operations": 1404000.0,
        "Tax Provision": 486000.0,
        "Pretax Income": 1890000.0,
        "Gain On Sale Of Security": -183000.0,
        "Selling General And Administration": 3359000.0,
        "Selling And Marketing Expense": 169000.0,
        "General And Administrative Expense": 3190000.0,
        "Insurance And Claims": 107000.0,
        "Salaries And Wages": 3083000.0,
        "Total Revenue": 6913000.0,
        "Operating Revenue": 6913000.0
    },
    "2022-09-30": {
        "Tax Effect Of Unusual Items": 0.0,
        "Tax Rate For Calcs": 0.273164,
        "Total Unusual Items": 28000.0,
        "Total Unusual Items Excluding Goodwill": 28000.0,
        "Net Income From Continuing Operation Net Minority Interest": 1969000.0,
        "Reconciled Depreciation": 166000.0,
        "Net Interest Income": 6250000.0,
        "Interest Expense": 828000.0,
        "Interest Income": 7078000.0,
        "Normalized Income": 1969000.0,
        "Net Income From Continuing And Discontinued Operation": 1969000.0,
        "Diluted Average Shares": 3181412.0,
        "Basic Average Shares": 3105077.0,
        "Diluted EPS": 0.62,
        "Basic EPS": 0.63,
        "Diluted NI Availto Com Stockholders": 1969000.0,
        "Net Income Common Stockholders": 1969000.0,
        "Net Income": 1969000.0,
        "Net Income Including Noncontrolling Interests": 1969000.0,
        "Net Income Continuous Operations": 1969000.0,
        "Tax Provision": 740000.0,
        "Pretax Income": 2709000.0,
        "Gain On Sale Of Security": 0.0,
        "Selling General And Administration": 3397000.0,
        "Selling And Marketing Expense": 101000.0,
        "General And Administrative Expense": 3296000.0,
        "Other Gand A": 62000.0,
        "Insurance And Claims": 106000.0,
        "Salaries And Wages": 3128000.0,
        "Total Revenue": 7468000.0,
        "Operating Revenue": 7468000.0
    },
    "2022-06-30": {
        "Tax Effect Of Unusual Items": 0.0,
        "Tax Rate For Calcs": 0.252168,
        "Total Unusual Items": 0.0,
        "Total Unusual Items Excluding Goodwill": 0.0,
        "Net Income From Continuing Operation Net Minority Interest": 1035000.0,
        "Reconciled Depreciation": 170000.0,
        "Net Interest Income": 5620000.0,
        "Interest Expense": 612000.0,
        "Interest Income": 6232000.0,
        "Normalized Income": 1035000.0,
        "Net Income From Continuing And Discontinued Operation": 1035000.0,
        "Diluted Average Shares": 3141353.0,
        "Basic Average Shares": 3081996.0,
        "Diluted EPS": 0.33,
        "Basic EPS": 0.34,
        "Diluted NI Availto Com Stockholders": 1035000.0,
        "Net Income Common Stockholders": 1035000.0,
        "Net Income": 1035000.0,
        "Net Income Including Noncontrolling Interests": 1035000.0,
        "Net Income Continuous Operations": 1035000.0,
        "Tax Provision": 349000.0,
        "Pretax Income": 1384000.0,
        "Gain On Sale Of Security": -275000.0,
        "Selling General And Administration": 3721000.0,
        "Selling And Marketing Expense": 123000.0,
        "General And Administrative Expense": 3598000.0,
        "Other Gand A": 52000.0,
        "Insurance And Claims": 97000.0,
        "Salaries And Wages": 3449000.0,
        "Total Revenue": 6685000.0,
        "Operating Revenue": 6685000.0
    },
    "2022-03-31": {
        "Diluted EPS": 0.37,
        "Total Revenue": 7,
        "Gross Profit": 7,
        "Operating Income": 2,
        "EBIT": NaN,
        "Net Income": 1
    },
    "2021-12-31": {
        "Diluted EPS": 0.54,
        "Total Revenue": 8,
        "Gross Profit": 7,
        "Operating Income": 2,
        "EBIT": NaN,
        "Net Income": 2
    },
    "2021-09-30": {
        "Diluted EPS": 0.61,
        "Total Revenue": 8,
        "Gross Profit": 7,
        "Operating Income": 3,
        "EBIT": NaN,
        "Net Income": 2
    },
    "2021-06-30": {
        "Diluted EPS": 0.32,
        "Total Revenue": 7,
        "Gross Profit": 7,
        "Operating Income": 1,
        "EBIT": NaN,
        "Net Income": 1
    },
    "2021-03-31": {
        "Diluted EPS": 0.5,
        "Total Revenue": 8,
        "Gross Profit": 7,
        "Operating Income": 2,
        "EBIT": NaN,
        "Net Income": 2
    },
    "2020-12-31": {
        "Diluted EPS": 0.48,
        "Total Revenue": 8,
        "Gross Profit": 7,
        "Operating Income": 2,
        "EBIT": NaN,
        "Net Income": 1
    },
    "2020-09-30": {
        "Diluted EPS": 0.44,
        "Total Revenue": 8,
        "Gross Profit": 7,
        "Operating Income": 2,
        "EBIT": NaN,
        "Net Income": 1
    },
    "2020-06-30": {
        "Diluted EPS": 0.45,
        "Total Revenue": 8,
        "Gross Profit": 6,
        "Operating Income": 2,
        "EBIT": NaN,
        "Net Income": 1
    },
    "2020-03-31": {
        "Diluted EPS": 0.26,
        "Total Revenue": 8,
        "Gross Profit": 6,
        "Operating Income": 1,
        "EBIT": NaN,
        "Net Income": 1
    },
    "2019-12-31": {
        "Diluted EPS": 0.31,
        "Total Revenue": 8,
        "Gross Profit": 6,
        "Operating Income": 1,
        "EBIT": NaN,
        "Net Income": 1
    },
    "2019-09-30": {
        "Diluted EPS": 0.33,
        "Total Revenue": 8,
        "Gross Profit": 6,
        "Operating Income": 2,
        "EBIT": NaN,
        "Net Income": 1
    },
    "2019-06-30": {
        "Diluted EPS": 0.3,
        "Total Revenue": 8,
        "Gross Profit": 6,
        "Operating Income": 1,
        "EBIT": NaN,
        "Net Income": 1
    },
    "2019-03-31": {
        "Diluted EPS": 0.24,
        "Total Revenue": 7,
        "Gross Profit": 5,
        "Operating Income": 1,
        "EBIT": NaN,
        "Net Income": 1
    },
    "2018-12-31": {
        "Diluted EPS": 0.22,
        "Total Revenue": 8,
        "Gross Profit": 6,
        "Operating Income": 1,
        "EBIT": NaN,
        "Net Income": 1
    },
    "2018-09-30": {
        "Diluted EPS": 0.25,
        "Total Revenue": 8,
        "Gross Profit": 6,
        "Operating Income": 1,
        "EBIT": NaN,
        "Net Income": 1
    },
    "2018-06-30": {
        "Diluted EPS": 0.14,
        "Total Revenue": 7,
        "Gross Profit": 5,
        "Operating Income": 1,
        "EBIT": NaN,
        "Net Income": 0
    },
    "2018-03-31": {
        "Diluted EPS": 0.27,
        "Total Revenue": 7,
        "Gross Profit": 5,
        "Operating Income": 1,
        "EBIT": NaN,
        "Net Income": 1
    },
    "2017-12-31": {
        "Diluted EPS": -0.2,
        "Total Revenue": 7,
        "Gross Profit": 5,
        "Operating Income": 1,
        "EBIT": NaN,
        "Net Income": -1
    },
    "2017-09-30": {
        "Diluted EPS": 0.26,
        "Total Revenue": 7,
        "Gross Profit": 6,
        "Operating Income": 2,
        "EBIT": NaN,
        "Net Income": 1
    },
    "2017-06-30": {
        "Diluted EPS": 0.16,
        "Total Revenue": 7,
        "Gross Profit": 6,
        "Operating Income": 1,
        "EBIT": NaN,
        "Net Income": 1
    },
    "2017-03-31": {
        "Diluted EPS": 0.23,
        "Total Revenue": 6,
        "Gross Profit": 5,
        "Operating Income": 1,
        "EBIT": NaN,
        "Net Income": 1
    },
    "2016-12-31": {
        "Diluted EPS": 0.32,
        "Total Revenue": 6,
        "Gross Profit": 5,
        "Operating Income": 2,
        "EBIT": NaN,
        "Net Income": 1
    },
    "2016-09-30": {
        "Diluted EPS": 0.35,
        "Total Revenue": 7,
        "Gross Profit": 6,
        "Operating Income": 2,
        "EBIT": NaN,
        "Net Income": 1
    },
    "2016-06-30": {
        "Diluted EPS": 0.29,
        "Total Revenue": 6,
        "Gross Profit": 5,
        "Operating Income": 2,
        "EBIT": NaN,
        "Net Income": 1
    },
    "2016-03-31": {
        "Diluted EPS": 0.25,
        "Total Revenue": 6,
        "Gross Profit": 5,
        "Operating Income": 1,
        "EBIT": NaN,
        "Net Income": 1
    },
    "2015-12-31": {
        "Diluted EPS": 0.2,
        "Total Revenue": 6,
        "Gross Profit": 5,
        "Operating Income": 1,
        "EBIT": NaN,
        "Net Income": 1
    },
    "2015-09-30": {
        "Diluted EPS": 0.21,
        "Total Revenue": 6,
        "Gross Profit": 5,
        "Operating Income": 1,
        "EBIT": NaN,
        "Net Income": 1
    },
    "2015-06-30": {
        "Diluted EPS": 0.2,
        "Total Revenue": 6,
        "Gross Profit": 5,
        "Operating Income": 1,
        "EBIT": NaN,
        "Net Income": 1
    },
    "2015-03-31": {
        "Diluted EPS": 0.23,
        "Total Revenue": 6,
        "Gross Profit": 5,
        "Operating Income": 1,
        "EBIT": NaN,
        "Net Income": 1
    },
    "2014-12-31": {
        "Diluted EPS": 0.21,
        "Total Revenue": 6,
        "Gross Profit": 5,
        "Operating Income": 1,
        "EBIT": NaN,
        "Net Income": 1
    },
    "2014-09-30": {
        "Diluted EPS": 0.19,
        "Total Revenue": 5,
        "Gross Profit": 5,
        "Operating Income": 1,
        "EBIT": NaN,
        "Net Income": 1
    },
    "2014-06-30": {
        "Diluted EPS": 0.23,
        "Total Revenue": 6,
        "Gross Profit": 5,
        "Operating Income": 2,
        "EBIT": NaN,
        "Net Income": 1
    },
    "2014-03-31": {
        "Diluted EPS": 0.21,
        "Total Revenue": 5,
        "Gross Profit": 5,
        "Operating Income": 1,
        "EBIT": NaN,
        "Net Income": 1
    },
    "2013-12-31": {
        "Diluted EPS": 0.22,
        "Total Revenue": 6,
        "Gross Profit": 5,
        "Operating Income": 1,
        "EBIT": NaN,
        "Net Income": 1
    },
    "2013-09-30": {
        "Diluted EPS": 0.18,
        "Total Revenue": 5,
        "Gross Profit": 5,
        "Operating Income": 1,
        "EBIT": NaN,
        "Net Income": 1
    },
    "2013-06-30": {
        "Diluted EPS": 0.23,
        "Total Revenue": 6,
        "Gross Profit": 5,
        "Operating Income": 1,
        "EBIT": NaN,
        "Net Income": 1
    },
    "2013-03-31": {
        "Diluted EPS": 0.22,
        "Total Revenue": 5,
        "Gross Profit": 5,
        "Operating Income": 1,
        "EBIT": NaN,
        "Net Income": 1
    },
    "2012-12-31": {
        "Diluted EPS": 0.16,
        "Total Revenue": 5,
        "Gross Profit": 5,
        "Operating Income": 1,
        "EBIT": NaN,
        "Net Income": 1
    },
    "2012-09-30": {
        "Diluted EPS": 0.25,
        "Total Revenue": 6,
        "Gross Profit": 5,
        "Operating Income": 2,
        "EBIT": NaN,
        "Net Income": 1
    },
    "2012-06-30": {
        "Diluted EPS": 0.21,
        "Total Revenue": 5,
        "Gross Profit": 5,
        "Operating Income": 1,
        "EBIT": NaN,
        "Net Income": 1
    },
    "2012-03-31": {
        "Diluted EPS": 0.19,
        "Total Revenue": 5,
        "Gross Profit": 5,
        "Operating Income": 1,
        "EBIT": NaN,
        "Net Income": 1
    },
    "2011-12-31": {
        "Diluted EPS": 0.23,
        "Total Revenue": 6,
        "Gross Profit": 5,
        "Operating Income": 2,
        "EBIT": NaN,
        "Net Income": 1
    },
    "2011-09-30": {
        "Diluted EPS": -0.31,
        "Total Revenue": 5,
        "Gross Profit": 4,
        "Operating Income": -2,
        "EBIT": NaN,
        "Net Income": -1
    },
    "2011-06-30": {
        "Diluted EPS": 0.0,
        "Total Revenue": 5,
        "Gross Profit": 4,
        "Operating Income": 1,
        "EBIT": NaN,
        "Net Income": 1
    },
    "2011-03-31": {
        "Diluted EPS": 0.0,
        "Total Revenue": 5,
        "Gross Profit": 4,
        "Operating Income": 1,
        "EBIT": NaN,
        "Net Income": 1
    },
    "2010-12-31": {
        "Diluted EPS": 0.0,
        "Total Revenue": 5,
        "Gross Profit": 4,
        "Operating Income": 1,
        "EBIT": NaN,
        "Net Income": 1
    },
    "2010-09-30": {
        "Diluted EPS": 0.0,
        "Total Revenue": 6,
        "Gross Profit": 4,
        "Operating Income": 1,
        "EBIT": NaN,
        "Net Income": 1
    },
    "2010-06-30": {
        "Diluted EPS": 0.0,
        "Total Revenue": NaN,
        "Gross Profit": NaN,
        "Operating Income": NaN,
        "EBIT": NaN,
        "Net Income": NaN
    },
    "2010-03-31": {
        "Diluted EPS": 0.0,
        "Total Revenue": 5,
        "Gross Profit": 4,
        "Operating Income": 1,
        "EBIT": NaN,
        "Net Income": 1
    },
    "2023-06-30": {
        "Tax Effect Of Unusual Items": 0.0,
        "Tax Rate For Calcs": 0.223667,
        "Total Unusual Items": 0.0,
        "Total Unusual Items Excluding Goodwill": 0.0,
        "Net Income From Continuing Operation Net Minority Interest": 597000.0,
        "Reconciled Depreciation": 176000.0,
        "Net Interest Income": 4602000.0,
        "Interest Expense": 4024000.0,
        "Interest Income": 8626000.0,
        "Normalized Income": 597000.0,
        "Net Income From Continuing And Discontinued Operation": 597000.0,
        "Diluted Average Shares": 3259085.0,
        "Basic Average Shares": 3198260.0,
        "Diluted EPS": 0.18,
        "Basic EPS": 0.18,
        "Diluted NI Availto Com Stockholders": 597000.0,
        "Net Income Common Stockholders": 597000.0,
        "Net Income": 597000.0,
        "Net Income Including Noncontrolling Interests": 597000.0,
        "Net Income Continuous Operations": 597000.0,
        "Tax Provision": 172000.0,
        "Pretax Income": 769000.0,
        "Gain On Sale Of Security": 0.0,
        "Selling General And Administration": 3676000.0,
        "Selling And Marketing Expense": 159000.0,
        "General And Administrative Expense": 3517000.0,
        "Insurance And Claims": 219000.0,
        "Salaries And Wages": 3298000.0,
        "Total Revenue": 5707000.0,
        "Operating Revenue": 5707000.0
    },
    "2023-09-30": {
        "Tax Effect Of Unusual Items": 0.0,
        "Tax Rate For Calcs": 0.273,
        "Total Unusual Items": 0.0,
        "Total Unusual Items Excluding Goodwill": 0.0,
        "Net Income From Continuing Operation Net Minority Interest": 466000.0,
        "Reconciled Depreciation": 177000.0,
        "Net Interest Income": 4515000.0,
        "Interest Expense": 4708000.0,
        "Interest Income": 9223000.0,
        "Normalized Income": 466000.0,
        "Net Income From Continuing And Discontinued Operation": 466000.0,
        "Diluted Average Shares": 3266753.0,
        "Basic Average Shares": 3203072.0,
        "Diluted EPS": 0.14,
        "Basic EPS": 0.15,
        "Diluted NI Availto Com Stockholders": 466000.0,
        "Net Income Common Stockholders": 466000.0,
        "Net Income": 466000.0,
        "Net Income Including Noncontrolling Interests": 466000.0,
        "Net Income Continuous Operations": 466000.0,
        "Tax Provision": 175000.0,
        "Pretax Income": 641000.0,
        "Gain On Sale Of Security": 0.0,
        "Selling General And Administration": 3290000.0,
        "Selling And Marketing Expense": 77000.0,
        "General And Administrative Expense": 3213000.0,
        "Insurance And Claims": 197000.0,
        "Salaries And Wages": 3016000.0,
        "Total Revenue": 5711000.0,
        "Operating Revenue": 5711000.0
    },
    "2023-12-31": {
        "Tax Effect Of Unusual Items": -406.0,
        "Tax Rate For Calcs": 0.203,
        "Total Unusual Items": -2000.0,
        "Total Unusual Items Excluding Goodwill": -2000.0,
        "Net Income From Continuing Operation Net Minority Interest": 185000.0,
        "Reconciled Depreciation": 168000.0,
        "Net Interest Income": 4310000.0,
        "Interest Expense": 5841000.0,
        "Interest Income": 10151000.0,
        "Normalized Income": 186594.0,
        "Net Income From Continuing And Discontinued Operation": 185000.0,
        "Diluted Average Shares": 3207883.0,
        "Basic Average Shares": 3207883.0,
        "Diluted EPS": 0.06,
        "Basic EPS": 0.06,
        "Diluted NI Availto Com Stockholders": 185000.0,
        "Net Income Common Stockholders": 185000.0,
        "Net Income": 185000.0,
        "Net Income Including Noncontrolling Interests": 185000.0,
        "Net Income Continuous Operations": 185000.0,
        "Tax Provision": 47000.0,
        "Pretax Income": 232000.0,
        "Gain On Sale Of Security": 0.0,
        "Selling General And Administration": 3153000.0,
        "Selling And Marketing Expense": 105000.0,
        "General And Administrative Expense": 3048000.0,
        "Insurance And Claims": 216000.0,
        "Salaries And Wages": 2832000.0,
        "Total Revenue": 5301000.0,
        "Operating Revenue": 5301000.0
    },
    "2024-03-31": {
        "Tax Effect Of Unusual Items": NaN,
        "Tax Rate For Calcs": NaN,
        "Total Unusual Items": NaN,
        "Total Unusual Items Excluding Goodwill": NaN,
        "Net Income From Continuing Operation Net Minority Interest": NaN,
        "Reconciled Depreciation": NaN,
        "Net Interest Income": NaN,
        "Interest Expense": NaN,
        "Interest Income": NaN,
        "Normalized Income": NaN,
        "Net Income From Continuing And Discontinued Operation": NaN,
        "Diluted Average Shares": 3211094.0,
        "Basic Average Shares": 3211094.0,
        "Diluted EPS": 0.22,
        "Basic EPS": 0.22,
        "Diluted NI Availto Com Stockholders": NaN,
        "Net Income Common Stockholders": NaN,
        "Net Income": NaN,
        "Net Income Including Noncontrolling Interests": NaN,
        "Net Income Continuous Operations": NaN,
        "Tax Provision": NaN,
        "Pretax Income": NaN,
        "Gain On Sale Of Security": NaN,
        "Selling General And Administration": NaN,
        "Selling And Marketing Expense": NaN,
        "General And Administrative Expense": NaN,
        "Insurance And Claims": NaN,
        "Salaries And Wages": NaN,
        "Total Revenue": NaN,
        "Operating Revenue": NaN
    }
}