{
    "2023-03-31": {
        "Tax Effect Of Unusual Items": NaN,
        "Tax Rate For Calcs": NaN,
        "Normalized EBITDA": NaN,
        "Net Income From Continuing Operation Net Minority Interest": NaN,
        "Reconciled Depreciation": NaN,
        "Reconciled Cost Of Revenue": NaN,
        "EBITDA": NaN,
        "EBIT": NaN,
        "Net Interest Income": NaN,
        "Interest Expense": 0.0,
        "Interest Income": NaN,
        "Normalized Income": NaN,
        "Net Income From Continuing And Discontinued Operation": NaN,
        "Total Expenses": NaN,
        "Total Operating Income As Reported": NaN,
        "Diluted Average Shares": NaN,
        "Basic Average Shares": NaN,
        "Diluted EPS": NaN,
        "Basic EPS": NaN,
        "Diluted NI Availto Com Stockholders": NaN,
        "Net Income Common Stockholders": NaN,
        "Net Income": NaN,
        "Net Income Including Noncontrolling Interests": NaN,
        "Net Income Continuous Operations": NaN,
        "Tax Provision": NaN,
        "Pretax Income": NaN,
        "Other Income Expense": NaN,
        "Other Non Operating Income Expenses": NaN,
        "Net Non Operating Interest Income Expense": NaN,
        "Interest Expense Non Operating": 0.0,
        "Interest Income Non Operating": NaN,
        "Operating Income": NaN,
        "Operating Expense": NaN,
        "Research And Development": NaN,
        "Selling General And Administration": NaN,
        "Gross Profit": NaN,
        "Cost Of Revenue": NaN,
        "Total Revenue": NaN,
        "Operating Revenue": NaN
    },
    "2022-12-31": {
        "Tax Effect Of Unusual Items": NaN,
        "Tax Rate For Calcs": NaN,
        "Normalized EBITDA": NaN,
        "Net Income From Continuing Operation Net Minority Interest": NaN,
        "Reconciled Depreciation": NaN,
        "Reconciled Cost Of Revenue": NaN,
        "EBITDA": NaN,
        "EBIT": NaN,
        "Net Interest Income": NaN,
        "Interest Expense": 0.0,
        "Interest Income": NaN,
        "Normalized Income": NaN,
        "Net Income From Continuing And Discontinued Operation": NaN,
        "Total Expenses": NaN,
        "Total Operating Income As Reported": NaN,
        "Diluted Average Shares": NaN,
        "Basic Average Shares": NaN,
        "Diluted EPS": NaN,
        "Basic EPS": NaN,
        "Diluted NI Availto Com Stockholders": NaN,
        "Net Income Common Stockholders": NaN,
        "Net Income": NaN,
        "Net Income Including Noncontrolling Interests": NaN,
        "Net Income Continuous Operations": NaN,
        "Tax Provision": NaN,
        "Pretax Income": NaN,
        "Other Income Expense": NaN,
        "Other Non Operating Income Expenses": NaN,
        "Net Non Operating Interest Income Expense": NaN,
        "Interest Expense Non Operating": 0.0,
        "Interest Income Non Operating": NaN,
        "Operating Income": NaN,
        "Operating Expense": NaN,
        "Research And Development": NaN,
        "Selling General And Administration": NaN,
        "Gross Profit": NaN,
        "Cost Of Revenue": NaN,
        "Total Revenue": NaN,
        "Operating Revenue": NaN
    },
    "2022-09-30": {
        "Tax Effect Of Unusual Items": 0.0,
        "Tax Rate For Calcs": 0.315589,
        "Normalized EBITDA": 2297433.0,
        "Net Income From Continuing Operation Net Minority Interest": 1651376.0,
        "Reconciled Depreciation": 90335.0,
        "Reconciled Cost Of Revenue": 2795585.0,
        "EBITDA": 2297433.0,
        "EBIT": 2297433.0,
        "Net Interest Income": 65232.0,
        "Interest Expense": NaN,
        "Interest Income": 65232.0,
        "Normalized Income": 1651376.0,
        "Net Income From Continuing And Discontinued Operation": 1651376.0,
        "Total Expenses": 4965688.0,
        "Total Operating Income As Reported": 2297433.0,
        "Diluted Average Shares": 17257871.0,
        "Basic Average Shares": 17256750.0,
        "Diluted EPS": 0.1,
        "Basic EPS": 0.1,
        "Diluted NI Availto Com Stockholders": 1651376.0,
        "Net Income Common Stockholders": 1651376.0,
        "Net Income": 1651376.0,
        "Net Income Including Noncontrolling Interests": 1651376.0,
        "Net Income Continuous Operations": 1651376.0,
        "Tax Provision": 761468.0,
        "Pretax Income": 2412844.0,
        "Other Income Expense": 50179.0,
        "Other Non Operating Income Expenses": 50179.0,
        "Net Non Operating Interest Income Expense": 65232.0,
        "Interest Expense Non Operating": NaN,
        "Interest Income Non Operating": 65232.0,
        "Operating Income": 2297433.0,
        "Operating Expense": 2170103.0,
        "Research And Development": 642203.0,
        "Selling General And Administration": 1527900.0,
        "Gross Profit": 4467536.0,
        "Cost Of Revenue": 2795585.0,
        "Total Revenue": 7263121.0,
        "Operating Revenue": 7263121.0
    },
    "2022-06-30": {
        "Tax Effect Of Unusual Items": 0.0,
        "Tax Rate For Calcs": 0.208834,
        "Normalized EBITDA": 1685900.0,
        "Net Income From Continuing Operation Net Minority Interest": 1359174.0,
        "Reconciled Depreciation": 90028.0,
        "Reconciled Cost Of Revenue": 2879462.0,
        "EBITDA": 1685900.0,
        "EBIT": 1685900.0,
        "Net Interest Income": 10429.0,
        "Interest Income": 10429.0,
        "Normalized Income": 1359174.0,
        "Net Income From Continuing And Discontinued Operation": 1359174.0,
        "Total Expenses": 5250076.0,
        "Total Operating Income As Reported": 1685900.0,
        "Diluted Average Shares": 17265798.0,
        "Basic Average Shares": 17261349.0,
        "Diluted EPS": 0.08,
        "Basic EPS": 0.08,
        "Diluted NI Availto Com Stockholders": 1359174.0,
        "Net Income Common Stockholders": 1359174.0,
        "Net Income": 1359174.0,
        "Net Income Including Noncontrolling Interests": 1359174.0,
        "Net Income Continuous Operations": 1359174.0,
        "Tax Provision": 358763.0,
        "Pretax Income": 1717937.0,
        "Other Income Expense": 21608.0,
        "Other Non Operating Income Expenses": 21608.0,
        "Net Non Operating Interest Income Expense": 10429.0,
        "Interest Income Non Operating": 10429.0,
        "Operating Income": 1685900.0,
        "Operating Expense": 2370614.0,
        "Research And Development": 676381.0,
        "Selling General And Administration": 1694233.0,
        "Gross Profit": 4056514.0,
        "Cost Of Revenue": 2879462.0,
        "Total Revenue": 6935976.0,
        "Operating Revenue": 6935976.0
    },
    "2022-03-31": {
        "Diluted EPS": 0.08,
        "Total Revenue": 7,
        "Gross Profit": 4,
        "Operating Income": 2,
        "EBIT": 2,
        "Net Income": 1
    },
    "2021-12-31": {
        "Diluted EPS": 0.07,
        "Total Revenue": 7,
        "Gross Profit": 4,
        "Operating Income": 1,
        "EBIT": 2,
        "Net Income": 1
    },
    "2021-09-30": {
        "Diluted EPS": 0.08,
        "Total Revenue": 7,
        "Gross Profit": 4,
        "Operating Income": 2,
        "EBIT": 2,
        "Net Income": 2
    },
    "2021-06-30": {
        "Diluted EPS": 0.16,
        "Total Revenue": 6,
        "Gross Profit": 3,
        "Operating Income": 1,
        "EBIT": 1,
        "Net Income": 3
    },
    "2021-03-31": {
        "Diluted EPS": 0.04,
        "Total Revenue": 5,
        "Gross Profit": 3,
        "Operating Income": 1,
        "EBIT": 1,
        "Net Income": 1
    },
    "2020-12-31": {
        "Diluted EPS": 0.01,
        "Total Revenue": 5,
        "Gross Profit": 3,
        "Operating Income": 0,
        "EBIT": 0,
        "Net Income": 0
    },
    "2020-09-30": {
        "Diluted EPS": 0.07,
        "Total Revenue": 6,
        "Gross Profit": 4,
        "Operating Income": 1,
        "EBIT": 1,
        "Net Income": 1
    },
    "2020-06-30": {
        "Diluted EPS": 0.07,
        "Total Revenue": 6,
        "Gross Profit": 3,
        "Operating Income": 1,
        "EBIT": 1,
        "Net Income": 1
    },
    "2020-03-31": {
        "Diluted EPS": 0.03,
        "Total Revenue": 5,
        "Gross Profit": 2,
        "Operating Income": 0,
        "EBIT": 0,
        "Net Income": 0
    },
    "2019-12-31": {
        "Diluted EPS": 0.02,
        "Total Revenue": 5,
        "Gross Profit": 3,
        "Operating Income": 0,
        "EBIT": 0,
        "Net Income": 0
    },
    "2019-09-30": {
        "Diluted EPS": 0.06,
        "Total Revenue": 5,
        "Gross Profit": 3,
        "Operating Income": 1,
        "EBIT": 1,
        "Net Income": 1
    },
    "2019-06-30": {
        "Diluted EPS": 0.03,
        "Total Revenue": 5,
        "Gross Profit": 3,
        "Operating Income": 0,
        "EBIT": 0,
        "Net Income": 1
    },
    "2019-03-31": {
        "Diluted EPS": 0.01,
        "Total Revenue": 4,
        "Gross Profit": 2,
        "Operating Income": 0,
        "EBIT": 0,
        "Net Income": 0
    },
    "2018-12-31": {
        "Diluted EPS": 0.01,
        "Total Revenue": 4,
        "Gross Profit": 2,
        "Operating Income": 0,
        "EBIT": 0,
        "Net Income": 0
    },
    "2018-09-30": {
        "Diluted EPS": -0.03,
        "Total Revenue": 4,
        "Gross Profit": 2,
        "Operating Income": 0,
        "EBIT": 0,
        "Net Income": 0
    },
    "2018-06-30": {
        "Diluted EPS": -0.06,
        "Total Revenue": 3,
        "Gross Profit": 2,
        "Operating Income": -1,
        "EBIT": -1,
        "Net Income": -1
    },
    "2018-03-31": {
        "Diluted EPS": -0.08,
        "Total Revenue": 4,
        "Gross Profit": 2,
        "Operating Income": -1,
        "EBIT": -1,
        "Net Income": -1
    },
    "2017-12-31": {
        "Diluted EPS": -0.05,
        "Total Revenue": 3,
        "Gross Profit": 1,
        "Operating Income": -1,
        "EBIT": -1,
        "Net Income": -1
    },
    "2017-09-30": {
        "Diluted EPS": -0.01,
        "Total Revenue": 4,
        "Gross Profit": 2,
        "Operating Income": -1,
        "EBIT": -1,
        "Net Income": 0
    },
    "2017-06-30": {
        "Diluted EPS": 0.0,
        "Total Revenue": 5,
        "Gross Profit": 2,
        "Operating Income": -1,
        "EBIT": 0,
        "Net Income": 0
    },
    "2017-03-31": {
        "Diluted EPS": 0.35,
        "Total Revenue": 5,
        "Gross Profit": 2,
        "Operating Income": 3,
        "EBIT": 3,
        "Net Income": 6
    },
    "2016-12-31": {
        "Diluted EPS": -0.07,
        "Total Revenue": 3,
        "Gross Profit": 2,
        "Operating Income": -2,
        "EBIT": -1,
        "Net Income": -1
    },
    "2016-09-30": {
        "Diluted EPS": 0.03,
        "Total Revenue": 6,
        "Gross Profit": 3,
        "Operating Income": 1,
        "EBIT": 1,
        "Net Income": 0
    },
    "2016-06-30": {
        "Diluted EPS": 0.01,
        "Total Revenue": 7,
        "Gross Profit": 4,
        "Operating Income": 0,
        "EBIT": 0,
        "Net Income": 0
    },
    "2016-03-31": {
        "Diluted EPS": 0.09,
        "Total Revenue": 9,
        "Gross Profit": 6,
        "Operating Income": 2,
        "EBIT": 2,
        "Net Income": 2
    },
    "2015-12-31": {
        "Diluted EPS": -0.01,
        "Total Revenue": 7,
        "Gross Profit": 3,
        "Operating Income": 0,
        "EBIT": 0,
        "Net Income": 0
    },
    "2015-09-30": {
        "Diluted EPS": -0.15,
        "Total Revenue": 3,
        "Gross Profit": 1,
        "Operating Income": -3,
        "EBIT": -3,
        "Net Income": -3
    },
    "2015-06-30": {
        "Diluted EPS": -0.21,
        "Total Revenue": 5,
        "Gross Profit": 2,
        "Operating Income": 0,
        "EBIT": 0,
        "Net Income": -4
    },
    "2015-03-31": {
        "Diluted EPS": -0.02,
        "Total Revenue": 5,
        "Gross Profit": 2,
        "Operating Income": -1,
        "EBIT": 0,
        "Net Income": 0
    },
    "2014-12-31": {
        "Diluted EPS": 0.03,
        "Total Revenue": 7,
        "Gross Profit": 3,
        "Operating Income": 0,
        "EBIT": 0,
        "Net Income": 1
    },
    "2014-09-30": {
        "Diluted EPS": -0.13,
        "Total Revenue": 10,
        "Gross Profit": 3,
        "Operating Income": -3,
        "EBIT": -3,
        "Net Income": -2
    },
    "2014-06-30": {
        "Diluted EPS": 0.03,
        "Total Revenue": 11,
        "Gross Profit": 3,
        "Operating Income": 1,
        "EBIT": 1,
        "Net Income": 0
    },
    "2014-03-31": {
        "Diluted EPS": 0.05,
        "Total Revenue": 12,
        "Gross Profit": 4,
        "Operating Income": 1,
        "EBIT": 1,
        "Net Income": 1
    },
    "2013-12-31": {
        "Diluted EPS": 0.06,
        "Total Revenue": 11,
        "Gross Profit": 4,
        "Operating Income": 1,
        "EBIT": 2,
        "Net Income": 1
    },
    "2013-09-30": {
        "Diluted EPS": 0.0,
        "Total Revenue": 8,
        "Gross Profit": 2,
        "Operating Income": 0,
        "EBIT": 0,
        "Net Income": 0
    },
    "2013-06-30": {
        "Diluted EPS": 0.02,
        "Total Revenue": 9,
        "Gross Profit": 3,
        "Operating Income": 0,
        "EBIT": 0,
        "Net Income": 0
    },
    "2013-03-31": {
        "Diluted EPS": 0.07,
        "Total Revenue": 8,
        "Gross Profit": 4,
        "Operating Income": 1,
        "EBIT": 1,
        "Net Income": 1
    },
    "2012-12-31": {
        "Diluted EPS": 0.02,
        "Total Revenue": 7,
        "Gross Profit": 3,
        "Operating Income": 0,
        "EBIT": 1,
        "Net Income": 0
    },
    "2012-09-30": {
        "Diluted EPS": 0.16,
        "Total Revenue": 7,
        "Gross Profit": 3,
        "Operating Income": 0,
        "EBIT": 0,
        "Net Income": 3
    },
    "2012-06-30": {
        "Diluted EPS": 0.02,
        "Total Revenue": 6,
        "Gross Profit": 3,
        "Operating Income": 0,
        "EBIT": 0,
        "Net Income": 0
    },
    "2012-03-31": {
        "Diluted EPS": 0.02,
        "Total Revenue": 7,
        "Gross Profit": 3,
        "Operating Income": 0,
        "EBIT": 0,
        "Net Income": 0
    },
    "2011-12-31": {
        "Diluted EPS": -0.02,
        "Total Revenue": 5,
        "Gross Profit": 2,
        "Operating Income": -1,
        "EBIT": 0,
        "Net Income": 0
    },
    "2011-09-30": {
        "Diluted EPS": -0.01,
        "Total Revenue": 6,
        "Gross Profit": 3,
        "Operating Income": 0,
        "EBIT": 0,
        "Net Income": 0
    },
    "2011-06-30": {
        "Diluted EPS": 0.0,
        "Total Revenue": 6,
        "Gross Profit": 3,
        "Operating Income": 0,
        "EBIT": 0,
        "Net Income": 0
    },
    "2011-03-31": {
        "Diluted EPS": 0.03,
        "Total Revenue": 7,
        "Gross Profit": 4,
        "Operating Income": 0,
        "EBIT": 1,
        "Net Income": 0
    },
    "2010-12-31": {
        "Diluted EPS": 0.02,
        "Total Revenue": 7,
        "Gross Profit": 4,
        "Operating Income": 0,
        "EBIT": 0,
        "Net Income": 0
    },
    "2010-09-30": {
        "Diluted EPS": 0.07,
        "Total Revenue": 7,
        "Gross Profit": 5,
        "Operating Income": 1,
        "EBIT": 1,
        "Net Income": 1
    },
    "2010-06-30": {
        "Diluted EPS": 0.08,
        "Total Revenue": 8,
        "Gross Profit": 5,
        "Operating Income": 2,
        "EBIT": 2,
        "Net Income": 1
    },
    "2010-03-31": {
        "Diluted EPS": -0.04,
        "Total Revenue": 5,
        "Gross Profit": 2,
        "Operating Income": -1,
        "EBIT": -1,
        "Net Income": -1
    },
    "2009-12-31": {
        "Diluted EPS": -0.07,
        "Total Revenue": 5,
        "Gross Profit": 2,
        "Operating Income": -2,
        "EBIT": -1,
        "Net Income": -1
    },
    "2009-09-30": {
        "Diluted EPS": 0.04,
        "Total Revenue": 8,
        "Gross Profit": 4,
        "Operating Income": 1,
        "EBIT": 1,
        "Net Income": 1
    },
    "2009-06-30": {
        "Diluted EPS": 0.07,
        "Total Revenue": 8,
        "Gross Profit": 4,
        "Operating Income": 1,
        "EBIT": 1,
        "Net Income": 1
    },
    "2009-03-31": {
        "Diluted EPS": 0.08,
        "Total Revenue": 10,
        "Gross Profit": 5,
        "Operating Income": 1,
        "EBIT": 2,
        "Net Income": 1
    },
    "2023-06-30": {
        "Tax Effect Of Unusual Items": NaN,
        "Tax Rate For Calcs": NaN,
        "Normalized EBITDA": NaN,
        "Net Income From Continuing Operation Net Minority Interest": NaN,
        "Reconciled Depreciation": NaN,
        "Reconciled Cost Of Revenue": NaN,
        "EBITDA": NaN,
        "EBIT": NaN,
        "Net Interest Income": NaN,
        "Interest Expense": 0.0,
        "Interest Income": NaN,
        "Normalized Income": NaN,
        "Net Income From Continuing And Discontinued Operation": NaN,
        "Total Expenses": NaN,
        "Total Operating Income As Reported": NaN,
        "Diluted Average Shares": 17577588.0,
        "Basic Average Shares": 17576969.0,
        "Diluted EPS": 0.08,
        "Basic EPS": 0.08,
        "Diluted NI Availto Com Stockholders": NaN,
        "Net Income Common Stockholders": NaN,
        "Net Income": NaN,
        "Net Income Including Noncontrolling Interests": NaN,
        "Net Income Continuous Operations": NaN,
        "Tax Provision": NaN,
        "Pretax Income": NaN,
        "Other Income Expense": 90049.0,
        "Other Non Operating Income Expenses": 90049.0,
        "Net Non Operating Interest Income Expense": NaN,
        "Interest Expense Non Operating": 0.0,
        "Interest Income Non Operating": NaN,
        "Operating Income": NaN,
        "Operating Expense": NaN,
        "Research And Development": NaN,
        "Selling General And Administration": NaN,
        "Gross Profit": NaN,
        "Cost Of Revenue": NaN,
        "Total Revenue": NaN,
        "Operating Revenue": NaN
    },
    "2023-09-30": {
        "Tax Effect Of Unusual Items": 0.0,
        "Tax Rate For Calcs": 0.21701,
        "Normalized EBITDA": 4761155.0,
        "Net Income From Continuing Operation Net Minority Interest": 2634622.0,
        "Reconciled Depreciation": 439051.0,
        "Reconciled Cost Of Revenue": 4880125.0,
        "EBITDA": 4761155.0,
        "EBIT": 4322104.0,
        "Net Interest Income": -307588.0,
        "Interest Expense": NaN,
        "Interest Income": 85693.0,
        "Normalized Income": 2634622.0,
        "Net Income From Continuing And Discontinued Operation": 2634622.0,
        "Total Expenses": 9339997.0,
        "Total Operating Income As Reported": 3652599.0,
        "Diluted Average Shares": 17451314.0,
        "Basic Average Shares": 17400659.0,
        "Diluted EPS": 0.15,
        "Basic EPS": 0.15,
        "Diluted NI Availto Com Stockholders": 2634622.0,
        "Net Income Common Stockholders": 2634622.0,
        "Net Income": 2634622.0,
        "Net Income Including Noncontrolling Interests": 2634622.0,
        "Net Income Continuous Operations": 2634622.0,
        "Tax Provision": 730202.0,
        "Pretax Income": 3364824.0,
        "Other Income Expense": 19813.0,
        "Other Non Operating Income Expenses": 19813.0,
        "Net Non Operating Interest Income Expense": -307588.0,
        "Interest Expense Non Operating": NaN,
        "Interest Income Non Operating": 85693.0,
        "Operating Income": 3652599.0,
        "Operating Expense": 4459872.0,
        "Research And Development": 741579.0,
        "Selling General And Administration": 3718293.0,
        "Gross Profit": 8112471.0,
        "Cost Of Revenue": 4880125.0,
        "Total Revenue": 12992596.0,
        "Operating Revenue": 12992596.0
    },
    "2023-12-31": {
        "Tax Effect Of Unusual Items": 0.0,
        "Tax Rate For Calcs": 0.218,
        "Normalized EBITDA": 2123798.0,
        "Net Income From Continuing Operation Net Minority Interest": 1057350.0,
        "Reconciled Depreciation": 411421.0,
        "Reconciled Cost Of Revenue": 3784901.0,
        "EBITDA": 2123798.0,
        "EBIT": 1712377.0,
        "Net Interest Income": -280534.0,
        "Interest Expense": 360013.0,
        "Interest Income": 79479.0,
        "Normalized Income": 1057350.0,
        "Net Income From Continuing And Discontinued Operation": 1057350.0,
        "Total Expenses": 7692864.0,
        "Total Operating Income As Reported": 1615199.0,
        "Diluted Average Shares": 17474906.0,
        "Basic Average Shares": 17451362.0,
        "Diluted EPS": 0.06,
        "Basic EPS": 0.06,
        "Diluted NI Availto Com Stockholders": 1057350.0,
        "Net Income Common Stockholders": 1057350.0,
        "Net Income": 1057350.0,
        "Net Income Including Noncontrolling Interests": 1057350.0,
        "Net Income Continuous Operations": 1057350.0,
        "Tax Provision": 295014.0,
        "Pretax Income": 1352364.0,
        "Other Income Expense": 17699.0,
        "Other Non Operating Income Expenses": 17699.0,
        "Net Non Operating Interest Income Expense": -280534.0,
        "Interest Expense Non Operating": 360013.0,
        "Interest Income Non Operating": 79479.0,
        "Operating Income": 1615199.0,
        "Operating Expense": 3907963.0,
        "Research And Development": 901144.0,
        "Selling General And Administration": 3006819.0,
        "Gross Profit": 5523162.0,
        "Cost Of Revenue": 3784901.0,
        "Total Revenue": 9308063.0,
        "Operating Revenue": 9308063.0
    },
    "2024-03-31": {
        "Tax Effect Of Unusual Items": 0.0,
        "Tax Rate For Calcs": 0.212,
        "Normalized EBITDA": 2120378.0,
        "Net Income From Continuing Operation Net Minority Interest": 1208316.0,
        "Reconciled Depreciation": 414656.0,
        "Reconciled Cost Of Revenue": 5157154.0,
        "EBITDA": 2120378.0,
        "EBIT": 1705722.0,
        "Net Interest Income": -135270.0,
        "Interest Expense": 171470.0,
        "Interest Income": 36200.0,
        "Normalized Income": 1208316.0,
        "Net Income From Continuing And Discontinued Operation": 1208316.0,
        "Total Expenses": 9096466.0,
        "Total Operating Income As Reported": 1643050.0,
        "Diluted Average Shares": 17487527.0,
        "Basic Average Shares": 17456120.0,
        "Diluted EPS": 0.07,
        "Basic EPS": 0.07,
        "Diluted NI Availto Com Stockholders": 1208316.0,
        "Net Income Common Stockholders": 1208316.0,
        "Net Income": 1208316.0,
        "Net Income Including Noncontrolling Interests": 1208316.0,
        "Net Income Continuous Operations": 1208316.0,
        "Tax Provision": 325936.0,
        "Pretax Income": 1534252.0,
        "Other Income Expense": 26472.0,
        "Other Non Operating Income Expenses": 26472.0,
        "Net Non Operating Interest Income Expense": -135270.0,
        "Interest Expense Non Operating": 171470.0,
        "Interest Income Non Operating": 36200.0,
        "Operating Income": 1643050.0,
        "Operating Expense": 3939312.0,
        "Research And Development": 1031119.0,
        "Selling General And Administration": 2908193.0,
        "Gross Profit": 5582362.0,
        "Cost Of Revenue": 5157154.0,
        "Total Revenue": 10739516.0,
        "Operating Revenue": 10739516.0
    },
    "2024-06-30": {
        "Tax Effect Of Unusual Items": 0.0,
        "Tax Rate For Calcs": 0.176,
        "Normalized EBITDA": 2666970.0,
        "Net Income From Continuing Operation Net Minority Interest": 1552520.0,
        "Reconciled Depreciation": 611155.0,
        "Reconciled Cost Of Revenue": 5485814.0,
        "EBITDA": 2666970.0,
        "EBIT": 2055815.0,
        "Net Interest Income": -166958.0,
        "Interest Expense": 172784.0,
        "Interest Income": 5826.0,
        "Normalized Income": 1552520.0,
        "Net Income From Continuing And Discontinued Operation": 1552520.0,
        "Total Expenses": 9728515.0,
        "Total Operating Income As Reported": 2037120.0,
        "Diluted Average Shares": 17467259.0,
        "Basic Average Shares": 17461652.0,
        "Diluted EPS": 0.09,
        "Basic EPS": 0.09,
        "Diluted NI Availto Com Stockholders": 1552520.0,
        "Net Income Common Stockholders": 1552520.0,
        "Net Income": 1552520.0,
        "Net Income Including Noncontrolling Interests": 1552520.0,
        "Net Income Continuous Operations": 1552520.0,
        "Tax Provision": 330511.0,
        "Pretax Income": 1883031.0,
        "Other Income Expense": 12869.0,
        "Other Non Operating Income Expenses": 12869.0,
        "Net Non Operating Interest Income Expense": -166958.0,
        "Interest Expense Non Operating": 172784.0,
        "Interest Income Non Operating": 5826.0,
        "Operating Income": 2037120.0,
        "Operating Expense": 4242701.0,
        "Research And Development": 1099367.0,
        "Selling General And Administration": 3143334.0,
        "Gross Profit": 6279821.0,
        "Cost Of Revenue": 5485814.0,
        "Total Revenue": 11765635.0,
        "Operating Revenue": 11765635.0
    },
    "2024-09-30": {
        "Tax Effect Of Unusual Items": 0.0,
        "Tax Rate For Calcs": 0.220906,
        "Normalized EBITDA": 4975665.0,
        "Net Income From Continuing Operation Net Minority Interest": 3180194.0,
        "Reconciled Depreciation": 660710.0,
        "Reconciled Cost Of Revenue": 6856561.0,
        "EBITDA": 4975665.0,
        "EBIT": 4314955.0,
        "Net Interest Income": -227215.0,
        "Interest Expense": 233042.0,
        "Interest Income": 5827.0,
        "Normalized Income": 3180194.0,
        "Net Income From Continuing And Discontinued Operation": 3180194.0,
        "Total Expenses": 11018638.0,
        "Total Operating Income As Reported": 4366168.0,
        "Diluted Average Shares": NaN,
        "Basic Average Shares": NaN,
        "Diluted EPS": NaN,
        "Basic EPS": NaN,
        "Diluted NI Availto Com Stockholders": 3180194.0,
        "Net Income Common Stockholders": 3180194.0,
        "Net Income": 3180194.0,
        "Net Income Including Noncontrolling Interests": 3180194.0,
        "Net Income Continuous Operations": 3180194.0,
        "Tax Provision": 901719.0,
        "Pretax Income": 4081913.0,
        "Other Income Expense": NaN,
        "Other Non Operating Income Expenses": NaN,
        "Net Non Operating Interest Income Expense": -227215.0,
        "Interest Expense Non Operating": 233042.0,
        "Interest Income Non Operating": 5827.0,
        "Operating Income": 4366168.0,
        "Operating Expense": 4162077.0,
        "Research And Development": 1106355.0,
        "Selling General And Administration": 3055722.0,
        "Gross Profit": 8528245.0,
        "Cost Of Revenue": 6856561.0,
        "Total Revenue": 15384806.0,
        "Operating Revenue": 15384806.0
    }
}