{
    "2023-03-31": {
        "Tax Effect Of Unusual Items": 31589600.0,
        "Tax Rate For Calcs": 0.224,
        "Normalized EBITDA": 314274000.0,
        "Total Unusual Items": 141025000.0,
        "Total Unusual Items Excluding Goodwill": 141025000.0,
        "Net Income From Continuing Operation Net Minority Interest": 295783000.0,
        "Reconciled Depreciation": 46631000.0,
        "Reconciled Cost Of Revenue": 435139000.0,
        "EBITDA": 455299000.0,
        "EBIT": 408668000.0,
        "Net Interest Income": -27391000.0,
        "Interest Expense": 27391000.0,
        "Normalized Income": 186347600.0,
        "Net Income From Continuing And Discontinued Operation": 295783000.0,
        "Total Expenses": 1138860000.0,
        "Total Operating Income As Reported": 407957000.0,
        "Diluted Average Shares": 80282000.0,
        "Basic Average Shares": 79452000.0,
        "Diluted EPS": 3.68,
        "Basic EPS": 3.72,
        "Diluted NI Availto Com Stockholders": 295783000.0,
        "Net Income Common Stockholders": 295783000.0,
        "Net Income": 295783000.0,
        "Net Income Including Noncontrolling Interests": 295783000.0,
        "Net Income Continuous Operations": 295783000.0,
        "Tax Provision": 85494000.0,
        "Pretax Income": 381277000.0,
        "Other Income Expense": 138659000.0,
        "Other Non Operating Income Expenses": -2366000.0,
        "Special Income Charges": 141025000.0,
        "Gain On Sale Of Business": 139316000.0,
        "Other Special Charges": -3077000.0,
        "Restructuring And Mergern Acquisition": 1368000.0,
        "Net Non Operating Interest Income Expense": -27391000.0,
        "Interest Expense Non Operating": 27391000.0,
        "Operating Income": 270009000.0,
        "Operating Expense": 703721000.0,
        "Depreciation Amortization Depletion Income Statement": 46631000.0,
        "Depreciation And Amortization In Income Statement": 46631000.0,
        "Amortization": 22735000.0,
        "Amortization Of Intangibles Income Statement": 22735000.0,
        "Depreciation Income Statement": 23896000.0,
        "Selling General And Administration": 657090000.0,
        "Gross Profit": 973730000.0,
        "Cost Of Revenue": 435139000.0,
        "Total Revenue": 1408869000.0,
        "Operating Revenue": 1408869000.0
    },
    "2022-12-31": {
        "Tax Effect Of Unusual Items": NaN,
        "Tax Rate For Calcs": NaN,
        "Normalized EBITDA": NaN,
        "Total Unusual Items": NaN,
        "Total Unusual Items Excluding Goodwill": NaN,
        "Net Income From Continuing Operation Net Minority Interest": NaN,
        "Reconciled Depreciation": NaN,
        "Reconciled Cost Of Revenue": NaN,
        "EBITDA": NaN,
        "EBIT": NaN,
        "Net Interest Income": NaN,
        "Interest Expense": NaN,
        "Normalized Income": NaN,
        "Net Income From Continuing And Discontinued Operation": NaN,
        "Total Expenses": NaN,
        "Total Operating Income As Reported": NaN,
        "Diluted Average Shares": 80100000.0,
        "Basic Average Shares": 79200000.0,
        "Diluted EPS": 3.21,
        "Basic EPS": 3.24,
        "Diluted NI Availto Com Stockholders": NaN,
        "Net Income Common Stockholders": NaN,
        "Net Income": NaN,
        "Net Income Including Noncontrolling Interests": NaN,
        "Net Income Continuous Operations": NaN,
        "Tax Provision": NaN,
        "Pretax Income": NaN,
        "Other Income Expense": NaN,
        "Other Non Operating Income Expenses": NaN,
        "Special Income Charges": NaN,
        "Gain On Sale Of Business": NaN,
        "Other Special Charges": NaN,
        "Restructuring And Mergern Acquisition": NaN,
        "Net Non Operating Interest Income Expense": NaN,
        "Interest Expense Non Operating": NaN,
        "Operating Income": NaN,
        "Operating Expense": NaN,
        "Depreciation Amortization Depletion Income Statement": NaN,
        "Depreciation And Amortization In Income Statement": NaN,
        "Amortization": NaN,
        "Amortization Of Intangibles Income Statement": NaN,
        "Depreciation Income Statement": NaN,
        "Selling General And Administration": NaN,
        "Gross Profit": NaN,
        "Cost Of Revenue": NaN,
        "Total Revenue": NaN,
        "Operating Revenue": NaN
    },
    "2022-09-30": {
        "Tax Effect Of Unusual Items": -335412.0,
        "Tax Rate For Calcs": 0.252,
        "Normalized EBITDA": 310930000.0,
        "Total Unusual Items": -1331000.0,
        "Total Unusual Items Excluding Goodwill": -1331000.0,
        "Net Income From Continuing Operation Net Minority Interest": 173545000.0,
        "Reconciled Depreciation": 47251000.0,
        "Reconciled Cost Of Revenue": 416837000.0,
        "EBITDA": 309599000.0,
        "EBIT": 262348000.0,
        "Net Interest Income": -30286000.0,
        "Interest Expense": 30286000.0,
        "Normalized Income": 174540588.0,
        "Net Income From Continuing And Discontinued Operation": 173545000.0,
        "Total Expenses": 1077119000.0,
        "Total Operating Income As Reported": 253418000.0,
        "Diluted Average Shares": 80059000.0,
        "Basic Average Shares": 79259000.0,
        "Diluted EPS": 2.17,
        "Basic EPS": 2.19,
        "Diluted NI Availto Com Stockholders": 173545000.0,
        "Net Income Common Stockholders": 173545000.0,
        "Net Income": 173545000.0,
        "Net Income Including Noncontrolling Interests": 173545000.0,
        "Net Income Continuous Operations": 173545000.0,
        "Tax Provision": 58517000.0,
        "Pretax Income": 232062000.0,
        "Other Income Expense": 7599000.0,
        "Other Non Operating Income Expenses": 8930000.0,
        "Special Income Charges": -1331000.0,
        "Gain On Sale Of Business": NaN,
        "Other Special Charges": NaN,
        "Restructuring And Mergern Acquisition": 1331000.0,
        "Net Non Operating Interest Income Expense": -30286000.0,
        "Interest Expense Non Operating": 30286000.0,
        "Operating Income": 254749000.0,
        "Operating Expense": 660282000.0,
        "Depreciation Amortization Depletion Income Statement": 47251000.0,
        "Depreciation And Amortization In Income Statement": 47251000.0,
        "Amortization": 24369000.0,
        "Amortization Of Intangibles Income Statement": 24369000.0,
        "Depreciation Income Statement": 22882000.0,
        "Selling General And Administration": 613031000.0,
        "Gross Profit": 915031000.0,
        "Cost Of Revenue": 416837000.0,
        "Total Revenue": 1331868000.0,
        "Operating Revenue": 1331868000.0
    },
    "2022-06-30": {
        "Tax Effect Of Unusual Items": -591881.116347,
        "Tax Rate For Calcs": 0.25734,
        "Normalized EBITDA": 355600000.0,
        "Total Unusual Items": -2300000.0,
        "Total Unusual Items Excluding Goodwill": -2300000.0,
        "Net Income From Continuing Operation Net Minority Interest": 204900000.0,
        "Reconciled Depreciation": 47700000.0,
        "Reconciled Cost Of Revenue": 424500000.0,
        "EBITDA": 353300000.0,
        "EBIT": 305600000.0,
        "Net Interest Income": -29700000.0,
        "Interest Expense": 29700000.0,
        "Normalized Income": 206608118.883653,
        "Net Income From Continuing And Discontinued Operation": 204900000.0,
        "Total Expenses": 1077100000.0,
        "Total Operating Income As Reported": 297100000.0,
        "Diluted Average Shares": 80974000.0,
        "Basic Average Shares": 80271000.0,
        "Diluted EPS": 2.53,
        "Basic EPS": 2.55,
        "Diluted NI Availto Com Stockholders": 204900000.0,
        "Net Income Common Stockholders": 204900000.0,
        "Net Income": 204900000.0,
        "Net Income Including Noncontrolling Interests": 204900000.0,
        "Net Income Continuous Operations": 204900000.0,
        "Tax Provision": 71000000.0,
        "Pretax Income": 275900000.0,
        "Other Income Expense": 6200000.0,
        "Other Non Operating Income Expenses": 8500000.0,
        "Special Income Charges": -2300000.0,
        "Gain On Sale Of Business": NaN,
        "Other Special Charges": NaN,
        "Restructuring And Mergern Acquisition": 2300000.0,
        "Net Non Operating Interest Income Expense": -29700000.0,
        "Interest Expense Non Operating": 29700000.0,
        "Operating Income": 299400000.0,
        "Operating Expense": 652600000.0,
        "Depreciation Amortization Depletion Income Statement": 47700000.0,
        "Depreciation And Amortization In Income Statement": 47700000.0,
        "Amortization": 24800000.0,
        "Amortization Of Intangibles Income Statement": 24800000.0,
        "Depreciation Income Statement": 22900000.0,
        "Selling General And Administration": 604900000.0,
        "Gross Profit": 952000000.0,
        "Cost Of Revenue": 424500000.0,
        "Total Revenue": 1376500000.0,
        "Operating Revenue": 1376500000.0
    },
    "2023-06-30": {
        "Tax Effect Of Unusual Items": -1469750.0,
        "Tax Rate For Calcs": 0.25,
        "Normalized EBITDA": 341174000.0,
        "Total Unusual Items": -5879000.0,
        "Total Unusual Items Excluding Goodwill": -5879000.0,
        "Net Income From Continuing Operation Net Minority Interest": 198043000.0,
        "Reconciled Depreciation": 46613000.0,
        "Reconciled Cost Of Revenue": 487418000.0,
        "EBITDA": 335295000.0,
        "EBIT": 288682000.0,
        "Net Interest Income": -24558000.0,
        "Interest Expense": 24558000.0,
        "Normalized Income": 202452250.0,
        "Net Income From Continuing And Discontinued Operation": 198043000.0,
        "Total Expenses": 1214199000.0,
        "Total Operating Income As Reported": 283107000.0,
        "Diluted Average Shares": 79820000.0,
        "Basic Average Shares": 79285000.0,
        "Diluted EPS": 2.48,
        "Basic EPS": 2.5,
        "Diluted NI Availto Com Stockholders": 198043000.0,
        "Net Income Common Stockholders": 198043000.0,
        "Net Income": 198043000.0,
        "Net Income Including Noncontrolling Interests": 198043000.0,
        "Net Income Continuous Operations": 198043000.0,
        "Tax Provision": 66081000.0,
        "Pretax Income": 264124000.0,
        "Other Income Expense": -304000.0,
        "Other Non Operating Income Expenses": 5575000.0,
        "Special Income Charges": -5879000.0,
        "Gain On Sale Of Business": -3906000.0,
        "Other Special Charges": NaN,
        "Restructuring And Mergern Acquisition": 1973000.0,
        "Net Non Operating Interest Income Expense": -24558000.0,
        "Interest Expense Non Operating": 24558000.0,
        "Operating Income": 288986000.0,
        "Operating Expense": 726781000.0,
        "Depreciation Amortization Depletion Income Statement": 46613000.0,
        "Depreciation And Amortization In Income Statement": 46613000.0,
        "Amortization": 22901000.0,
        "Amortization Of Intangibles Income Statement": 22901000.0,
        "Depreciation Income Statement": 23712000.0,
        "Selling General And Administration": 680168000.0,
        "Gross Profit": 1015767000.0,
        "Cost Of Revenue": 487418000.0,
        "Total Revenue": 1503185000.0,
        "Operating Revenue": 1503185000.0
    },
    "2023-09-30": {
        "Tax Effect Of Unusual Items": -883674.0,
        "Tax Rate For Calcs": 0.198,
        "Normalized EBITDA": 299293000.0,
        "Total Unusual Items": -4463000.0,
        "Total Unusual Items Excluding Goodwill": -4463000.0,
        "Net Income From Continuing Operation Net Minority Interest": 180009000.0,
        "Reconciled Depreciation": 48536000.0,
        "Reconciled Cost Of Revenue": 450841000.0,
        "EBITDA": 294830000.0,
        "EBIT": 246294000.0,
        "Net Interest Income": -21820000.0,
        "Interest Expense": 21820000.0,
        "Normalized Income": 183588326.0,
        "Net Income From Continuing And Discontinued Operation": 180009000.0,
        "Total Expenses": 1159904000.0,
        "Total Operating Income As Reported": 244417000.0,
        "Diluted Average Shares": 79520000.0,
        "Basic Average Shares": 78923000.0,
        "Diluted EPS": 2.26,
        "Basic EPS": 2.28,
        "Diluted NI Availto Com Stockholders": 180009000.0,
        "Net Income Common Stockholders": 180009000.0,
        "Net Income": 180009000.0,
        "Net Income Including Noncontrolling Interests": 180009000.0,
        "Net Income Continuous Operations": 180009000.0,
        "Tax Provision": 44465000.0,
        "Pretax Income": 224474000.0,
        "Other Income Expense": -2586000.0,
        "Other Non Operating Income Expenses": 1877000.0,
        "Special Income Charges": -4463000.0,
        "Gain On Sale Of Business": 0.0,
        "Other Special Charges": NaN,
        "Restructuring And Mergern Acquisition": 4463000.0,
        "Net Non Operating Interest Income Expense": -21820000.0,
        "Interest Expense Non Operating": 21820000.0,
        "Operating Income": 248880000.0,
        "Operating Expense": 709063000.0,
        "Depreciation Amortization Depletion Income Statement": 48536000.0,
        "Depreciation And Amortization In Income Statement": 48536000.0,
        "Amortization": 23989000.0,
        "Amortization Of Intangibles Income Statement": 23989000.0,
        "Depreciation Income Statement": 24547000.0,
        "Selling General And Administration": 660527000.0,
        "Gross Profit": 957943000.0,
        "Cost Of Revenue": 450841000.0,
        "Total Revenue": 1408784000.0,
        "Operating Revenue": 1408784000.0
    },
    "2023-12-31": {
        "Tax Effect Of Unusual Items": -441309.44549,
        "Tax Rate For Calcs": 0.24751,
        "Normalized EBITDA": 387363000.0,
        "Total Unusual Items": -1783000.0,
        "Total Unusual Items Excluding Goodwill": -1783000.0,
        "Net Income From Continuing Operation Net Minority Interest": 208631000.0,
        "Reconciled Depreciation": 49323000.0,
        "Reconciled Cost Of Revenue": 529842000.0,
        "EBITDA": 385580000.0,
        "EBIT": 336257000.0,
        "Net Interest Income": -20477000.0,
        "Interest Expense": 59003000.0,
        "Normalized Income": 209972690.55451,
        "Net Income From Continuing And Discontinued Operation": 208631000.0,
        "Total Expenses": 1282922000.0,
        "Total Operating Income As Reported": 301413000.0,
        "Diluted Average Shares": NaN,
        "Basic Average Shares": NaN,
        "Diluted EPS": NaN,
        "Basic EPS": NaN,
        "Diluted NI Availto Com Stockholders": 208631000.0,
        "Net Income Common Stockholders": 208631000.0,
        "Net Income": 208631000.0,
        "Net Income Including Noncontrolling Interests": 208631000.0,
        "Net Income Continuous Operations": 208631000.0,
        "Tax Provision": 68623000.0,
        "Pretax Income": 277254000.0,
        "Other Income Expense": -5465000.0,
        "Other Non Operating Income Expenses": -3682000.0,
        "Special Income Charges": -1783000.0,
        "Gain On Sale Of Business": 0.0,
        "Other Special Charges": 0.0,
        "Restructuring And Mergern Acquisition": 1783000.0,
        "Net Non Operating Interest Income Expense": -20477000.0,
        "Interest Expense Non Operating": 59003000.0,
        "Operating Income": 303196000.0,
        "Operating Expense": 753080000.0,
        "Depreciation Amortization Depletion Income Statement": 49323000.0,
        "Depreciation And Amortization In Income Statement": 49323000.0,
        "Amortization": 22833000.0,
        "Amortization Of Intangibles Income Statement": 22833000.0,
        "Depreciation Income Statement": 26490000.0,
        "Selling General And Administration": 703757000.0,
        "Gross Profit": 1056276000.0,
        "Cost Of Revenue": 529842000.0,
        "Total Revenue": 1586118000.0,
        "Operating Revenue": 1586118000.0
    },
    "2024-03-31": {
        "Tax Effect Of Unusual Items": -86940.0,
        "Tax Rate For Calcs": 0.189,
        "Normalized EBITDA": 328543000.0,
        "Total Unusual Items": -460000.0,
        "Total Unusual Items Excluding Goodwill": -460000.0,
        "Net Income From Continuing Operation Net Minority Interest": 210545000.0,
        "Reconciled Depreciation": 49307000.0,
        "Reconciled Cost Of Revenue": 459441000.0,
        "EBITDA": 328083000.0,
        "EBIT": 278776000.0,
        "Net Interest Income": -19219000.0,
        "Interest Expense": 19219000.0,
        "Normalized Income": 210918060.0,
        "Net Income From Continuing And Discontinued Operation": 210545000.0,
        "Total Expenses": 1198581000.0,
        "Total Operating Income As Reported": 273885000.0,
        "Diluted Average Shares": 78964000.0,
        "Basic Average Shares": 78339000.0,
        "Diluted EPS": 2.67,
        "Basic EPS": 2.69,
        "Diluted NI Availto Com Stockholders": 210545000.0,
        "Net Income Common Stockholders": 210545000.0,
        "Net Income": 210545000.0,
        "Net Income Including Noncontrolling Interests": 210545000.0,
        "Net Income Continuous Operations": 210545000.0,
        "Tax Provision": 49012000.0,
        "Pretax Income": 259557000.0,
        "Other Income Expense": 4431000.0,
        "Other Non Operating Income Expenses": 4891000.0,
        "Special Income Charges": -460000.0,
        "Gain On Sale Of Business": 0.0,
        "Other Special Charges": NaN,
        "Restructuring And Mergern Acquisition": 460000.0,
        "Net Non Operating Interest Income Expense": -19219000.0,
        "Interest Expense Non Operating": 19219000.0,
        "Operating Income": 274345000.0,
        "Operating Expense": 739140000.0,
        "Depreciation Amortization Depletion Income Statement": 49307000.0,
        "Depreciation And Amortization In Income Statement": 49307000.0,
        "Amortization": 22990000.0,
        "Amortization Of Intangibles Income Statement": 22990000.0,
        "Depreciation Income Statement": 26317000.0,
        "Selling General And Administration": 689833000.0,
        "Gross Profit": 1013485000.0,
        "Cost Of Revenue": 459441000.0,
        "Total Revenue": 1472926000.0,
        "Operating Revenue": 1472926000.0
    }
}