{
    "2023-03-31": {
        "Tax Effect Of Unusual Items": -184380.0,
        "Tax Rate For Calcs": 0.21,
        "Normalized EBITDA": -8053000.0,
        "Total Unusual Items": -878000.0,
        "Total Unusual Items Excluding Goodwill": -878000.0,
        "Net Income From Continuing Operation Net Minority Interest": -9889000.0,
        "Reconciled Depreciation": 436000.0,
        "EBITDA": -8931000.0,
        "EBIT": -9367000.0,
        "Net Interest Income": -399000.0,
        "Interest Expense": 399000.0,
        "Normalized Income": -9195380.0,
        "Net Income From Continuing And Discontinued Operation": -9889000.0,
        "Total Expenses": 8530000.0,
        "Total Operating Income As Reported": -8530000.0,
        "Diluted Average Shares": 12681900.0,
        "Basic Average Shares": 12681900.0,
        "Diluted EPS": -0.78,
        "Basic EPS": -0.78,
        "Diluted NI Availto Com Stockholders": -9889000.0,
        "Net Income Common Stockholders": -9889000.0,
        "Net Income": -9889000.0,
        "Net Income Including Noncontrolling Interests": -9889000.0,
        "Net Income Continuous Operations": -9889000.0,
        "Tax Provision": 123000.0,
        "Pretax Income": -9766000.0,
        "Other Income Expense": -837000.0,
        "Other Non Operating Income Expenses": 41000.0,
        "Gain On Sale Of Security": -878000.0,
        "Net Non Operating Interest Income Expense": -399000.0,
        "Interest Expense Non Operating": 399000.0,
        "Operating Income": -8530000.0,
        "Operating Expense": 8530000.0,
        "Research And Development": 6432000.0,
        "Selling General And Administration": 2098000.0,
        "General And Administrative Expense": 2098000.0,
        "Other Gand A": 1142000.0,
        "Salaries And Wages": 956000.0,
        "Total Revenue": 0.0,
        "Operating Revenue": 0.0
    },
    "2022-12-31": {
        "Tax Effect Of Unusual Items": NaN,
        "Tax Rate For Calcs": NaN,
        "Normalized EBITDA": NaN,
        "Total Unusual Items": NaN,
        "Total Unusual Items Excluding Goodwill": NaN,
        "Net Income From Continuing Operation Net Minority Interest": NaN,
        "Reconciled Depreciation": NaN,
        "EBITDA": NaN,
        "EBIT": NaN,
        "Net Interest Income": NaN,
        "Interest Expense": NaN,
        "Normalized Income": NaN,
        "Net Income From Continuing And Discontinued Operation": NaN,
        "Total Expenses": NaN,
        "Total Operating Income As Reported": NaN,
        "Diluted Average Shares": 12294865.0,
        "Basic Average Shares": 12294865.0,
        "Diluted EPS": -0.41,
        "Basic EPS": -0.41,
        "Diluted NI Availto Com Stockholders": NaN,
        "Net Income Common Stockholders": NaN,
        "Net Income": NaN,
        "Net Income Including Noncontrolling Interests": NaN,
        "Net Income Continuous Operations": NaN,
        "Tax Provision": NaN,
        "Pretax Income": NaN,
        "Other Income Expense": NaN,
        "Other Non Operating Income Expenses": NaN,
        "Gain On Sale Of Security": NaN,
        "Net Non Operating Interest Income Expense": NaN,
        "Interest Expense Non Operating": NaN,
        "Operating Income": NaN,
        "Operating Expense": NaN,
        "Research And Development": NaN,
        "Selling General And Administration": NaN,
        "General And Administrative Expense": NaN,
        "Other Gand A": NaN,
        "Salaries And Wages": NaN,
        "Total Revenue": NaN,
        "Operating Revenue": NaN
    },
    "2022-09-30": {
        "Tax Effect Of Unusual Items": -92839.381381,
        "Tax Rate For Calcs": 0.019205,
        "Normalized EBITDA": -23761000.0,
        "Total Unusual Items": -4834000.0,
        "Total Unusual Items Excluding Goodwill": -4834000.0,
        "Net Income From Continuing Operation Net Minority Interest": -29109000.0,
        "Reconciled Depreciation": 448000.0,
        "EBITDA": -28595000.0,
        "EBIT": -29043000.0,
        "Net Interest Income": -636000.0,
        "Interest Expense": 636000.0,
        "Normalized Income": -24367839.381381,
        "Net Income From Continuing And Discontinued Operation": -29109000.0,
        "Total Expenses": 7034000.0,
        "Total Operating Income As Reported": -7034000.0,
        "Diluted Average Shares": 12233374.0,
        "Basic Average Shares": 12233374.0,
        "Diluted EPS": -2.38,
        "Basic EPS": -2.38,
        "Diluted NI Availto Com Stockholders": -29109000.0,
        "Net Income Common Stockholders": -29109000.0,
        "Net Income": -29109000.0,
        "Net Income Including Noncontrolling Interests": -29109000.0,
        "Net Income Continuous Operations": -29109000.0,
        "Tax Provision": -570000.0,
        "Pretax Income": -29679000.0,
        "Other Income Expense": -22009000.0,
        "Other Non Operating Income Expenses": -17175000.0,
        "Gain On Sale Of Security": -4834000.0,
        "Net Non Operating Interest Income Expense": -636000.0,
        "Total Other Finance Cost": NaN,
        "Interest Expense Non Operating": 636000.0,
        "Operating Income": -7034000.0,
        "Operating Expense": 7034000.0,
        "Research And Development": 4353000.0,
        "Selling General And Administration": 2681000.0,
        "General And Administrative Expense": 2681000.0,
        "Other Gand A": 1775000.0,
        "Salaries And Wages": 906000.0,
        "Total Revenue": 0.0,
        "Operating Revenue": 0.0
    },
    "2022-06-30": {
        "Tax Effect Of Unusual Items": 862000.0,
        "Tax Rate For Calcs": 0.4,
        "Normalized EBITDA": -7326000.0,
        "Total Unusual Items": 2155000.0,
        "Total Unusual Items Excluding Goodwill": 2155000.0,
        "Net Income From Continuing Operation Net Minority Interest": -6735000.0,
        "Reconciled Depreciation": 455000.0,
        "EBITDA": -5171000.0,
        "EBIT": -5626000.0,
        "Net Interest Income": -766000.0,
        "Interest Expense": 766000.0,
        "Normalized Income": -8028000.0,
        "Net Income From Continuing And Discontinued Operation": -6735000.0,
        "Total Expenses": 8050000.0,
        "Total Operating Income As Reported": -8050000.0,
        "Diluted Average Shares": 12224324.0,
        "Basic Average Shares": 12224324.0,
        "Diluted EPS": -0.55,
        "Basic EPS": -0.55,
        "Diluted NI Availto Com Stockholders": -6735000.0,
        "Net Income Common Stockholders": -6735000.0,
        "Net Income": -6735000.0,
        "Net Income Including Noncontrolling Interests": -6735000.0,
        "Net Income Continuous Operations": -6735000.0,
        "Tax Provision": 343000.0,
        "Pretax Income": -6392000.0,
        "Other Income Expense": 2424000.0,
        "Other Non Operating Income Expenses": 269000.0,
        "Gain On Sale Of Security": 2155000.0,
        "Net Non Operating Interest Income Expense": -766000.0,
        "Total Other Finance Cost": NaN,
        "Interest Expense Non Operating": 766000.0,
        "Operating Income": -8050000.0,
        "Operating Expense": 8050000.0,
        "Research And Development": 3984000.0,
        "Selling General And Administration": 4066000.0,
        "General And Administrative Expense": 4066000.0,
        "Other Gand A": 1887000.0,
        "Salaries And Wages": 2179000.0,
        "Total Revenue": 0.0,
        "Operating Revenue": 0.0
    },
    "2022-03-31": {
        "Diluted EPS": -0.29,
        "Total Revenue": NaN,
        "Gross Profit": NaN,
        "Operating Income": -7,
        "EBIT": -6,
        "Net Income": -4
    },
    "2021-12-31": {
        "Diluted EPS": 2.85,
        "Total Revenue": NaN,
        "Gross Profit": NaN,
        "Operating Income": -7,
        "EBIT": -5,
        "Net Income": -4
    },
    "2021-09-30": {
        "Diluted EPS": 0.28,
        "Total Revenue": NaN,
        "Gross Profit": NaN,
        "Operating Income": -5,
        "EBIT": -4,
        "Net Income": 4
    },
    "2021-06-30": {
        "Diluted EPS": 0.6,
        "Total Revenue": NaN,
        "Gross Profit": NaN,
        "Operating Income": -7,
        "EBIT": -6,
        "Net Income": 8
    },
    "2021-03-31": {
        "Diluted EPS": -12.14,
        "Total Revenue": NaN,
        "Gross Profit": NaN,
        "Operating Income": -6,
        "EBIT": -3,
        "Net Income": -99
    },
    "2020-12-31": {
        "Diluted EPS": 4.65,
        "Total Revenue": NaN,
        "Gross Profit": NaN,
        "Operating Income": -5,
        "EBIT": -1,
        "Net Income": -11
    },
    "2020-09-30": {
        "Diluted EPS": -9.0,
        "Total Revenue": NaN,
        "Gross Profit": NaN,
        "Operating Income": -6,
        "EBIT": -3,
        "Net Income": -12
    },
    "2020-06-30": {
        "Diluted EPS": -11.99,
        "Total Revenue": NaN,
        "Gross Profit": NaN,
        "Operating Income": -8,
        "EBIT": -5,
        "Net Income": -13
    },
    "2020-03-31": {
        "Diluted EPS": -16.19,
        "Total Revenue": NaN,
        "Gross Profit": NaN,
        "Operating Income": -13,
        "EBIT": -11,
        "Net Income": -16
    },
    "2019-12-31": {
        "Diluted EPS": -23.69,
        "Total Revenue": NaN,
        "Gross Profit": NaN,
        "Operating Income": -23,
        "EBIT": -23,
        "Net Income": -24
    },
    "2019-09-30": {
        "Diluted EPS": -32.23,
        "Total Revenue": NaN,
        "Gross Profit": NaN,
        "Operating Income": -31,
        "EBIT": -31,
        "Net Income": -31
    },
    "2019-06-30": {
        "Diluted EPS": -28.94,
        "Total Revenue": NaN,
        "Gross Profit": NaN,
        "Operating Income": -27,
        "EBIT": -27,
        "Net Income": -28
    },
    "2019-03-31": {
        "Diluted EPS": -21.59,
        "Total Revenue": 0,
        "Gross Profit": 0,
        "Operating Income": -20,
        "EBIT": -20,
        "Net Income": -21
    },
    "2018-12-31": {
        "Diluted EPS": 847.53,
        "Total Revenue": 0,
        "Gross Profit": 0,
        "Operating Income": -24,
        "EBIT": -24,
        "Net Income": -24
    },
    "2018-09-30": {
        "Diluted EPS": -26.54,
        "Total Revenue": 0,
        "Gross Profit": 0,
        "Operating Income": -25,
        "EBIT": -25,
        "Net Income": -25
    },
    "2018-06-30": {
        "Diluted EPS": -33.28,
        "Total Revenue": 0,
        "Gross Profit": 0,
        "Operating Income": -15,
        "EBIT": -15,
        "Net Income": -16
    },
    "2018-03-31": {
        "Diluted EPS": -919.94,
        "Total Revenue": 0,
        "Gross Profit": 0,
        "Operating Income": -12,
        "EBIT": -12,
        "Net Income": -12
    },
    "2017-12-31": {
        "Diluted EPS": 0.0,
        "Total Revenue": NaN,
        "Gross Profit": NaN,
        "Operating Income": NaN,
        "EBIT": NaN,
        "Net Income": NaN
    },
    "2017-09-30": {
        "Diluted EPS": -662.07,
        "Total Revenue": 0,
        "Gross Profit": 0,
        "Operating Income": -8,
        "EBIT": -8,
        "Net Income": -8
    },
    "2017-06-30": {
        "Diluted EPS": -591.3,
        "Total Revenue": NaN,
        "Gross Profit": NaN,
        "Operating Income": -6,
        "EBIT": -6,
        "Net Income": -6
    },
    "2016-12-31": {
        "Diluted EPS": 0.0,
        "Total Revenue": NaN,
        "Gross Profit": NaN,
        "Operating Income": NaN,
        "EBIT": NaN,
        "Net Income": NaN
    },
    "2023-06-30": {
        "Tax Effect Of Unusual Items": -201600.0,
        "Tax Rate For Calcs": 0.21,
        "Normalized EBITDA": -10334000.0,
        "Total Unusual Items": -960000.0,
        "Total Unusual Items Excluding Goodwill": -960000.0,
        "Net Income From Continuing Operation Net Minority Interest": -12243000.0,
        "Reconciled Depreciation": 438000.0,
        "EBITDA": -11294000.0,
        "EBIT": -11732000.0,
        "Net Interest Income": -324000.0,
        "Interest Expense": 324000.0,
        "Normalized Income": -11484600.0,
        "Net Income From Continuing And Discontinued Operation": -12243000.0,
        "Total Expenses": 10822000.0,
        "Total Operating Income As Reported": -10822000.0,
        "Diluted Average Shares": 12942969.0,
        "Basic Average Shares": 12942969.0,
        "Diluted EPS": -0.95,
        "Basic EPS": -0.95,
        "Diluted NI Availto Com Stockholders": -12243000.0,
        "Net Income Common Stockholders": -12243000.0,
        "Net Income": -12243000.0,
        "Net Income Including Noncontrolling Interests": -12243000.0,
        "Net Income Continuous Operations": -12243000.0,
        "Tax Provision": 187000.0,
        "Pretax Income": -12056000.0,
        "Other Income Expense": -910000.0,
        "Other Non Operating Income Expenses": 50000.0,
        "Gain On Sale Of Security": -960000.0,
        "Net Non Operating Interest Income Expense": -324000.0,
        "Interest Expense Non Operating": 324000.0,
        "Operating Income": -10822000.0,
        "Operating Expense": 10822000.0,
        "Research And Development": 8964000.0,
        "Selling General And Administration": 1858000.0,
        "General And Administrative Expense": 1858000.0,
        "Other Gand A": 1031000.0,
        "Salaries And Wages": 827000.0,
        "Total Revenue": 0.0,
        "Operating Revenue": 0.0
    },
    "2023-09-30": {
        "Tax Effect Of Unusual Items": 2771790.0,
        "Tax Rate For Calcs": 0.21,
        "Normalized EBITDA": -16179000.0,
        "Total Unusual Items": 13199000.0,
        "Total Unusual Items Excluding Goodwill": 13199000.0,
        "Net Income From Continuing Operation Net Minority Interest": -3877000.0,
        "Reconciled Depreciation": 436000.0,
        "EBITDA": -2980000.0,
        "EBIT": -3416000.0,
        "Net Interest Income": -300000.0,
        "Interest Expense": 300000.0,
        "Normalized Income": -14304210.0,
        "Net Income From Continuing And Discontinued Operation": -3877000.0,
        "Total Expenses": 16685000.0,
        "Total Operating Income As Reported": -16685000.0,
        "Diluted Average Shares": 13039437.0,
        "Basic Average Shares": 13039437.0,
        "Diluted EPS": -0.3,
        "Basic EPS": -0.3,
        "Diluted NI Availto Com Stockholders": -3877000.0,
        "Net Income Common Stockholders": -3877000.0,
        "Net Income": -3877000.0,
        "Net Income Including Noncontrolling Interests": -3877000.0,
        "Net Income Continuous Operations": -3877000.0,
        "Tax Provision": 161000.0,
        "Pretax Income": -3716000.0,
        "Other Income Expense": 13269000.0,
        "Other Non Operating Income Expenses": 70000.0,
        "Gain On Sale Of Security": 13199000.0,
        "Net Non Operating Interest Income Expense": -300000.0,
        "Interest Expense Non Operating": 300000.0,
        "Operating Income": -16685000.0,
        "Operating Expense": 16685000.0,
        "Research And Development": 14852000.0,
        "Selling General And Administration": 1833000.0,
        "General And Administrative Expense": 1833000.0,
        "Other Gand A": 875000.0,
        "Salaries And Wages": 958000.0,
        "Total Revenue": 0.0,
        "Operating Revenue": 0.0
    },
    "2023-12-31": {
        "Tax Effect Of Unusual Items": -64050.0,
        "Tax Rate For Calcs": 0.21,
        "Normalized EBITDA": -11070000.0,
        "Total Unusual Items": -305000.0,
        "Total Unusual Items Excluding Goodwill": -305000.0,
        "Net Income From Continuing Operation Net Minority Interest": -12362000.0,
        "Reconciled Depreciation": 440000.0,
        "EBITDA": -11375000.0,
        "EBIT": -11815000.0,
        "Net Interest Income": -405000.0,
        "Interest Expense": 405000.0,
        "Normalized Income": -12121050.0,
        "Net Income From Continuing And Discontinued Operation": -12362000.0,
        "Total Expenses": 11431000.0,
        "Total Operating Income As Reported": -11431000.0,
        "Diluted Average Shares": NaN,
        "Basic Average Shares": NaN,
        "Diluted EPS": NaN,
        "Basic EPS": NaN,
        "Diluted NI Availto Com Stockholders": -12362000.0,
        "Net Income Common Stockholders": -12362000.0,
        "Net Income": -12362000.0,
        "Net Income Including Noncontrolling Interests": -12362000.0,
        "Net Income Continuous Operations": -12362000.0,
        "Tax Provision": 142000.0,
        "Pretax Income": -12220000.0,
        "Other Income Expense": -384000.0,
        "Other Non Operating Income Expenses": -79000.0,
        "Gain On Sale Of Security": -305000.0,
        "Net Non Operating Interest Income Expense": -405000.0,
        "Interest Expense Non Operating": 405000.0,
        "Operating Income": -11431000.0,
        "Operating Expense": 11431000.0,
        "Research And Development": 9744000.0,
        "Selling General And Administration": 1687000.0,
        "General And Administrative Expense": 1687000.0,
        "Other Gand A": 810000.0,
        "Salaries And Wages": 877000.0,
        "Total Revenue": 0.0,
        "Operating Revenue": 0.0
    },
    "2024-03-31": {
        "Tax Effect Of Unusual Items": -154400.0,
        "Tax Rate For Calcs": 0.4,
        "Normalized EBITDA": -6173000.0,
        "Total Unusual Items": -386000.0,
        "Total Unusual Items Excluding Goodwill": -386000.0,
        "Net Income From Continuing Operation Net Minority Interest": -7101000.0,
        "Reconciled Depreciation": 7000.0,
        "EBITDA": -6559000.0,
        "EBIT": -6566000.0,
        "Net Interest Income": -487000.0,
        "Interest Expense": 487000.0,
        "Normalized Income": -6869400.0,
        "Net Income From Continuing And Discontinued Operation": -7101000.0,
        "Total Expenses": 6163000.0,
        "Total Operating Income As Reported": -6163000.0,
        "Diluted Average Shares": 15432693.0,
        "Basic Average Shares": 15432693.0,
        "Diluted EPS": -0.46,
        "Basic EPS": -0.46,
        "Diluted NI Availto Com Stockholders": -7101000.0,
        "Net Income Common Stockholders": -7101000.0,
        "Net Income": -7101000.0,
        "Net Income Including Noncontrolling Interests": -7101000.0,
        "Net Income Continuous Operations": -7101000.0,
        "Tax Provision": 48000.0,
        "Pretax Income": -7053000.0,
        "Other Income Expense": -403000.0,
        "Other Non Operating Income Expenses": -17000.0,
        "Gain On Sale Of Security": -386000.0,
        "Net Non Operating Interest Income Expense": -487000.0,
        "Interest Expense Non Operating": 487000.0,
        "Operating Income": -6163000.0,
        "Operating Expense": 6163000.0,
        "Research And Development": 3977000.0,
        "Selling General And Administration": 2186000.0,
        "General And Administrative Expense": 2186000.0,
        "Other Gand A": 1316000.0,
        "Salaries And Wages": 870000.0,
        "Total Revenue": 0.0,
        "Operating Revenue": 0.0
    }
}