{
    "2023-03-31": {
        "Tax Effect Of Unusual Items": NaN,
        "Tax Rate For Calcs": NaN,
        "Total Unusual Items": NaN,
        "Total Unusual Items Excluding Goodwill": NaN,
        "Net Income From Continuing Operation Net Minority Interest": NaN,
        "Reconciled Depreciation": NaN,
        "Net Interest Income": NaN,
        "Interest Expense": NaN,
        "Interest Income": NaN,
        "Normalized Income": NaN,
        "Net Income From Continuing And Discontinued Operation": NaN,
        "Diluted Average Shares": 9833194422.0,
        "Basic Average Shares": 9791770998.0,
        "Diluted EPS": 0.75,
        "Basic EPS": 0.75,
        "Diluted NI Availto Com Stockholders": NaN,
        "Average Dilution Earnings": NaN,
        "Net Income Common Stockholders": NaN,
        "Otherunder Preferred Stock Dividend": NaN,
        "Preferred Stock Dividends": NaN,
        "Net Income": NaN,
        "Minority Interests": NaN,
        "Net Income Including Noncontrolling Interests": NaN,
        "Net Income Continuous Operations": NaN,
        "Tax Provision": NaN,
        "Pretax Income": NaN,
        "Special Income Charges": NaN,
        "Other Special Charges": NaN,
        "Impairment Of Capital Assets": 14000000.0,
        "Gain On Sale Of Security": NaN,
        "Depreciation Amortization Depletion Income Statement": NaN,
        "Depreciation And Amortization In Income Statement": NaN,
        "Selling General And Administration": NaN,
        "Selling And Marketing Expense": NaN,
        "General And Administrative Expense": NaN,
        "Other Gand A": NaN,
        "Insurance And Claims": 228000000.0,
        "Salaries And Wages": NaN,
        "Total Revenue": NaN,
        "Operating Revenue": NaN,
        "Other Non Interest Expense": NaN
    },
    "2022-12-31": {
        "Tax Effect Of Unusual Items": NaN,
        "Tax Rate For Calcs": NaN,
        "Total Unusual Items": NaN,
        "Total Unusual Items Excluding Goodwill": NaN,
        "Net Income From Continuing Operation Net Minority Interest": NaN,
        "Reconciled Depreciation": NaN,
        "Net Interest Income": NaN,
        "Interest Expense": NaN,
        "Interest Income": NaN,
        "Normalized Income": NaN,
        "Net Income From Continuing And Discontinued Operation": NaN,
        "Diluted Average Shares": NaN,
        "Basic Average Shares": NaN,
        "Diluted EPS": NaN,
        "Basic EPS": NaN,
        "Diluted NI Availto Com Stockholders": NaN,
        "Average Dilution Earnings": NaN,
        "Net Income Common Stockholders": NaN,
        "Otherunder Preferred Stock Dividend": NaN,
        "Preferred Stock Dividends": NaN,
        "Net Income": NaN,
        "Minority Interests": NaN,
        "Net Income Including Noncontrolling Interests": NaN,
        "Net Income Continuous Operations": NaN,
        "Tax Provision": NaN,
        "Pretax Income": NaN,
        "Special Income Charges": NaN,
        "Other Special Charges": NaN,
        "Impairment Of Capital Assets": NaN,
        "Gain On Sale Of Security": NaN,
        "Depreciation Amortization Depletion Income Statement": NaN,
        "Depreciation And Amortization In Income Statement": NaN,
        "Selling General And Administration": NaN,
        "Selling And Marketing Expense": NaN,
        "General And Administrative Expense": NaN,
        "Other Gand A": NaN,
        "Insurance And Claims": 412000000.0,
        "Salaries And Wages": NaN,
        "Total Revenue": NaN,
        "Operating Revenue": NaN,
        "Other Non Interest Expense": NaN
    },
    "2022-09-30": {
        "Tax Effect Of Unusual Items": NaN,
        "Tax Rate For Calcs": NaN,
        "Total Unusual Items": NaN,
        "Total Unusual Items Excluding Goodwill": NaN,
        "Net Income From Continuing Operation Net Minority Interest": NaN,
        "Reconciled Depreciation": NaN,
        "Net Interest Income": NaN,
        "Interest Expense": NaN,
        "Interest Income": NaN,
        "Normalized Income": NaN,
        "Net Income From Continuing And Discontinued Operation": NaN,
        "Diluted Average Shares": 9860184021.0,
        "Basic Average Shares": 9800862791.0,
        "Diluted EPS": 0.81,
        "Basic EPS": 0.81,
        "Diluted NI Availto Com Stockholders": NaN,
        "Average Dilution Earnings": 0.0,
        "Net Income Common Stockholders": NaN,
        "Otherunder Preferred Stock Dividend": 109000000.0,
        "Preferred Stock Dividends": 106000000.0,
        "Net Income": NaN,
        "Minority Interests": NaN,
        "Net Income Including Noncontrolling Interests": NaN,
        "Net Income Continuous Operations": NaN,
        "Tax Provision": NaN,
        "Pretax Income": NaN,
        "Special Income Charges": NaN,
        "Other Special Charges": NaN,
        "Impairment Of Capital Assets": 7000000.0,
        "Gain On Sale Of Security": NaN,
        "Depreciation Amortization Depletion Income Statement": NaN,
        "Depreciation And Amortization In Income Statement": NaN,
        "Selling General And Administration": NaN,
        "Selling And Marketing Expense": NaN,
        "General And Administrative Expense": NaN,
        "Other Gand A": NaN,
        "Insurance And Claims": 412000000.0,
        "Salaries And Wages": NaN,
        "Total Revenue": NaN,
        "Operating Revenue": NaN
    },
    "2022-06-30": {
        "Tax Effect Of Unusual Items": -70797381.116471,
        "Tax Rate For Calcs": 0.235207,
        "Total Unusual Items": -301000000.0,
        "Total Unusual Items Excluding Goodwill": -301000000.0,
        "Net Income From Continuing Operation Net Minority Interest": 7456000000.0,
        "Reconciled Depreciation": 1186000000.0,
        "Net Interest Income": 22509000000.0,
        "Interest Expense": 25162000000.0,
        "Interest Income": 47671000000.0,
        "Normalized Income": 7686202618.883529,
        "Net Income From Continuing And Discontinued Operation": 7456000000.0,
        "Diluted Average Shares": 9857382437.0,
        "Basic Average Shares": 9801043157.0,
        "Diluted EPS": 0.74,
        "Basic EPS": 0.74,
        "Diluted NI Availto Com Stockholders": 7456000000.0,
        "Net Income Common Stockholders": 7456000000.0,
        "Net Income": 7456000000.0,
        "Minority Interests": -312000000.0,
        "Net Income Including Noncontrolling Interests": 7768000000.0,
        "Net Income Continuous Operations": 7768000000.0,
        "Tax Provision": 2389000000.0,
        "Pretax Income": 10157000000.0,
        "Special Income Charges": -284000000.0,
        "Other Special Charges": 283000000.0,
        "Impairment Of Capital Assets": 1000000.0,
        "Gain On Sale Of Security": 11559000000.0,
        "Depreciation Amortization Depletion Income Statement": 1293000000.0,
        "Depreciation And Amortization In Income Statement": 1293000000.0,
        "Selling General And Administration": 12071000000.0,
        "Selling And Marketing Expense": 423000000.0,
        "General And Administrative Expense": 11648000000.0,
        "Other Gand A": 4131000000.0,
        "Insurance And Claims": 338000000.0,
        "Salaries And Wages": 7179000000.0,
        "Total Revenue": 34539000000.0,
        "Operating Revenue": 34539000000.0
    },
    "2022-03-31": {
        "Diluted EPS": 0.13,
        "Total Revenue": NaN,
        "Gross Profit": NaN,
        "Operating Income": NaN,
        "EBIT": NaN,
        "Net Income": NaN
    },
    "2021-12-31": {
        "Diluted EPS": 0.12,
        "Total Revenue": NaN,
        "Gross Profit": NaN,
        "Operating Income": NaN,
        "EBIT": NaN,
        "Net Income": NaN
    },
    "2021-09-30": {
        "Diluted EPS": 0.12,
        "Total Revenue": NaN,
        "Gross Profit": NaN,
        "Operating Income": 875,
        "EBIT": NaN,
        "Net Income": NaN
    },
    "2021-06-30": {
        "Diluted EPS": 0.16,
        "Total Revenue": NaN,
        "Gross Profit": NaN,
        "Operating Income": NaN,
        "EBIT": NaN,
        "Net Income": NaN
    },
    "2021-03-31": {
        "Diluted EPS": 0.11,
        "Total Revenue": NaN,
        "Gross Profit": NaN,
        "Operating Income": NaN,
        "EBIT": NaN,
        "Net Income": NaN
    },
    "2020-12-31": {
        "Diluted EPS": 0.17,
        "Total Revenue": NaN,
        "Gross Profit": NaN,
        "Operating Income": NaN,
        "EBIT": NaN,
        "Net Income": NaN
    },
    "2020-09-30": {
        "Diluted EPS": 0.09,
        "Total Revenue": NaN,
        "Gross Profit": NaN,
        "Operating Income": 905,
        "EBIT": NaN,
        "Net Income": 881
    },
    "2020-06-30": {
        "Diluted EPS": 0.03,
        "Total Revenue": NaN,
        "Gross Profit": NaN,
        "Operating Income": -790,
        "EBIT": NaN,
        "Net Income": 321
    },
    "2020-03-31": {
        "Diluted EPS": 0.08,
        "Total Revenue": NaN,
        "Gross Profit": NaN,
        "Operating Income": NaN,
        "EBIT": NaN,
        "Net Income": 781
    },
    "2019-12-31": {
        "Diluted EPS": 0.22,
        "Total Revenue": NaN,
        "Gross Profit": NaN,
        "Operating Income": NaN,
        "EBIT": NaN,
        "Net Income": NaN
    },
    "2019-09-30": {
        "Diluted EPS": 0.13,
        "Total Revenue": NaN,
        "Gross Profit": NaN,
        "Operating Income": NaN,
        "EBIT": NaN,
        "Net Income": NaN
    },
    "2019-06-30": {
        "Diluted EPS": 0.17,
        "Total Revenue": NaN,
        "Gross Profit": NaN,
        "Operating Income": NaN,
        "EBIT": NaN,
        "Net Income": NaN
    },
    "2019-03-31": {
        "Diluted EPS": 0.18,
        "Total Revenue": NaN,
        "Gross Profit": NaN,
        "Operating Income": NaN,
        "EBIT": NaN,
        "Net Income": NaN
    },
    "2018-12-31": {
        "Diluted EPS": 0.01,
        "Total Revenue": NaN,
        "Gross Profit": NaN,
        "Operating Income": NaN,
        "EBIT": NaN,
        "Net Income": NaN
    },
    "2018-09-30": {
        "Diluted EPS": 0.16,
        "Total Revenue": NaN,
        "Gross Profit": NaN,
        "Operating Income": NaN,
        "EBIT": NaN,
        "Net Income": NaN
    },
    "2018-06-30": {
        "Diluted EPS": 0.33,
        "Total Revenue": NaN,
        "Gross Profit": NaN,
        "Operating Income": 661,
        "EBIT": NaN,
        "Net Income": NaN
    },
    "2018-03-31": {
        "Diluted EPS": 0.2,
        "Total Revenue": NaN,
        "Gross Profit": NaN,
        "Operating Income": NaN,
        "EBIT": NaN,
        "Net Income": NaN
    },
    "2017-12-31": {
        "Diluted EPS": 0.17,
        "Total Revenue": NaN,
        "Gross Profit": NaN,
        "Operating Income": NaN,
        "EBIT": NaN,
        "Net Income": NaN
    },
    "2017-09-30": {
        "Diluted EPS": 0.19,
        "Total Revenue": NaN,
        "Gross Profit": NaN,
        "Operating Income": NaN,
        "EBIT": NaN,
        "Net Income": NaN
    },
    "2017-06-30": {
        "Diluted EPS": 0.21,
        "Total Revenue": NaN,
        "Gross Profit": NaN,
        "Operating Income": NaN,
        "EBIT": NaN,
        "Net Income": NaN
    },
    "2017-03-31": {
        "Diluted EPS": 0.2,
        "Total Revenue": NaN,
        "Gross Profit": NaN,
        "Operating Income": NaN,
        "EBIT": NaN,
        "Net Income": NaN
    },
    "2016-12-31": {
        "Diluted EPS": 0.18,
        "Total Revenue": NaN,
        "Gross Profit": NaN,
        "Operating Income": NaN,
        "EBIT": NaN,
        "Net Income": NaN
    },
    "2016-09-30": {
        "Diluted EPS": 0.18,
        "Total Revenue": NaN,
        "Gross Profit": NaN,
        "Operating Income": NaN,
        "EBIT": NaN,
        "Net Income": NaN
    },
    "2016-06-30": {
        "Diluted EPS": 0.18,
        "Total Revenue": NaN,
        "Gross Profit": NaN,
        "Operating Income": NaN,
        "EBIT": NaN,
        "Net Income": NaN
    },
    "2016-03-31": {
        "Diluted EPS": 0.15,
        "Total Revenue": NaN,
        "Gross Profit": NaN,
        "Operating Income": NaN,
        "EBIT": NaN,
        "Net Income": NaN
    },
    "2015-12-31": {
        "Diluted EPS": 0.14,
        "Total Revenue": NaN,
        "Gross Profit": NaN,
        "Operating Income": NaN,
        "EBIT": NaN,
        "Net Income": NaN
    },
    "2015-09-30": {
        "Diluted EPS": 0.27,
        "Total Revenue": NaN,
        "Gross Profit": NaN,
        "Operating Income": -387,
        "EBIT": NaN,
        "Net Income": NaN
    },
    "2015-06-30": {
        "Diluted EPS": 0.19,
        "Total Revenue": NaN,
        "Gross Profit": NaN,
        "Operating Income": NaN,
        "EBIT": NaN,
        "Net Income": NaN
    },
    "2015-03-31": {
        "Diluted EPS": 0.2,
        "Total Revenue": NaN,
        "Gross Profit": NaN,
        "Operating Income": NaN,
        "EBIT": NaN,
        "Net Income": NaN
    },
    "2014-12-31": {
        "Diluted EPS": 0.25,
        "Total Revenue": NaN,
        "Gross Profit": NaN,
        "Operating Income": NaN,
        "EBIT": NaN,
        "Net Income": NaN
    },
    "2014-09-30": {
        "Diluted EPS": 0.26,
        "Total Revenue": NaN,
        "Gross Profit": NaN,
        "Operating Income": NaN,
        "EBIT": NaN,
        "Net Income": NaN
    },
    "2014-06-30": {
        "Diluted EPS": 0.22,
        "Total Revenue": NaN,
        "Gross Profit": NaN,
        "Operating Income": NaN,
        "EBIT": NaN,
        "Net Income": NaN
    },
    "2014-03-31": {
        "Diluted EPS": 0.19,
        "Total Revenue": NaN,
        "Gross Profit": NaN,
        "Operating Income": NaN,
        "EBIT": NaN,
        "Net Income": NaN
    },
    "2013-12-31": {
        "Diluted EPS": 0.22,
        "Total Revenue": NaN,
        "Gross Profit": NaN,
        "Operating Income": NaN,
        "EBIT": NaN,
        "Net Income": NaN
    },
    "2013-09-30": {
        "Diluted EPS": 0.19,
        "Total Revenue": NaN,
        "Gross Profit": NaN,
        "Operating Income": NaN,
        "EBIT": NaN,
        "Net Income": NaN
    },
    "2013-06-30": {
        "Diluted EPS": 0.18,
        "Total Revenue": NaN,
        "Gross Profit": NaN,
        "Operating Income": NaN,
        "EBIT": NaN,
        "Net Income": NaN
    },
    "2013-03-31": {
        "Diluted EPS": 0.18,
        "Total Revenue": NaN,
        "Gross Profit": NaN,
        "Operating Income": NaN,
        "EBIT": NaN,
        "Net Income": NaN
    },
    "2012-12-31": {
        "Diluted EPS": 0.17,
        "Total Revenue": NaN,
        "Gross Profit": NaN,
        "Operating Income": NaN,
        "EBIT": NaN,
        "Net Income": NaN
    },
    "2012-09-30": {
        "Diluted EPS": 0.16,
        "Total Revenue": NaN,
        "Gross Profit": NaN,
        "Operating Income": NaN,
        "EBIT": NaN,
        "Net Income": NaN
    },
    "2012-06-30": {
        "Diluted EPS": 0.17,
        "Total Revenue": NaN,
        "Gross Profit": NaN,
        "Operating Income": NaN,
        "EBIT": NaN,
        "Net Income": NaN
    },
    "2012-03-31": {
        "Diluted EPS": 0.16,
        "Total Revenue": NaN,
        "Gross Profit": NaN,
        "Operating Income": NaN,
        "EBIT": NaN,
        "Net Income": NaN
    },
    "2011-12-31": {
        "Diluted EPS": 0.22,
        "Total Revenue": NaN,
        "Gross Profit": NaN,
        "Operating Income": NaN,
        "EBIT": NaN,
        "Net Income": NaN
    },
    "2011-09-30": {
        "Diluted EPS": 0.21,
        "Total Revenue": NaN,
        "Gross Profit": NaN,
        "Operating Income": NaN,
        "EBIT": NaN,
        "Net Income": NaN
    },
    "2011-06-30": {
        "Diluted EPS": 0.21,
        "Total Revenue": NaN,
        "Gross Profit": NaN,
        "Operating Income": NaN,
        "EBIT": NaN,
        "Net Income": NaN
    },
    "2011-03-31": {
        "Diluted EPS": 0.21,
        "Total Revenue": NaN,
        "Gross Profit": NaN,
        "Operating Income": NaN,
        "EBIT": NaN,
        "Net Income": NaN
    },
    "2010-12-31": {
        "Diluted EPS": 0.23,
        "Total Revenue": NaN,
        "Gross Profit": NaN,
        "Operating Income": NaN,
        "EBIT": NaN,
        "Net Income": NaN
    },
    "2010-09-30": {
        "Diluted EPS": 0.18,
        "Total Revenue": NaN,
        "Gross Profit": NaN,
        "Operating Income": NaN,
        "EBIT": NaN,
        "Net Income": NaN
    },
    "2010-06-30": {
        "Diluted EPS": 0.19,
        "Total Revenue": NaN,
        "Gross Profit": NaN,
        "Operating Income": NaN,
        "EBIT": NaN,
        "Net Income": NaN
    },
    "2010-03-31": {
        "Diluted EPS": 0.19,
        "Total Revenue": NaN,
        "Gross Profit": NaN,
        "Operating Income": NaN,
        "EBIT": NaN,
        "Net Income": NaN
    },
    "2009-12-31": {
        "Diluted EPS": 0.17,
        "Total Revenue": NaN,
        "Gross Profit": NaN,
        "Operating Income": NaN,
        "EBIT": NaN,
        "Net Income": NaN
    },
    "2009-09-30": {
        "Diluted EPS": 0.13,
        "Total Revenue": NaN,
        "Gross Profit": NaN,
        "Operating Income": NaN,
        "EBIT": NaN,
        "Net Income": NaN
    },
    "2009-06-30": {
        "Diluted EPS": 0.14,
        "Total Revenue": NaN,
        "Gross Profit": NaN,
        "Operating Income": NaN,
        "EBIT": NaN,
        "Net Income": NaN
    },
    "2009-03-31": {
        "Diluted EPS": 0.09,
        "Total Revenue": NaN,
        "Gross Profit": NaN,
        "Operating Income": -298,
        "EBIT": NaN,
        "Net Income": 874
    },
    "2023-06-30": {
        "Tax Effect Of Unusual Items": -129122215.091226,
        "Tax Rate For Calcs": 0.181351,
        "Total Unusual Items": -712000000.0,
        "Total Unusual Items Excluding Goodwill": -712000000.0,
        "Net Income From Continuing Operation Net Minority Interest": 8619000000.0,
        "Reconciled Depreciation": 1462000000.0,
        "Net Interest Income": 12380000000.0,
        "Interest Expense": 41923000000.0,
        "Interest Income": 54303000000.0,
        "Normalized Income": 9201877784.908773,
        "Net Income From Continuing And Discontinued Operation": 8619000000.0,
        "Diluted Average Shares": 9870682968.0,
        "Basic Average Shares": 9799944273.0,
        "Diluted EPS": 0.87,
        "Basic EPS": 0.88,
        "Diluted NI Availto Com Stockholders": 8619000000.0,
        "Average Dilution Earnings": NaN,
        "Net Income Common Stockholders": 8619000000.0,
        "Otherunder Preferred Stock Dividend": NaN,
        "Preferred Stock Dividends": NaN,
        "Net Income": 8619000000.0,
        "Minority Interests": -310000000.0,
        "Net Income Including Noncontrolling Interests": 8929000000.0,
        "Net Income Continuous Operations": 8929000000.0,
        "Tax Provision": 1978000000.0,
        "Pretax Income": 10907000000.0,
        "Special Income Charges": -666000000.0,
        "Other Special Charges": 642000000.0,
        "Impairment Of Capital Assets": 24000000.0,
        "Gain On Sale Of Security": 9152000000.0,
        "Depreciation Amortization Depletion Income Statement": 1679000000.0,
        "Depreciation And Amortization In Income Statement": 1679000000.0,
        "Selling General And Administration": 12862000000.0,
        "Selling And Marketing Expense": 481000000.0,
        "General And Administrative Expense": 12381000000.0,
        "Other Gand A": 4059000000.0,
        "Insurance And Claims": 241000000.0,
        "Salaries And Wages": 8081000000.0,
        "Total Revenue": 38970000000.0,
        "Operating Revenue": 38970000000.0,
        "Other Non Interest Expense": 4897000000.0
    },
    "2023-09-30": {
        "Tax Effect Of Unusual Items": -340027499.283873,
        "Tax Rate For Calcs": 0.191349,
        "Total Unusual Items": -1777000000.0,
        "Total Unusual Items Excluding Goodwill": -1777000000.0,
        "Net Income From Continuing Operation Net Minority Interest": 8358000000.0,
        "Reconciled Depreciation": 1341000000.0,
        "Net Interest Income": 20067000000.0,
        "Interest Expense": 39978000000.0,
        "Interest Income": 60045000000.0,
        "Normalized Income": 9794972500.716127,
        "Net Income From Continuing And Discontinued Operation": 8358000000.0,
        "Diluted Average Shares": 9866367990.0,
        "Basic Average Shares": 9801282937.0,
        "Diluted EPS": 0.85,
        "Basic EPS": 0.85,
        "Diluted NI Availto Com Stockholders": 8143000000.0,
        "Average Dilution Earnings": 0.0,
        "Net Income Common Stockholders": 8143000000.0,
        "Otherunder Preferred Stock Dividend": 109000000.0,
        "Preferred Stock Dividends": 106000000.0,
        "Net Income": 8358000000.0,
        "Minority Interests": -111000000.0,
        "Net Income Including Noncontrolling Interests": 8469000000.0,
        "Net Income Continuous Operations": 8469000000.0,
        "Tax Provision": 2004000000.0,
        "Pretax Income": 10473000000.0,
        "Special Income Charges": -314000000.0,
        "Other Special Charges": 308000000.0,
        "Impairment Of Capital Assets": 6000000.0,
        "Gain On Sale Of Security": 10727000000.0,
        "Depreciation Amortization Depletion Income Statement": 1572000000.0,
        "Depreciation And Amortization In Income Statement": 1572000000.0,
        "Selling General And Administration": 12800000000.0,
        "Selling And Marketing Expense": 535000000.0,
        "General And Administrative Expense": 12265000000.0,
        "Other Gand A": 3900000000.0,
        "Insurance And Claims": NaN,
        "Salaries And Wages": 8365000000.0,
        "Total Revenue": 37260000000.0,
        "Operating Revenue": 37260000000.0,
        "Other Non Interest Expense": 4603000000.0
    },
    "2023-12-31": {
        "Tax Effect Of Unusual Items": -91080630.764653,
        "Tax Rate For Calcs": 0.112863,
        "Total Unusual Items": -807000000.0,
        "Total Unusual Items Excluding Goodwill": -807000000.0,
        "Net Income From Continuing Operation Net Minority Interest": 8773000000.0,
        "Reconciled Depreciation": 1412000000.0,
        "Net Interest Income": 14095000000.0,
        "Interest Expense": 36696000000.0,
        "Interest Income": 50791000000.0,
        "Normalized Income": 9488919369.235348,
        "Net Income From Continuing And Discontinued Operation": 8773000000.0,
        "Diluted Average Shares": NaN,
        "Basic Average Shares": NaN,
        "Diluted EPS": NaN,
        "Basic EPS": NaN,
        "Diluted NI Availto Com Stockholders": 8988000000.0,
        "Average Dilution Earnings": NaN,
        "Net Income Common Stockholders": 8988000000.0,
        "Otherunder Preferred Stock Dividend": NaN,
        "Preferred Stock Dividends": NaN,
        "Net Income": 8773000000.0,
        "Minority Interests": -172000000.0,
        "Net Income Including Noncontrolling Interests": 8945000000.0,
        "Net Income Continuous Operations": 8945000000.0,
        "Tax Provision": 1138000000.0,
        "Pretax Income": 10083000000.0,
        "Special Income Charges": -752000000.0,
        "Other Special Charges": 458000000.0,
        "Impairment Of Capital Assets": NaN,
        "Gain On Sale Of Security": 7362000000.0,
        "Depreciation Amortization Depletion Income Statement": 1633000000.0,
        "Depreciation And Amortization In Income Statement": 1633000000.0,
        "Selling General And Administration": 14387000000.0,
        "Selling And Marketing Expense": 568000000.0,
        "General And Administrative Expense": 13819000000.0,
        "Other Gand A": 4496000000.0,
        "Insurance And Claims": NaN,
        "Salaries And Wages": 8316000000.0,
        "Total Revenue": 37817000000.0,
        "Operating Revenue": 37817000000.0,
        "Other Non Interest Expense": 3711000000.0
    },
    "2024-03-31": {
        "Tax Effect Of Unusual Items": -125507413.778979,
        "Tax Rate For Calcs": 0.177521,
        "Total Unusual Items": -707000000.0,
        "Total Unusual Items Excluding Goodwill": -707000000.0,
        "Net Income From Continuing Operation Net Minority Interest": 9811000000.0,
        "Reconciled Depreciation": 1550000000.0,
        "Net Interest Income": 19095000000.0,
        "Interest Expense": 37912000000.0,
        "Interest Income": 57007000000.0,
        "Normalized Income": 10392492586.221022,
        "Net Income From Continuing And Discontinued Operation": 9811000000.0,
        "Diluted Average Shares": 9844630123.0,
        "Basic Average Shares": 9785159850.0,
        "Diluted EPS": 1.0,
        "Basic EPS": 1.0,
        "Diluted NI Availto Com Stockholders": 9811000000.0,
        "Average Dilution Earnings": NaN,
        "Net Income Common Stockholders": 9811000000.0,
        "Otherunder Preferred Stock Dividend": NaN,
        "Preferred Stock Dividends": NaN,
        "Net Income": 9811000000.0,
        "Minority Interests": -229000000.0,
        "Net Income Including Noncontrolling Interests": 10040000000.0,
        "Net Income Continuous Operations": 10040000000.0,
        "Tax Provision": 2167000000.0,
        "Pretax Income": 12207000000.0,
        "Special Income Charges": -335000000.0,
        "Other Special Charges": 323000000.0,
        "Impairment Of Capital Assets": 12000000.0,
        "Gain On Sale Of Security": 7328000000.0,
        "Depreciation Amortization Depletion Income Statement": 1722000000.0,
        "Depreciation And Amortization In Income Statement": 1722000000.0,
        "Selling General And Administration": 12953000000.0,
        "Selling And Marketing Expense": 513000000.0,
        "General And Administrative Expense": 12440000000.0,
        "Other Gand A": 3961000000.0,
        "Insurance And Claims": 203000000.0,
        "Salaries And Wages": 8276000000.0,
        "Total Revenue": 40198000000.0,
        "Operating Revenue": 40198000000.0,
        "Other Non Interest Expense": 4319000000.0
    },
    "2024-06-30": {
        "Tax Effect Of Unusual Items": -155462686.567164,
        "Tax Rate For Calcs": 0.154229,
        "Total Unusual Items": -1008000000.0,
        "Total Unusual Items Excluding Goodwill": -1008000000.0,
        "Net Income From Continuing Operation Net Minority Interest": 10073000000.0,
        "Reconciled Depreciation": 1546000000.0,
        "Net Interest Income": 20200000000.0,
        "Interest Expense": 43776000000.0,
        "Interest Income": 63976000000.0,
        "Normalized Income": 10925537313.432837,
        "Net Income From Continuing And Discontinued Operation": 10073000000.0,
        "Diluted Average Shares": 9873764833.0,
        "Basic Average Shares": 9792446795.0,
        "Diluted EPS": 1.02,
        "Basic EPS": 1.03,
        "Diluted NI Availto Com Stockholders": 10073000000.0,
        "Average Dilution Earnings": NaN,
        "Net Income Common Stockholders": 10073000000.0,
        "Otherunder Preferred Stock Dividend": NaN,
        "Preferred Stock Dividends": NaN,
        "Net Income": 10073000000.0,
        "Minority Interests": -297000000.0,
        "Net Income Including Noncontrolling Interests": 10370000000.0,
        "Net Income Continuous Operations": 10370000000.0,
        "Tax Provision": 1891000000.0,
        "Pretax Income": 12261000000.0,
        "Special Income Charges": -552000000.0,
        "Other Special Charges": 543000000.0,
        "Impairment Of Capital Assets": 9000000.0,
        "Gain On Sale Of Security": 8412000000.0,
        "Depreciation Amortization Depletion Income Statement": 1737000000.0,
        "Depreciation And Amortization In Income Statement": 1737000000.0,
        "Selling General And Administration": 13233000000.0,
        "Selling And Marketing Expense": 480000000.0,
        "General And Administrative Expense": 12753000000.0,
        "Other Gand A": 4213000000.0,
        "Insurance And Claims": 194000000.0,
        "Salaries And Wages": 8346000000.0,
        "Total Revenue": 40381000000.0,
        "Operating Revenue": 40381000000.0,
        "Other Non Interest Expense": 5152000000.0
    }
}