{
    "2023-03-31": {
        "Tax Effect Of Unusual Items": NaN,
        "Tax Rate For Calcs": NaN,
        "Normalized EBITDA": NaN,
        "Total Unusual Items": NaN,
        "Total Unusual Items Excluding Goodwill": NaN,
        "Net Income From Continuing Operation Net Minority Interest": NaN,
        "Reconciled Depreciation": NaN,
        "Reconciled Cost Of Revenue": NaN,
        "EBITDA": NaN,
        "EBIT": NaN,
        "Normalized Income": NaN,
        "Net Income From Continuing And Discontinued Operation": NaN,
        "Total Expenses": NaN,
        "Total Operating Income As Reported": NaN,
        "Diluted Average Shares": NaN,
        "Basic Average Shares": NaN,
        "Diluted EPS": NaN,
        "Basic EPS": NaN,
        "Diluted NI Availto Com Stockholders": NaN,
        "Net Income Common Stockholders": NaN,
        "Net Income": NaN,
        "Net Income Including Noncontrolling Interests": NaN,
        "Net Income Continuous Operations": NaN,
        "Pretax Income": NaN,
        "Other Income Expense": NaN,
        "Other Non Operating Income Expenses": NaN,
        "Special Income Charges": NaN,
        "Other Special Charges": 825000.0,
        "Operating Income": NaN,
        "Operating Expense": NaN,
        "Research And Development": NaN,
        "Selling General And Administration": NaN,
        "General And Administrative Expense": NaN,
        "Other Gand A": NaN,
        "Salaries And Wages": NaN,
        "Gross Profit": NaN,
        "Cost Of Revenue": NaN,
        "Total Revenue": NaN,
        "Operating Revenue": NaN
    },
    "2022-12-31": {
        "Tax Effect Of Unusual Items": NaN,
        "Tax Rate For Calcs": NaN,
        "Normalized EBITDA": NaN,
        "Total Unusual Items": NaN,
        "Total Unusual Items Excluding Goodwill": NaN,
        "Net Income From Continuing Operation Net Minority Interest": NaN,
        "Reconciled Depreciation": NaN,
        "Reconciled Cost Of Revenue": NaN,
        "EBITDA": NaN,
        "EBIT": NaN,
        "Normalized Income": NaN,
        "Net Income From Continuing And Discontinued Operation": NaN,
        "Total Expenses": NaN,
        "Total Operating Income As Reported": NaN,
        "Diluted Average Shares": NaN,
        "Basic Average Shares": NaN,
        "Diluted EPS": NaN,
        "Basic EPS": NaN,
        "Diluted NI Availto Com Stockholders": NaN,
        "Net Income Common Stockholders": NaN,
        "Net Income": NaN,
        "Net Income Including Noncontrolling Interests": NaN,
        "Net Income Continuous Operations": NaN,
        "Pretax Income": NaN,
        "Other Income Expense": NaN,
        "Other Non Operating Income Expenses": NaN,
        "Special Income Charges": NaN,
        "Other Special Charges": 400000.0,
        "Operating Income": NaN,
        "Operating Expense": NaN,
        "Research And Development": NaN,
        "Selling General And Administration": NaN,
        "General And Administrative Expense": NaN,
        "Other Gand A": NaN,
        "Salaries And Wages": NaN,
        "Gross Profit": NaN,
        "Cost Of Revenue": NaN,
        "Total Revenue": NaN,
        "Operating Revenue": NaN
    },
    "2022-09-30": {
        "Tax Effect Of Unusual Items": NaN,
        "Tax Rate For Calcs": NaN,
        "Normalized EBITDA": NaN,
        "Total Unusual Items": NaN,
        "Total Unusual Items Excluding Goodwill": NaN,
        "Net Income From Continuing Operation Net Minority Interest": NaN,
        "Reconciled Depreciation": NaN,
        "EBITDA": NaN,
        "EBIT": NaN,
        "Normalized Income": NaN,
        "Net Income From Continuing And Discontinued Operation": NaN,
        "Total Expenses": NaN,
        "Total Operating Income As Reported": NaN,
        "Diluted Average Shares": 108420674.0,
        "Basic Average Shares": 108420674.0,
        "Diluted EPS": -0.42,
        "Basic EPS": -0.42,
        "Diluted NI Availto Com Stockholders": NaN,
        "Net Income Common Stockholders": NaN,
        "Net Income": NaN,
        "Net Income Including Noncontrolling Interests": NaN,
        "Net Income Continuous Operations": NaN,
        "Pretax Income": NaN,
        "Other Income Expense": NaN,
        "Other Non Operating Income Expenses": NaN,
        "Special Income Charges": NaN,
        "Other Special Charges": NaN,
        "Operating Income": NaN,
        "Operating Expense": NaN,
        "Research And Development": NaN,
        "Selling General And Administration": NaN,
        "General And Administrative Expense": NaN,
        "Other Gand A": NaN,
        "Salaries And Wages": NaN,
        "Total Revenue": NaN,
        "Operating Revenue": NaN
    },
    "2022-06-30": {
        "Tax Effect Of Unusual Items": 0.0,
        "Tax Rate For Calcs": 0.0,
        "Normalized EBITDA": -51613000.0,
        "Total Unusual Items": 0.0,
        "Total Unusual Items Excluding Goodwill": 0.0,
        "Net Income From Continuing Operation Net Minority Interest": -50990000.0,
        "Reconciled Depreciation": 136000.0,
        "EBITDA": -51613000.0,
        "EBIT": -51749000.0,
        "Normalized Income": -50990000.0,
        "Net Income From Continuing And Discontinued Operation": -50990000.0,
        "Total Expenses": 51749000.0,
        "Total Operating Income As Reported": -51749000.0,
        "Diluted Average Shares": 108166890.0,
        "Basic Average Shares": 108166890.0,
        "Diluted EPS": -0.47,
        "Basic EPS": -0.47,
        "Diluted NI Availto Com Stockholders": -50990000.0,
        "Net Income Common Stockholders": -50990000.0,
        "Net Income": -50990000.0,
        "Net Income Including Noncontrolling Interests": -50990000.0,
        "Net Income Continuous Operations": -50990000.0,
        "Pretax Income": -50990000.0,
        "Other Income Expense": 759000.0,
        "Other Non Operating Income Expenses": 759000.0,
        "Special Income Charges": 0.0,
        "Other Special Charges": NaN,
        "Operating Income": -51749000.0,
        "Operating Expense": 51749000.0,
        "Research And Development": 37129000.0,
        "Selling General And Administration": 14620000.0,
        "General And Administrative Expense": 14620000.0,
        "Other Gand A": 8836000.0,
        "Salaries And Wages": 5784000.0,
        "Total Revenue": 0.0,
        "Operating Revenue": 0.0
    },
    "2022-03-31": {
        "Diluted EPS": -0.93,
        "Total Revenue": NaN,
        "Gross Profit": NaN,
        "Operating Income": -101,
        "EBIT": -100,
        "Net Income": -101
    },
    "2021-12-31": {
        "Diluted EPS": 174.52,
        "Total Revenue": NaN,
        "Gross Profit": NaN,
        "Operating Income": -83,
        "EBIT": -82,
        "Net Income": -83
    },
    "2021-09-30": {
        "Diluted EPS": -0.98,
        "Total Revenue": NaN,
        "Gross Profit": NaN,
        "Operating Income": -60,
        "EBIT": -60,
        "Net Income": -60
    },
    "2021-06-30": {
        "Diluted EPS": -178.86,
        "Total Revenue": NaN,
        "Gross Profit": NaN,
        "Operating Income": -45,
        "EBIT": -45,
        "Net Income": -45
    },
    "2021-03-31": {
        "Diluted EPS": 0.0,
        "Total Revenue": NaN,
        "Gross Profit": NaN,
        "Operating Income": -39,
        "EBIT": -39,
        "Net Income": -39
    },
    "2020-12-31": {
        "Diluted EPS": 0.0,
        "Total Revenue": NaN,
        "Gross Profit": NaN,
        "Operating Income": NaN,
        "EBIT": NaN,
        "Net Income": NaN
    },
    "2020-09-30": {
        "Diluted EPS": -25.98,
        "Total Revenue": NaN,
        "Gross Profit": NaN,
        "Operating Income": -48,
        "EBIT": -48,
        "Net Income": -48
    },
    "2023-06-30": {
        "Tax Effect Of Unusual Items": NaN,
        "Tax Rate For Calcs": NaN,
        "Normalized EBITDA": NaN,
        "Total Unusual Items": NaN,
        "Total Unusual Items Excluding Goodwill": NaN,
        "Net Income From Continuing Operation Net Minority Interest": NaN,
        "Reconciled Depreciation": NaN,
        "Reconciled Cost Of Revenue": 0.0,
        "EBITDA": NaN,
        "EBIT": NaN,
        "Normalized Income": NaN,
        "Net Income From Continuing And Discontinued Operation": NaN,
        "Total Expenses": NaN,
        "Total Operating Income As Reported": NaN,
        "Diluted Average Shares": 109450071.0,
        "Basic Average Shares": 109450071.0,
        "Diluted EPS": -0.46,
        "Basic EPS": -0.46,
        "Diluted NI Availto Com Stockholders": NaN,
        "Net Income Common Stockholders": NaN,
        "Net Income": NaN,
        "Net Income Including Noncontrolling Interests": NaN,
        "Net Income Continuous Operations": NaN,
        "Pretax Income": NaN,
        "Other Income Expense": NaN,
        "Other Non Operating Income Expenses": NaN,
        "Special Income Charges": NaN,
        "Other Special Charges": 150000.0,
        "Operating Income": NaN,
        "Operating Expense": NaN,
        "Research And Development": NaN,
        "Selling General And Administration": NaN,
        "General And Administrative Expense": NaN,
        "Other Gand A": NaN,
        "Salaries And Wages": NaN,
        "Gross Profit": 0.0,
        "Cost Of Revenue": 0.0,
        "Total Revenue": NaN,
        "Operating Revenue": NaN
    },
    "2023-09-30": {
        "Tax Effect Of Unusual Items": 0.0,
        "Tax Rate For Calcs": 0.0,
        "Normalized EBITDA": -33352000.0,
        "Total Unusual Items": -4600000.0,
        "Total Unusual Items Excluding Goodwill": -4600000.0,
        "Net Income From Continuing Operation Net Minority Interest": -39440000.0,
        "Reconciled Depreciation": 508000.0,
        "Reconciled Cost Of Revenue": 0.0,
        "EBITDA": -37952000.0,
        "EBIT": -38460000.0,
        "Normalized Income": -34840000.0,
        "Net Income From Continuing And Discontinued Operation": -39440000.0,
        "Total Expenses": 38460000.0,
        "Total Operating Income As Reported": -43060000.0,
        "Diluted Average Shares": 109754812.0,
        "Basic Average Shares": 109754812.0,
        "Diluted EPS": -0.36,
        "Basic EPS": -0.36,
        "Diluted NI Availto Com Stockholders": -39440000.0,
        "Net Income Common Stockholders": -39440000.0,
        "Net Income": -39440000.0,
        "Net Income Including Noncontrolling Interests": -39440000.0,
        "Net Income Continuous Operations": -39440000.0,
        "Pretax Income": -39440000.0,
        "Other Income Expense": -980000.0,
        "Other Non Operating Income Expenses": 3620000.0,
        "Special Income Charges": -4600000.0,
        "Other Special Charges": 4600000.0,
        "Operating Income": -38460000.0,
        "Operating Expense": 38460000.0,
        "Research And Development": 25574000.0,
        "Selling General And Administration": 12886000.0,
        "General And Administrative Expense": 12886000.0,
        "Other Gand A": 5947000.0,
        "Salaries And Wages": 6939000.0,
        "Gross Profit": 0.0,
        "Cost Of Revenue": 0.0,
        "Total Revenue": 0.0,
        "Operating Revenue": 0.0
    },
    "2023-12-31": {
        "Tax Effect Of Unusual Items": 0.0,
        "Tax Rate For Calcs": 0.0,
        "Normalized EBITDA": -77436000.0,
        "Total Unusual Items": 600000.0,
        "Total Unusual Items Excluding Goodwill": 600000.0,
        "Net Income From Continuing Operation Net Minority Interest": -73654000.0,
        "Reconciled Depreciation": 516000.0,
        "Reconciled Cost Of Revenue": NaN,
        "EBITDA": -76836000.0,
        "EBIT": -77352000.0,
        "Normalized Income": -74254000.0,
        "Net Income From Continuing And Discontinued Operation": -73654000.0,
        "Total Expenses": 77352000.0,
        "Total Operating Income As Reported": -76752000.0,
        "Diluted Average Shares": NaN,
        "Basic Average Shares": NaN,
        "Diluted EPS": NaN,
        "Basic EPS": NaN,
        "Diluted NI Availto Com Stockholders": -73654000.0,
        "Net Income Common Stockholders": -73654000.0,
        "Net Income": -73654000.0,
        "Net Income Including Noncontrolling Interests": -73654000.0,
        "Net Income Continuous Operations": -73654000.0,
        "Pretax Income": -73654000.0,
        "Other Income Expense": 3698000.0,
        "Other Non Operating Income Expenses": 3098000.0,
        "Special Income Charges": 600000.0,
        "Other Special Charges": -600000.0,
        "Operating Income": -77352000.0,
        "Operating Expense": 77352000.0,
        "Research And Development": 62265000.0,
        "Selling General And Administration": 15087000.0,
        "General And Administrative Expense": 15087000.0,
        "Other Gand A": 6454000.0,
        "Salaries And Wages": 8633000.0,
        "Gross Profit": NaN,
        "Cost Of Revenue": NaN,
        "Total Revenue": 0.0,
        "Operating Revenue": 0.0
    },
    "2024-03-31": {
        "Tax Effect Of Unusual Items": 0.0,
        "Tax Rate For Calcs": 0.0,
        "Normalized EBITDA": -45565000.0,
        "Total Unusual Items": 0.0,
        "Total Unusual Items Excluding Goodwill": 0.0,
        "Net Income From Continuing Operation Net Minority Interest": -43496000.0,
        "Reconciled Depreciation": 524000.0,
        "Reconciled Cost Of Revenue": NaN,
        "EBITDA": -45565000.0,
        "EBIT": -46089000.0,
        "Normalized Income": -43496000.0,
        "Net Income From Continuing And Discontinued Operation": -43496000.0,
        "Total Expenses": 46089000.0,
        "Total Operating Income As Reported": -46089000.0,
        "Diluted Average Shares": 115618209.0,
        "Basic Average Shares": 115618209.0,
        "Diluted EPS": -0.38,
        "Basic EPS": -0.38,
        "Diluted NI Availto Com Stockholders": -43496000.0,
        "Net Income Common Stockholders": -43496000.0,
        "Net Income": -43496000.0,
        "Net Income Including Noncontrolling Interests": -43496000.0,
        "Net Income Continuous Operations": -43496000.0,
        "Pretax Income": -43496000.0,
        "Other Income Expense": 2593000.0,
        "Other Non Operating Income Expenses": 2593000.0,
        "Special Income Charges": 0.0,
        "Other Special Charges": NaN,
        "Operating Income": -46089000.0,
        "Operating Expense": 46089000.0,
        "Research And Development": 31160000.0,
        "Selling General And Administration": 14929000.0,
        "General And Administrative Expense": 14929000.0,
        "Other Gand A": 7534000.0,
        "Salaries And Wages": 7395000.0,
        "Gross Profit": NaN,
        "Cost Of Revenue": NaN,
        "Total Revenue": 0.0,
        "Operating Revenue": 0.0
    },
    "2024-06-30": {
        "Tax Effect Of Unusual Items": 0.0,
        "Tax Rate For Calcs": 0.0,
        "Normalized EBITDA": -48733000.0,
        "Total Unusual Items": 0.0,
        "Total Unusual Items Excluding Goodwill": 0.0,
        "Net Income From Continuing Operation Net Minority Interest": -47247000.0,
        "Reconciled Depreciation": 514000.0,
        "Reconciled Cost Of Revenue": 88000.0,
        "EBITDA": -48733000.0,
        "EBIT": -49247000.0,
        "Normalized Income": -47247000.0,
        "Net Income From Continuing And Discontinued Operation": -47247000.0,
        "Total Expenses": 51511000.0,
        "Total Operating Income As Reported": -49247000.0,
        "Diluted Average Shares": 119362670.0,
        "Basic Average Shares": 119362670.0,
        "Diluted EPS": -0.4,
        "Basic EPS": -0.4,
        "Diluted NI Availto Com Stockholders": -47247000.0,
        "Net Income Common Stockholders": -47247000.0,
        "Net Income": -47247000.0,
        "Net Income Including Noncontrolling Interests": -47247000.0,
        "Net Income Continuous Operations": -47247000.0,
        "Pretax Income": -47247000.0,
        "Other Income Expense": 2000000.0,
        "Other Non Operating Income Expenses": 2000000.0,
        "Special Income Charges": 0.0,
        "Other Special Charges": NaN,
        "Operating Income": -49247000.0,
        "Operating Expense": 51423000.0,
        "Research And Development": 30334000.0,
        "Selling General And Administration": 21089000.0,
        "General And Administrative Expense": 21089000.0,
        "Other Gand A": 8688000.0,
        "Salaries And Wages": 12401000.0,
        "Gross Profit": 2176000.0,
        "Cost Of Revenue": 88000.0,
        "Total Revenue": 2264000.0,
        "Operating Revenue": 2264000.0
    },
    "2024-09-30": {
        "Tax Effect Of Unusual Items": 0.0,
        "Tax Rate For Calcs": 0.0,
        "Normalized EBITDA": -61752000.0,
        "Total Unusual Items": 0.0,
        "Total Unusual Items Excluding Goodwill": 0.0,
        "Net Income From Continuing Operation Net Minority Interest": -60739000.0,
        "Reconciled Depreciation": 559000.0,
        "Reconciled Cost Of Revenue": 806000.0,
        "EBITDA": -61752000.0,
        "EBIT": -62311000.0,
        "Normalized Income": -60739000.0,
        "Net Income From Continuing And Discontinued Operation": -60739000.0,
        "Total Expenses": 71611000.0,
        "Total Operating Income As Reported": -62311000.0,
        "Diluted Average Shares": 119495284.0,
        "Basic Average Shares": 119495284.0,
        "Diluted EPS": -0.51,
        "Basic EPS": -0.51,
        "Diluted NI Availto Com Stockholders": -60739000.0,
        "Net Income Common Stockholders": -60739000.0,
        "Net Income": -60739000.0,
        "Net Income Including Noncontrolling Interests": -60739000.0,
        "Net Income Continuous Operations": -60739000.0,
        "Pretax Income": -60739000.0,
        "Other Income Expense": 1572000.0,
        "Other Non Operating Income Expenses": 1572000.0,
        "Special Income Charges": 0.0,
        "Other Special Charges": NaN,
        "Operating Income": -62311000.0,
        "Operating Expense": 70805000.0,
        "Research And Development": 57850000.0,
        "Selling General And Administration": 12955000.0,
        "General And Administrative Expense": 12955000.0,
        "Other Gand A": 8023000.0,
        "Salaries And Wages": 4932000.0,
        "Gross Profit": 8494000.0,
        "Cost Of Revenue": 806000.0,
        "Total Revenue": 9300000.0,
        "Operating Revenue": 9300000.0
    }
}