{
    "2023-03-31": {
        "Tax Effect Of Unusual Items": 0.0,
        "Tax Rate For Calcs": 0.0,
        "Normalized EBITDA": -2458513.0,
        "Total Unusual Items": NaN,
        "Total Unusual Items Excluding Goodwill": NaN,
        "Net Income From Continuing Operation Net Minority Interest": -2806339.0,
        "Reconciled Depreciation": 346262.0,
        "Reconciled Cost Of Revenue": 5960162.0,
        "EBITDA": -2458513.0,
        "EBIT": -2804775.0,
        "Net Interest Income": -1564.0,
        "Interest Expense": 1564.0,
        "Normalized Income": -2806339.0,
        "Net Income From Continuing And Discontinued Operation": -2806339.0,
        "Total Expenses": 12114583.0,
        "Total Operating Income As Reported": -3376861.0,
        "Diluted Average Shares": 15611885.0,
        "Basic Average Shares": 15611885.0,
        "Diluted EPS": -0.18,
        "Basic EPS": -0.18,
        "Diluted NI Availto Com Stockholders": -2806339.0,
        "Net Income Common Stockholders": -2806339.0,
        "Net Income": -2806339.0,
        "Net Income Including Noncontrolling Interests": -2806339.0,
        "Net Income Continuous Operations": -2806339.0,
        "Tax Provision": 0.0,
        "Pretax Income": -2806339.0,
        "Other Income Expense": 572086.0,
        "Other Non Operating Income Expenses": 572086.0,
        "Gain On Sale Of Security": NaN,
        "Net Non Operating Interest Income Expense": -1564.0,
        "Interest Expense Non Operating": 1564.0,
        "Operating Income": -3376861.0,
        "Operating Expense": 6154421.0,
        "Depreciation Amortization Depletion Income Statement": 346262.0,
        "Depreciation And Amortization In Income Statement": 346262.0,
        "Selling General And Administration": 5808159.0,
        "Selling And Marketing Expense": 2404551.0,
        "General And Administrative Expense": 3403608.0,
        "Other Gand A": 3403608.0,
        "Salaries And Wages": 229923.0,
        "Gross Profit": 2777560.0,
        "Cost Of Revenue": 5960162.0,
        "Total Revenue": 8737722.0,
        "Operating Revenue": 8737722.0
    },
    "2022-12-31": {
        "Tax Effect Of Unusual Items": 0.0,
        "Tax Rate For Calcs": 0.0,
        "Normalized EBITDA": -495623.0,
        "Net Income From Continuing Operation Net Minority Interest": -917133.0,
        "Reconciled Depreciation": 423305.0,
        "Reconciled Cost Of Revenue": 5748623.0,
        "EBITDA": -495623.0,
        "EBIT": -918928.0,
        "Net Interest Income": 1795.0,
        "Interest Expense": -1795.0,
        "Normalized Income": -917133.0,
        "Net Income From Continuing And Discontinued Operation": -917133.0,
        "Total Expenses": 10210524.0,
        "Total Operating Income As Reported": -1408269.0,
        "Diluted Average Shares": 15603482.0,
        "Basic Average Shares": 15603482.0,
        "Diluted EPS": -0.04,
        "Basic EPS": -0.04,
        "Diluted NI Availto Com Stockholders": -917133.0,
        "Net Income Common Stockholders": -917133.0,
        "Net Income": -917133.0,
        "Net Income Including Noncontrolling Interests": -917133.0,
        "Net Income Continuous Operations": -917133.0,
        "Pretax Income": -917133.0,
        "Other Income Expense": 489341.0,
        "Other Non Operating Income Expenses": 489341.0,
        "Net Non Operating Interest Income Expense": 1795.0,
        "Interest Expense Non Operating": -1795.0,
        "Operating Income": -1408269.0,
        "Operating Expense": 4461901.0,
        "Depreciation Amortization Depletion Income Statement": 423305.0,
        "Depreciation And Amortization In Income Statement": 423305.0,
        "Selling General And Administration": 4038596.0,
        "Selling And Marketing Expense": 2211654.0,
        "General And Administrative Expense": 1826942.0,
        "Other Gand A": 1826942.0,
        "Salaries And Wages": NaN,
        "Gross Profit": 3053632.0,
        "Cost Of Revenue": 5748623.0,
        "Total Revenue": 8802255.0,
        "Operating Revenue": 8802255.0
    },
    "2022-09-30": {
        "Tax Effect Of Unusual Items": 0.0,
        "Tax Rate For Calcs": 0.0,
        "Normalized EBITDA": -777883.0,
        "Net Income From Continuing Operation Net Minority Interest": -906232.0,
        "Reconciled Depreciation": 127535.0,
        "Reconciled Cost Of Revenue": 6597430.0,
        "EBITDA": -777883.0,
        "EBIT": -905418.0,
        "Net Interest Income": -814.0,
        "Interest Expense": 814.0,
        "Interest Income": NaN,
        "Normalized Income": -906232.0,
        "Net Income From Continuing And Discontinued Operation": -906232.0,
        "Total Expenses": 12155772.0,
        "Total Operating Income As Reported": -1329437.0,
        "Diluted Average Shares": 15568356.0,
        "Basic Average Shares": 15568356.0,
        "Diluted EPS": -0.06,
        "Basic EPS": -0.06,
        "Diluted NI Availto Com Stockholders": -906232.0,
        "Net Income Common Stockholders": -906232.0,
        "Net Income": -906232.0,
        "Net Income Including Noncontrolling Interests": -906232.0,
        "Net Income Continuous Operations": -906232.0,
        "Pretax Income": -906232.0,
        "Other Income Expense": 424019.0,
        "Other Non Operating Income Expenses": 424019.0,
        "Net Non Operating Interest Income Expense": -814.0,
        "Interest Expense Non Operating": 814.0,
        "Interest Income Non Operating": NaN,
        "Operating Income": -1329437.0,
        "Operating Expense": 5558342.0,
        "Depreciation Amortization Depletion Income Statement": 127535.0,
        "Depreciation And Amortization In Income Statement": 127535.0,
        "Selling General And Administration": 5430807.0,
        "Selling And Marketing Expense": 2502128.0,
        "General And Administrative Expense": 2928679.0,
        "Other Gand A": 2928679.0,
        "Salaries And Wages": NaN,
        "Gross Profit": 4228905.0,
        "Cost Of Revenue": 6597430.0,
        "Total Revenue": 10826335.0,
        "Operating Revenue": 10826335.0
    },
    "2022-06-30": {
        "Tax Effect Of Unusual Items": 0.0,
        "Tax Rate For Calcs": 0.0,
        "Normalized EBITDA": -30583.0,
        "Net Income From Continuing Operation Net Minority Interest": -169890.0,
        "Reconciled Depreciation": 138492.0,
        "Reconciled Cost Of Revenue": 7211922.0,
        "EBITDA": -30583.0,
        "EBIT": -169075.0,
        "Net Interest Income": -815.0,
        "Interest Expense": 815.0,
        "Interest Income": NaN,
        "Normalized Income": -169890.0,
        "Net Income From Continuing And Discontinued Operation": -169890.0,
        "Total Expenses": 13019171.0,
        "Total Operating Income As Reported": -442160.0,
        "Diluted Average Shares": 15551617.0,
        "Basic Average Shares": 15551617.0,
        "Diluted EPS": -0.01,
        "Basic EPS": -0.01,
        "Diluted NI Availto Com Stockholders": -169890.0,
        "Net Income Common Stockholders": -169890.0,
        "Net Income": -169890.0,
        "Net Income Including Noncontrolling Interests": -169890.0,
        "Net Income Continuous Operations": -169890.0,
        "Pretax Income": -169890.0,
        "Other Income Expense": 273085.0,
        "Other Non Operating Income Expenses": 273085.0,
        "Net Non Operating Interest Income Expense": -815.0,
        "Interest Expense Non Operating": 815.0,
        "Interest Income Non Operating": NaN,
        "Operating Income": -442160.0,
        "Operating Expense": 5807249.0,
        "Depreciation Amortization Depletion Income Statement": 138492.0,
        "Depreciation And Amortization In Income Statement": 138492.0,
        "Selling General And Administration": 5668757.0,
        "Selling And Marketing Expense": 2289769.0,
        "General And Administrative Expense": 3378988.0,
        "Other Gand A": 3378988.0,
        "Salaries And Wages": NaN,
        "Gross Profit": 5365089.0,
        "Cost Of Revenue": 7211922.0,
        "Total Revenue": 12577011.0,
        "Operating Revenue": 12577011.0
    },
    "2022-03-31": {
        "Diluted EPS": -0.16,
        "Total Revenue": 9,
        "Gross Profit": 4,
        "Operating Income": -2,
        "EBIT": -2,
        "Net Income": -2
    },
    "2021-12-31": {
        "Diluted EPS": 0.0,
        "Total Revenue": 10,
        "Gross Profit": 6,
        "Operating Income": 0,
        "EBIT": 0,
        "Net Income": 0
    },
    "2021-09-30": {
        "Diluted EPS": -0.08,
        "Total Revenue": 8,
        "Gross Profit": 4,
        "Operating Income": -1,
        "EBIT": -1,
        "Net Income": -1
    },
    "2021-06-30": {
        "Diluted EPS": 0.0,
        "Total Revenue": 6,
        "Gross Profit": 3,
        "Operating Income": -2,
        "EBIT": -2,
        "Net Income": 0
    },
    "2021-03-31": {
        "Diluted EPS": -0.12,
        "Total Revenue": 6,
        "Gross Profit": 3,
        "Operating Income": -2,
        "EBIT": -2,
        "Net Income": -2
    },
    "2020-12-31": {
        "Diluted EPS": 0.04,
        "Total Revenue": 6,
        "Gross Profit": 3,
        "Operating Income": -1,
        "EBIT": -1,
        "Net Income": -1
    },
    "2020-09-30": {
        "Diluted EPS": -0.12,
        "Total Revenue": 4,
        "Gross Profit": 2,
        "Operating Income": -1,
        "EBIT": -1,
        "Net Income": -1
    },
    "2020-06-30": {
        "Diluted EPS": -0.2,
        "Total Revenue": 3,
        "Gross Profit": 2,
        "Operating Income": -2,
        "EBIT": 3,
        "Net Income": -2
    },
    "2020-03-31": {
        "Diluted EPS": -0.72,
        "Total Revenue": 5,
        "Gross Profit": 3,
        "Operating Income": -6,
        "EBIT": -6,
        "Net Income": -6
    },
    "2019-12-31": {
        "Diluted EPS": -0.04,
        "Total Revenue": 6,
        "Gross Profit": 3,
        "Operating Income": -2,
        "EBIT": -2,
        "Net Income": -2
    },
    "2019-09-30": {
        "Diluted EPS": -0.16,
        "Total Revenue": 4,
        "Gross Profit": 3,
        "Operating Income": -1,
        "EBIT": -1,
        "Net Income": -1
    },
    "2019-06-30": {
        "Diluted EPS": -0.36,
        "Total Revenue": 4,
        "Gross Profit": 2,
        "Operating Income": -2,
        "EBIT": -1,
        "Net Income": -2
    },
    "2019-03-31": {
        "Diluted EPS": -0.6,
        "Total Revenue": 5,
        "Gross Profit": 3,
        "Operating Income": -2,
        "EBIT": -1,
        "Net Income": -2
    },
    "2018-12-31": {
        "Diluted EPS": 0.36,
        "Total Revenue": 6,
        "Gross Profit": 4,
        "Operating Income": -1,
        "EBIT": 0,
        "Net Income": -1
    },
    "2018-09-30": {
        "Diluted EPS": -0.52,
        "Total Revenue": 6,
        "Gross Profit": 3,
        "Operating Income": -1,
        "EBIT": -1,
        "Net Income": -1
    },
    "2018-06-30": {
        "Diluted EPS": -1.12,
        "Total Revenue": 4,
        "Gross Profit": 2,
        "Operating Income": -2,
        "EBIT": -2,
        "Net Income": -2
    },
    "2018-03-31": {
        "Diluted EPS": -1.4,
        "Total Revenue": 4,
        "Gross Profit": 2,
        "Operating Income": -2,
        "EBIT": -2,
        "Net Income": -2
    },
    "2017-12-31": {
        "Diluted EPS": -0.48,
        "Total Revenue": 7,
        "Gross Profit": 4,
        "Operating Income": -1,
        "EBIT": 0,
        "Net Income": -1
    },
    "2017-09-30": {
        "Diluted EPS": -0.4,
        "Total Revenue": 7,
        "Gross Profit": 4,
        "Operating Income": -1,
        "EBIT": 0,
        "Net Income": -1
    },
    "2017-06-30": {
        "Diluted EPS": -1.0,
        "Total Revenue": 6,
        "Gross Profit": 3,
        "Operating Income": -1,
        "EBIT": -1,
        "Net Income": -1
    },
    "2017-03-31": {
        "Diluted EPS": -1.96,
        "Total Revenue": 5,
        "Gross Profit": 2,
        "Operating Income": -3,
        "EBIT": -2,
        "Net Income": -3
    },
    "2016-12-31": {
        "Diluted EPS": -1.36,
        "Total Revenue": 1,
        "Gross Profit": 1,
        "Operating Income": -2,
        "EBIT": -1,
        "Net Income": -2
    },
    "2016-09-30": {
        "Diluted EPS": -1.12,
        "Total Revenue": 7,
        "Gross Profit": 4,
        "Operating Income": -1,
        "EBIT": -1,
        "Net Income": -2
    },
    "2016-06-30": {
        "Diluted EPS": -1.2,
        "Total Revenue": 7,
        "Gross Profit": 3,
        "Operating Income": -2,
        "EBIT": -1,
        "Net Income": -2
    },
    "2016-03-31": {
        "Diluted EPS": -1.96,
        "Total Revenue": 5,
        "Gross Profit": 2,
        "Operating Income": -3,
        "EBIT": -2,
        "Net Income": -3
    },
    "2015-12-31": {
        "Diluted EPS": -0.84,
        "Total Revenue": 0,
        "Gross Profit": 1,
        "Operating Income": -2,
        "EBIT": -2,
        "Net Income": -2
    },
    "2015-09-30": {
        "Diluted EPS": -2.6,
        "Total Revenue": 5,
        "Gross Profit": 2,
        "Operating Income": -1,
        "EBIT": -1,
        "Net Income": -3
    },
    "2015-06-30": {
        "Diluted EPS": -2.76,
        "Total Revenue": 5,
        "Gross Profit": 2,
        "Operating Income": -2,
        "EBIT": -2,
        "Net Income": -2
    },
    "2015-03-31": {
        "Diluted EPS": -5.92,
        "Total Revenue": 4,
        "Gross Profit": 2,
        "Operating Income": -2,
        "EBIT": -2,
        "Net Income": -4
    },
    "2014-12-31": {
        "Diluted EPS": 2.4,
        "Total Revenue": 2,
        "Gross Profit": 2,
        "Operating Income": -1,
        "EBIT": -1,
        "Net Income": 1
    },
    "2014-09-30": {
        "Diluted EPS": 0.8,
        "Total Revenue": 2,
        "Gross Profit": 1,
        "Operating Income": -2,
        "EBIT": -1,
        "Net Income": 1
    },
    "2014-06-30": {
        "Diluted EPS": 2.4,
        "Total Revenue": 2,
        "Gross Profit": 1,
        "Operating Income": -1,
        "EBIT": -1,
        "Net Income": 2
    },
    "2014-03-31": {
        "Diluted EPS": -1.6,
        "Total Revenue": 2,
        "Gross Profit": 1,
        "Operating Income": -1,
        "EBIT": -1,
        "Net Income": -1
    },
    "2013-12-31": {
        "Diluted EPS": 4.8,
        "Total Revenue": 2,
        "Gross Profit": 1,
        "Operating Income": -1,
        "EBIT": -1,
        "Net Income": -1
    },
    "2013-09-30": {
        "Diluted EPS": -6.4,
        "Total Revenue": 2,
        "Gross Profit": 1,
        "Operating Income": -1,
        "EBIT": -1,
        "Net Income": -1
    },
    "2013-06-30": {
        "Diluted EPS": -9.6,
        "Total Revenue": 2,
        "Gross Profit": 1,
        "Operating Income": -1,
        "EBIT": -1,
        "Net Income": -1
    },
    "2013-03-31": {
        "Diluted EPS": -10.4,
        "Total Revenue": 1,
        "Gross Profit": 1,
        "Operating Income": -1,
        "EBIT": -1,
        "Net Income": -1
    },
    "2012-12-31": {
        "Diluted EPS": 145.6,
        "Total Revenue": 1,
        "Gross Profit": 1,
        "Operating Income": -1,
        "EBIT": -1,
        "Net Income": -1
    },
    "2012-09-30": {
        "Diluted EPS": -33.6,
        "Total Revenue": 1,
        "Gross Profit": 1,
        "Operating Income": -1,
        "EBIT": -1,
        "Net Income": -1
    },
    "2012-06-30": {
        "Diluted EPS": -115.2,
        "Total Revenue": 1,
        "Gross Profit": 1,
        "Operating Income": -2,
        "EBIT": -2,
        "Net Income": -2
    },
    "2012-03-31": {
        "Diluted EPS": -76.0,
        "Total Revenue": 2,
        "Gross Profit": 1,
        "Operating Income": -1,
        "EBIT": -1,
        "Net Income": -1
    },
    "2011-12-31": {
        "Diluted EPS": -215.2,
        "Total Revenue": 2,
        "Gross Profit": 1,
        "Operating Income": -1,
        "EBIT": -1,
        "Net Income": -1
    },
    "2011-09-30": {
        "Diluted EPS": -132.8,
        "Total Revenue": 1,
        "Gross Profit": 1,
        "Operating Income": -2,
        "EBIT": -2,
        "Net Income": -2
    },
    "2011-06-30": {
        "Diluted EPS": -89.6,
        "Total Revenue": 1,
        "Gross Profit": 0,
        "Operating Income": -1,
        "EBIT": -1,
        "Net Income": -1
    },
    "2011-03-31": {
        "Diluted EPS": -81.6,
        "Total Revenue": 1,
        "Gross Profit": 0,
        "Operating Income": -1,
        "EBIT": -1,
        "Net Income": -1
    },
    "2010-12-31": {
        "Diluted EPS": 0.0,
        "Total Revenue": NaN,
        "Gross Profit": NaN,
        "Operating Income": NaN,
        "EBIT": NaN,
        "Net Income": NaN
    },
    "2010-09-30": {
        "Diluted EPS": -86.4,
        "Total Revenue": 1,
        "Gross Profit": 0,
        "Operating Income": -1,
        "EBIT": -1,
        "Net Income": -1
    },
    "2010-06-30": {
        "Diluted EPS": -80.8,
        "Total Revenue": 1,
        "Gross Profit": 0,
        "Operating Income": -1,
        "EBIT": -1,
        "Net Income": -1
    },
    "2023-06-30": {
        "Tax Effect Of Unusual Items": 0.0,
        "Tax Rate For Calcs": 0.0,
        "Normalized EBITDA": -919839.0,
        "Total Unusual Items": NaN,
        "Total Unusual Items Excluding Goodwill": NaN,
        "Net Income From Continuing Operation Net Minority Interest": -1033426.0,
        "Reconciled Depreciation": 110432.0,
        "Reconciled Cost Of Revenue": 6254517.0,
        "EBITDA": -919839.0,
        "EBIT": -1030271.0,
        "Net Interest Income": -3155.0,
        "Interest Expense": 3155.0,
        "Normalized Income": -1033426.0,
        "Net Income From Continuing And Discontinued Operation": -1033426.0,
        "Total Expenses": 12364839.0,
        "Total Operating Income As Reported": -1675780.0,
        "Diluted Average Shares": 15520700.0,
        "Basic Average Shares": 15520700.0,
        "Diluted EPS": -0.07,
        "Basic EPS": -0.07,
        "Diluted NI Availto Com Stockholders": -1033426.0,
        "Net Income Common Stockholders": -1033426.0,
        "Net Income": -1033426.0,
        "Net Income Including Noncontrolling Interests": -1033426.0,
        "Net Income Continuous Operations": -1033426.0,
        "Tax Provision": NaN,
        "Pretax Income": -1033426.0,
        "Other Income Expense": 645509.0,
        "Other Non Operating Income Expenses": 645509.0,
        "Gain On Sale Of Security": NaN,
        "Net Non Operating Interest Income Expense": -3155.0,
        "Interest Expense Non Operating": 3155.0,
        "Operating Income": -1675780.0,
        "Operating Expense": 6110322.0,
        "Depreciation Amortization Depletion Income Statement": 110432.0,
        "Depreciation And Amortization In Income Statement": 110432.0,
        "Selling General And Administration": 5999890.0,
        "Selling And Marketing Expense": 2802206.0,
        "General And Administrative Expense": 3197684.0,
        "Other Gand A": 3007892.0,
        "Salaries And Wages": 189792.0,
        "Gross Profit": 4434542.0,
        "Cost Of Revenue": 6254517.0,
        "Total Revenue": 10689059.0,
        "Operating Revenue": 10689059.0
    },
    "2023-09-30": {
        "Tax Effect Of Unusual Items": 0.0,
        "Tax Rate For Calcs": 0.0,
        "Normalized EBITDA": -1863740.0,
        "Total Unusual Items": NaN,
        "Total Unusual Items Excluding Goodwill": NaN,
        "Net Income From Continuing Operation Net Minority Interest": -1982938.0,
        "Reconciled Depreciation": 117544.0,
        "Reconciled Cost Of Revenue": 4685437.0,
        "EBITDA": -1863740.0,
        "EBIT": -1981284.0,
        "Net Interest Income": -1654.0,
        "Interest Expense": 1654.0,
        "Normalized Income": -1982938.0,
        "Net Income From Continuing And Discontinued Operation": -1982938.0,
        "Total Expenses": 10536041.0,
        "Total Operating Income As Reported": -2641140.0,
        "Diluted Average Shares": 15463334.0,
        "Basic Average Shares": 15463334.0,
        "Diluted EPS": -0.13,
        "Basic EPS": -0.13,
        "Diluted NI Availto Com Stockholders": -1982938.0,
        "Net Income Common Stockholders": -1982938.0,
        "Net Income": -1982938.0,
        "Net Income Including Noncontrolling Interests": -1982938.0,
        "Net Income Continuous Operations": -1982938.0,
        "Tax Provision": NaN,
        "Pretax Income": -1982938.0,
        "Other Income Expense": 659856.0,
        "Other Non Operating Income Expenses": 659856.0,
        "Gain On Sale Of Security": NaN,
        "Net Non Operating Interest Income Expense": -1654.0,
        "Interest Expense Non Operating": 1654.0,
        "Operating Income": -2641140.0,
        "Operating Expense": 5850604.0,
        "Depreciation Amortization Depletion Income Statement": 117544.0,
        "Depreciation And Amortization In Income Statement": 117544.0,
        "Selling General And Administration": 5733060.0,
        "Selling And Marketing Expense": 2700301.0,
        "General And Administrative Expense": 3032759.0,
        "Other Gand A": 3032759.0,
        "Salaries And Wages": NaN,
        "Gross Profit": 3209464.0,
        "Cost Of Revenue": 4685437.0,
        "Total Revenue": 7894901.0,
        "Operating Revenue": 7894901.0
    },
    "2024-03-31": {
        "Tax Effect Of Unusual Items": 607.032489,
        "Tax Rate For Calcs": 0.005718,
        "Normalized EBITDA": -3184604.0,
        "Total Unusual Items": 106159.0,
        "Total Unusual Items Excluding Goodwill": 106159.0,
        "Net Income From Continuing Operation Net Minority Interest": -3265850.0,
        "Reconciled Depreciation": 204186.0,
        "Reconciled Cost Of Revenue": 3967975.0,
        "EBITDA": -3078445.0,
        "EBIT": -3282631.0,
        "Net Interest Income": -2001.0,
        "Interest Expense": 2001.0,
        "Normalized Income": -3371401.967511,
        "Net Income From Continuing And Discontinued Operation": -3265850.0,
        "Total Expenses": 11011538.0,
        "Total Operating Income As Reported": -4058655.0,
        "Diluted Average Shares": 16333415.0,
        "Basic Average Shares": 16333415.0,
        "Diluted EPS": -0.2,
        "Basic EPS": -0.2,
        "Diluted NI Availto Com Stockholders": -3265850.0,
        "Net Income Common Stockholders": -3265850.0,
        "Net Income": -3265850.0,
        "Net Income Including Noncontrolling Interests": -3265850.0,
        "Net Income Continuous Operations": -3265850.0,
        "Tax Provision": -18782.0,
        "Pretax Income": -3284632.0,
        "Other Income Expense": 776024.0,
        "Other Non Operating Income Expenses": 669865.0,
        "Gain On Sale Of Security": 106159.0,
        "Net Non Operating Interest Income Expense": -2001.0,
        "Interest Expense Non Operating": 2001.0,
        "Operating Income": -4058655.0,
        "Operating Expense": 7043563.0,
        "Depreciation Amortization Depletion Income Statement": 204186.0,
        "Depreciation And Amortization In Income Statement": 204186.0,
        "Selling General And Administration": 6839377.0,
        "Selling And Marketing Expense": 3056291.0,
        "General And Administrative Expense": 3783086.0,
        "Other Gand A": 3783086.0,
        "Salaries And Wages": NaN,
        "Gross Profit": 2984908.0,
        "Cost Of Revenue": 3967975.0,
        "Total Revenue": 6952883.0,
        "Operating Revenue": 6952883.0
    }
}