{
    "2023-03-31": {
        "Tax Effect Of Unusual Items": NaN,
        "Tax Rate For Calcs": NaN,
        "Normalized EBITDA": NaN,
        "Net Income From Continuing Operation Net Minority Interest": NaN,
        "Reconciled Depreciation": NaN,
        "Reconciled Cost Of Revenue": NaN,
        "EBITDA": NaN,
        "EBIT": NaN,
        "Net Interest Income": NaN,
        "Interest Expense": NaN,
        "Interest Income": NaN,
        "Normalized Income": NaN,
        "Net Income From Continuing And Discontinued Operation": NaN,
        "Total Expenses": NaN,
        "Total Operating Income As Reported": NaN,
        "Diluted Average Shares": 127359000.0,
        "Basic Average Shares": 126886000.0,
        "Diluted EPS": 1.7,
        "Basic EPS": 1.71,
        "Diluted NI Availto Com Stockholders": NaN,
        "Net Income Common Stockholders": NaN,
        "Otherunder Preferred Stock Dividend": 0.0,
        "Net Income": NaN,
        "Minority Interests": NaN,
        "Net Income Including Noncontrolling Interests": NaN,
        "Net Income Discontinuous Operations": NaN,
        "Net Income Continuous Operations": NaN,
        "Tax Provision": NaN,
        "Pretax Income": NaN,
        "Other Income Expense": NaN,
        "Other Non Operating Income Expenses": NaN,
        "Net Non Operating Interest Income Expense": NaN,
        "Interest Expense Non Operating": NaN,
        "Interest Income Non Operating": NaN,
        "Operating Income": NaN,
        "Operating Expense": NaN,
        "Selling General And Administration": NaN,
        "Gross Profit": NaN,
        "Cost Of Revenue": NaN,
        "Total Revenue": NaN,
        "Operating Revenue": NaN
    },
    "2022-12-31": {
        "Tax Effect Of Unusual Items": NaN,
        "Tax Rate For Calcs": NaN,
        "Normalized EBITDA": NaN,
        "Net Income From Continuing Operation Net Minority Interest": NaN,
        "Reconciled Depreciation": NaN,
        "Reconciled Cost Of Revenue": NaN,
        "EBITDA": NaN,
        "EBIT": NaN,
        "Net Interest Income": NaN,
        "Interest Expense": NaN,
        "Interest Income": NaN,
        "Normalized Income": NaN,
        "Net Income From Continuing And Discontinued Operation": NaN,
        "Total Expenses": NaN,
        "Total Operating Income As Reported": NaN,
        "Diluted Average Shares": 127496000.0,
        "Basic Average Shares": 126824000.0,
        "Diluted EPS": 1.06,
        "Basic EPS": 1.07,
        "Diluted NI Availto Com Stockholders": NaN,
        "Net Income Common Stockholders": NaN,
        "Otherunder Preferred Stock Dividend": NaN,
        "Net Income": NaN,
        "Minority Interests": NaN,
        "Net Income Including Noncontrolling Interests": NaN,
        "Net Income Discontinuous Operations": NaN,
        "Net Income Continuous Operations": NaN,
        "Tax Provision": NaN,
        "Pretax Income": NaN,
        "Other Income Expense": NaN,
        "Other Non Operating Income Expenses": NaN,
        "Net Non Operating Interest Income Expense": NaN,
        "Interest Expense Non Operating": NaN,
        "Interest Income Non Operating": NaN,
        "Operating Income": NaN,
        "Operating Expense": NaN,
        "Selling General And Administration": NaN,
        "Gross Profit": NaN,
        "Cost Of Revenue": NaN,
        "Total Revenue": NaN,
        "Operating Revenue": NaN
    },
    "2022-09-30": {
        "Tax Effect Of Unusual Items": 0.0,
        "Tax Rate For Calcs": 0.14,
        "Normalized EBITDA": 388803000.0,
        "Net Income From Continuing Operation Net Minority Interest": 224663000.0,
        "Reconciled Depreciation": 76246000.0,
        "Reconciled Cost Of Revenue": 3045367000.0,
        "EBITDA": 388803000.0,
        "EBIT": 312557000.0,
        "Net Interest Income": -31130000.0,
        "Interest Expense": 32695000.0,
        "Interest Income": 1565000.0,
        "Normalized Income": 224663000.0,
        "Net Income From Continuing And Discontinued Operation": 225207000.0,
        "Total Expenses": 3572508000.0,
        "Total Operating Income As Reported": 308540000.0,
        "Diluted Average Shares": 128577000.0,
        "Basic Average Shares": 127759000.0,
        "Diluted EPS": 1.75,
        "Basic EPS": 1.76,
        "Diluted NI Availto Com Stockholders": 225207000.0,
        "Net Income Common Stockholders": 225207000.0,
        "Net Income": 225207000.0,
        "Minority Interests": -15841000.0,
        "Net Income Including Noncontrolling Interests": 241048000.0,
        "Net Income Discontinuous Operations": 544000.0,
        "Net Income Continuous Operations": 240504000.0,
        "Tax Provision": 39358000.0,
        "Pretax Income": 279862000.0,
        "Other Income Expense": 2452000.0,
        "Other Non Operating Income Expenses": 2452000.0,
        "Net Non Operating Interest Income Expense": -31130000.0,
        "Interest Expense Non Operating": 32695000.0,
        "Interest Income Non Operating": 1565000.0,
        "Operating Income": 308540000.0,
        "Operating Expense": 527141000.0,
        "Selling General And Administration": 527141000.0,
        "Gross Profit": 835681000.0,
        "Cost Of Revenue": 3045367000.0,
        "Total Revenue": 3881048000.0,
        "Operating Revenue": 3881048000.0
    },
    "2022-06-30": {
        "Tax Effect Of Unusual Items": 0.0,
        "Tax Rate For Calcs": 0.219,
        "Normalized EBITDA": 375096000.0,
        "Net Income From Continuing Operation Net Minority Interest": 196326000.0,
        "Reconciled Depreciation": 76852000.0,
        "Reconciled Cost Of Revenue": 3002618000.0,
        "EBITDA": 375096000.0,
        "EBIT": 298244000.0,
        "Net Interest Income": -25087000.0,
        "Interest Expense": 26129000.0,
        "Interest Income": 1042000.0,
        "Normalized Income": 196326000.0,
        "Net Income From Continuing And Discontinued Operation": 195983000.0,
        "Total Expenses": 3561331000.0,
        "Total Operating Income As Reported": 265762000.0,
        "Diluted Average Shares": 128933000.0,
        "Basic Average Shares": 128225000.0,
        "Diluted EPS": 1.52,
        "Basic EPS": 1.53,
        "Diluted NI Availto Com Stockholders": 195983000.0,
        "Net Income Common Stockholders": 195983000.0,
        "Otherunder Preferred Stock Dividend": 0.0,
        "Net Income": 195983000.0,
        "Minority Interests": -16298000.0,
        "Net Income Including Noncontrolling Interests": 212281000.0,
        "Net Income Discontinuous Operations": -343000.0,
        "Net Income Continuous Operations": 212624000.0,
        "Tax Provision": 59491000.0,
        "Pretax Income": 272115000.0,
        "Other Income Expense": 31440000.0,
        "Other Non Operating Income Expenses": 31440000.0,
        "Net Non Operating Interest Income Expense": -25087000.0,
        "Interest Expense Non Operating": 26129000.0,
        "Interest Income Non Operating": 1042000.0,
        "Operating Income": 265762000.0,
        "Operating Expense": 558713000.0,
        "Selling General And Administration": 558713000.0,
        "Gross Profit": 824475000.0,
        "Cost Of Revenue": 3002618000.0,
        "Total Revenue": 3827093000.0,
        "Operating Revenue": 3827093000.0
    },
    "2023-06-30": {
        "Tax Effect Of Unusual Items": NaN,
        "Tax Rate For Calcs": NaN,
        "Normalized EBITDA": NaN,
        "Net Income From Continuing Operation Net Minority Interest": NaN,
        "Reconciled Depreciation": NaN,
        "Reconciled Cost Of Revenue": NaN,
        "EBITDA": NaN,
        "EBIT": NaN,
        "Net Interest Income": NaN,
        "Interest Expense": NaN,
        "Interest Income": NaN,
        "Normalized Income": NaN,
        "Net Income From Continuing And Discontinued Operation": NaN,
        "Total Expenses": NaN,
        "Total Operating Income As Reported": NaN,
        "Diluted Average Shares": NaN,
        "Basic Average Shares": NaN,
        "Diluted EPS": NaN,
        "Basic EPS": NaN,
        "Diluted NI Availto Com Stockholders": NaN,
        "Net Income Common Stockholders": NaN,
        "Otherunder Preferred Stock Dividend": 0.0,
        "Net Income": NaN,
        "Minority Interests": NaN,
        "Net Income Including Noncontrolling Interests": NaN,
        "Net Income Discontinuous Operations": NaN,
        "Net Income Continuous Operations": NaN,
        "Tax Provision": NaN,
        "Pretax Income": NaN,
        "Other Income Expense": NaN,
        "Other Non Operating Income Expenses": NaN,
        "Net Non Operating Interest Income Expense": NaN,
        "Interest Expense Non Operating": NaN,
        "Interest Income Non Operating": NaN,
        "Operating Income": NaN,
        "Operating Expense": NaN,
        "Selling General And Administration": NaN,
        "Gross Profit": NaN,
        "Cost Of Revenue": NaN,
        "Total Revenue": NaN,
        "Operating Revenue": NaN
    },
    "2023-09-30": {
        "Tax Effect Of Unusual Items": 0.0,
        "Tax Rate For Calcs": 0.303296,
        "Normalized EBITDA": 361982000.0,
        "Net Income From Continuing Operation Net Minority Interest": 149733000.0,
        "Reconciled Depreciation": 78150000.0,
        "Reconciled Cost Of Revenue": 3377146000.0,
        "EBITDA": 361982000.0,
        "EBIT": 283832000.0,
        "Net Interest Income": -36085000.0,
        "Interest Expense": 43631000.0,
        "Interest Income": 7546000.0,
        "Normalized Income": 149733000.0,
        "Net Income From Continuing And Discontinued Operation": 149380000.0,
        "Total Expenses": 4010883000.0,
        "Total Operating Income As Reported": 277829000.0,
        "Diluted Average Shares": NaN,
        "Basic Average Shares": NaN,
        "Diluted EPS": NaN,
        "Basic EPS": NaN,
        "Diluted NI Availto Com Stockholders": 149380000.0,
        "Net Income Common Stockholders": 149380000.0,
        "Otherunder Preferred Stock Dividend": NaN,
        "Net Income": 149380000.0,
        "Minority Interests": -17616000.0,
        "Net Income Including Noncontrolling Interests": 166996000.0,
        "Net Income Discontinuous Operations": -353000.0,
        "Net Income Continuous Operations": 167349000.0,
        "Tax Provision": 72852000.0,
        "Pretax Income": 240201000.0,
        "Other Income Expense": -1543000.0,
        "Other Non Operating Income Expenses": -1543000.0,
        "Net Non Operating Interest Income Expense": -36085000.0,
        "Interest Expense Non Operating": 43631000.0,
        "Interest Income Non Operating": 7546000.0,
        "Operating Income": 277829000.0,
        "Operating Expense": 633737000.0,
        "Selling General And Administration": 633737000.0,
        "Gross Profit": 911566000.0,
        "Cost Of Revenue": 3377146000.0,
        "Total Revenue": 4288712000.0,
        "Operating Revenue": 4288712000.0
    },
    "2023-12-31": {
        "Tax Effect Of Unusual Items": 0.0,
        "Tax Rate For Calcs": 0.21,
        "Normalized EBITDA": 222843000.0,
        "Net Income From Continuing Operation Net Minority Interest": 124971000.0,
        "Reconciled Depreciation": 76288000.0,
        "Reconciled Cost Of Revenue": 2145497000.0,
        "EBITDA": 222843000.0,
        "EBIT": 146555000.0,
        "Net Interest Income": -35831000.0,
        "Interest Expense": 43350000.0,
        "Interest Income": 7519000.0,
        "Normalized Income": 124971000.0,
        "Net Income From Continuing And Discontinued Operation": 171610000.0,
        "Total Expenses": 2668227000.0,
        "Total Operating Income As Reported": 142000000.0,
        "Diluted Average Shares": 126813000.0,
        "Basic Average Shares": 126105000.0,
        "Diluted EPS": 1.37,
        "Basic EPS": 1.37,
        "Diluted NI Availto Com Stockholders": 173376000.0,
        "Net Income Common Stockholders": 173376000.0,
        "Otherunder Preferred Stock Dividend": -1766000.0,
        "Net Income": 171610000.0,
        "Minority Interests": -9844000.0,
        "Net Income Including Noncontrolling Interests": 181454000.0,
        "Net Income Discontinuous Operations": 46639000.0,
        "Net Income Continuous Operations": 134815000.0,
        "Tax Provision": -31610000.0,
        "Pretax Income": 103205000.0,
        "Other Income Expense": -2964000.0,
        "Other Non Operating Income Expenses": -2964000.0,
        "Net Non Operating Interest Income Expense": -35831000.0,
        "Interest Expense Non Operating": 43350000.0,
        "Interest Income Non Operating": 7519000.0,
        "Operating Income": 142000000.0,
        "Operating Expense": 522730000.0,
        "Selling General And Administration": 522730000.0,
        "Gross Profit": 664730000.0,
        "Cost Of Revenue": 2145497000.0,
        "Total Revenue": 2810227000.0,
        "Operating Revenue": 2810227000.0
    },
    "2024-03-31": {
        "Tax Effect Of Unusual Items": 0.0,
        "Tax Rate For Calcs": 0.279,
        "Normalized EBITDA": 363015000.0,
        "Net Income From Continuing Operation Net Minority Interest": 162880000.0,
        "Reconciled Depreciation": 77198000.0,
        "Reconciled Cost Of Revenue": 3364478000.0,
        "EBITDA": 363015000.0,
        "EBIT": 285817000.0,
        "Net Interest Income": -34827000.0,
        "Interest Expense": 44232000.0,
        "Interest Income": 9405000.0,
        "Normalized Income": 162880000.0,
        "Net Income From Continuing And Discontinued Operation": 162112000.0,
        "Total Expenses": 3988105000.0,
        "Total Operating Income As Reported": 280988000.0,
        "Diluted Average Shares": 126211000.0,
        "Basic Average Shares": 125712000.0,
        "Diluted EPS": 1.28,
        "Basic EPS": 1.29,
        "Diluted NI Availto Com Stockholders": 162112000.0,
        "Net Income Common Stockholders": 162112000.0,
        "Otherunder Preferred Stock Dividend": 0.0,
        "Net Income": 162112000.0,
        "Minority Interests": -11422000.0,
        "Net Income Including Noncontrolling Interests": 173534000.0,
        "Net Income Discontinuous Operations": -768000.0,
        "Net Income Continuous Operations": 174302000.0,
        "Tax Provision": 67283000.0,
        "Pretax Income": 241585000.0,
        "Other Income Expense": -4576000.0,
        "Other Non Operating Income Expenses": -4576000.0,
        "Net Non Operating Interest Income Expense": -34827000.0,
        "Interest Expense Non Operating": 44232000.0,
        "Interest Income Non Operating": 9405000.0,
        "Operating Income": 280988000.0,
        "Operating Expense": 623627000.0,
        "Selling General And Administration": 623627000.0,
        "Gross Profit": 904615000.0,
        "Cost Of Revenue": 3364478000.0,
        "Total Revenue": 4269093000.0,
        "Operating Revenue": 4269093000.0
    },
    "2024-06-30": {
        "Tax Effect Of Unusual Items": 0.0,
        "Tax Rate For Calcs": 0.3,
        "Normalized EBITDA": 348928000.0,
        "Net Income From Continuing Operation Net Minority Interest": 146449000.0,
        "Reconciled Depreciation": 76977000.0,
        "Reconciled Cost Of Revenue": 3314800000.0,
        "EBITDA": 348928000.0,
        "EBIT": 271951000.0,
        "Net Interest Income": -35480000.0,
        "Interest Expense": 45801000.0,
        "Interest Income": 10321000.0,
        "Normalized Income": 146449000.0,
        "Net Income From Continuing And Discontinued Operation": 146934000.0,
        "Total Expenses": 3971116000.0,
        "Total Operating Income As Reported": 260464000.0,
        "Diluted Average Shares": 125616000.0,
        "Basic Average Shares": 125163000.0,
        "Diluted EPS": 1.17,
        "Basic EPS": 1.17,
        "Diluted NI Availto Com Stockholders": 146914000.0,
        "Net Income Common Stockholders": 146914000.0,
        "Otherunder Preferred Stock Dividend": 20000.0,
        "Net Income": 146934000.0,
        "Minority Interests": -11962000.0,
        "Net Income Including Noncontrolling Interests": 158896000.0,
        "Net Income Discontinuous Operations": 485000.0,
        "Net Income Continuous Operations": 158411000.0,
        "Tax Provision": 67739000.0,
        "Pretax Income": 226150000.0,
        "Other Income Expense": 1166000.0,
        "Other Non Operating Income Expenses": 1166000.0,
        "Net Non Operating Interest Income Expense": -35480000.0,
        "Interest Expense Non Operating": 45801000.0,
        "Interest Income Non Operating": 10321000.0,
        "Operating Income": 260464000.0,
        "Operating Expense": 656316000.0,
        "Selling General And Administration": 656316000.0,
        "Gross Profit": 916780000.0,
        "Cost Of Revenue": 3314800000.0,
        "Total Revenue": 4231580000.0,
        "Operating Revenue": 4231580000.0
    },
    "2024-09-30": {
        "Tax Effect Of Unusual Items": 0.0,
        "Tax Rate For Calcs": 0.088665,
        "Normalized EBITDA": 257749000.0,
        "Net Income From Continuing Operation Net Minority Interest": 131290000.0,
        "Reconciled Depreciation": 78276000.0,
        "Reconciled Cost Of Revenue": -1319780000.0,
        "EBITDA": 257749000.0,
        "EBIT": 179473000.0,
        "Net Interest Income": -29179000.0,
        "Interest Expense": 35673000.0,
        "Interest Income": 6494000.0,
        "Normalized Income": 131290000.0,
        "Net Income From Continuing And Discontinued Operation": 325436000.0,
        "Total Expenses": -1105877000.0,
        "Total Operating Income As Reported": -53080000.0,
        "Diluted Average Shares": 124884000.0,
        "Basic Average Shares": 124315000.0,
        "Diluted EPS": 2.51,
        "Basic EPS": 2.52,
        "Diluted NI Availto Com Stockholders": 323690000.0,
        "Net Income Common Stockholders": 323690000.0,
        "Otherunder Preferred Stock Dividend": NaN,
        "Net Income": 325436000.0,
        "Minority Interests": 240000.0,
        "Net Income Including Noncontrolling Interests": 325196000.0,
        "Net Income Discontinuous Operations": 194146000.0,
        "Net Income Continuous Operations": 131050000.0,
        "Tax Provision": 12750000.0,
        "Pretax Income": 143800000.0,
        "Other Income Expense": 226059000.0,
        "Other Non Operating Income Expenses": 226059000.0,
        "Net Non Operating Interest Income Expense": -29179000.0,
        "Interest Expense Non Operating": 35673000.0,
        "Interest Income Non Operating": 6494000.0,
        "Operating Income": -53080000.0,
        "Operating Expense": 213903000.0,
        "Selling General And Administration": 213903000.0,
        "Gross Profit": 160823000.0,
        "Cost Of Revenue": -1319780000.0,
        "Total Revenue": -1158957000.0,
        "Operating Revenue": -1158957000.0
    },
    "2024-12-31": {
        "Tax Effect Of Unusual Items": 0.0,
        "Tax Rate For Calcs": 0.21,
        "Normalized EBITDA": 147550000.0,
        "Net Income From Continuing Operation Net Minority Interest": -17129000.0,
        "Reconciled Depreciation": 59583000.0,
        "Reconciled Cost Of Revenue": 2211689000.0,
        "EBITDA": 147550000.0,
        "EBIT": 87967000.0,
        "Net Interest Income": -25164000.0,
        "Interest Expense": 34820000.0,
        "Interest Income": 9656000.0,
        "Normalized Income": -17129000.0,
        "Net Income From Continuing And Discontinued Operation": -18130000.0,
        "Total Expenses": 2724538000.0,
        "Total Operating Income As Reported": 208418000.0,
        "Diluted Average Shares": 124055000.0,
        "Basic Average Shares": 124055000.0,
        "Diluted EPS": -0.11,
        "Basic EPS": -0.11,
        "Diluted NI Availto Com Stockholders": -13562000.0,
        "Net Income Common Stockholders": -13562000.0,
        "Otherunder Preferred Stock Dividend": -4568000.0,
        "Net Income": -18130000.0,
        "Minority Interests": -13127000.0,
        "Net Income Including Noncontrolling Interests": -5003000.0,
        "Net Income Discontinuous Operations": -1001000.0,
        "Net Income Continuous Operations": -4002000.0,
        "Tax Provision": 57149000.0,
        "Pretax Income": 53147000.0,
        "Other Income Expense": -130107000.0,
        "Other Non Operating Income Expenses": -130107000.0,
        "Net Non Operating Interest Income Expense": -25164000.0,
        "Interest Expense Non Operating": 34820000.0,
        "Interest Income Non Operating": 9656000.0,
        "Operating Income": 208418000.0,
        "Operating Expense": 512849000.0,
        "Selling General And Administration": 512849000.0,
        "Gross Profit": 721267000.0,
        "Cost Of Revenue": 2211689000.0,
        "Total Revenue": 2932956000.0,
        "Operating Revenue": 2932956000.0
    }
}