{
    "2023-06-30": {
        "Tax Effect Of Unusual Items": 0.0,
        "Tax Rate For Calcs": 0.26,
        "Normalized EBITDA": 450684000.0,
        "Net Income From Continuing Operation Net Minority Interest": 189552000.0,
        "Reconciled Depreciation": 179972000.0,
        "Reconciled Cost Of Revenue": 2578280000.0,
        "EBITDA": 450684000.0,
        "EBIT": 270712000.0,
        "Net Interest Income": -14604000.0,
        "Interest Expense": 14604000.0,
        "Normalized Income": 189552000.0,
        "Net Income From Continuing And Discontinued Operation": 189552000.0,
        "Total Expenses": 2861911000.0,
        "Rent Expense Supplemental": 1404586000.0,
        "Total Operating Income As Reported": 270712000.0,
        "Diluted Average Shares": 104566000.0,
        "Basic Average Shares": 103562000.0,
        "Diluted EPS": 1.81,
        "Basic EPS": 1.83,
        "Diluted NI Availto Com Stockholders": 189552000.0,
        "Net Income Common Stockholders": 189552000.0,
        "Net Income": 189552000.0,
        "Net Income Including Noncontrolling Interests": 189552000.0,
        "Net Income Continuous Operations": 189552000.0,
        "Tax Provision": 66556000.0,
        "Pretax Income": 256108000.0,
        "Net Non Operating Interest Income Expense": -14604000.0,
        "Interest Expense Non Operating": 14604000.0,
        "Operating Income": 270712000.0,
        "Operating Expense": 283631000.0,
        "Other Operating Expenses": 128949000.0,
        "Other Taxes": 18951000.0,
        "Selling General And Administration": 135731000.0,
        "General And Administrative Expense": 135731000.0,
        "Other Gand A": 71838000.0,
        "Insurance And Claims": 63893000.0,
        "Gross Profit": 554343000.0,
        "Cost Of Revenue": 2578280000.0,
        "Total Revenue": 3132623000.0,
        "Operating Revenue": 3132623000.0
    },
    "2023-03-31": {
        "Tax Effect Of Unusual Items": 0.0,
        "Tax Rate For Calcs": 0.247,
        "Normalized EBITDA": 453301000.0,
        "Net Income From Continuing Operation Net Minority Interest": 197768000.0,
        "Reconciled Depreciation": 175812000.0,
        "Reconciled Cost Of Revenue": 2664443000.0,
        "EBITDA": 453301000.0,
        "EBIT": 277489000.0,
        "Net Interest Income": -14789000.0,
        "Interest Expense": 14789000.0,
        "Normalized Income": 197768000.0,
        "Net Income From Continuing And Discontinued Operation": 197768000.0,
        "Total Expenses": 2952099000.0,
        "Rent Expense Supplemental": 1467798000.0,
        "Total Operating Income As Reported": 277489000.0,
        "Diluted Average Shares": 104729000.0,
        "Basic Average Shares": 103724000.0,
        "Diluted EPS": 1.89,
        "Basic EPS": 1.91,
        "Diluted NI Availto Com Stockholders": 197768000.0,
        "Net Income Common Stockholders": 197768000.0,
        "Net Income": 197768000.0,
        "Net Income Including Noncontrolling Interests": 197768000.0,
        "Net Income Continuous Operations": 197768000.0,
        "Tax Provision": 64932000.0,
        "Pretax Income": 262700000.0,
        "Net Non Operating Interest Income Expense": -14789000.0,
        "Interest Expense Non Operating": 14789000.0,
        "Operating Income": 277489000.0,
        "Operating Expense": 287656000.0,
        "Other Operating Expenses": 128360000.0,
        "Other Taxes": 18108000.0,
        "Selling General And Administration": 141188000.0,
        "General And Administrative Expense": 141188000.0,
        "Other Gand A": 70860000.0,
        "Insurance And Claims": 70328000.0,
        "Gross Profit": 565145000.0,
        "Cost Of Revenue": 2664443000.0,
        "Total Revenue": 3229588000.0,
        "Operating Revenue": 3229588000.0
    },
    "2022-12-31": {
        "Tax Effect Of Unusual Items": 0.0,
        "Tax Rate For Calcs": 0.256523,
        "Normalized EBITDA": 454623000.0,
        "Net Income From Continuing Operation Net Minority Interest": 201303000.0,
        "Reconciled Depreciation": 171606000.0,
        "Reconciled Cost Of Revenue": 3027927000.0,
        "EBITDA": 454623000.0,
        "EBIT": 283017000.0,
        "Net Interest Income": -11189000.0,
        "Interest Expense": 12258000.0,
        "Normalized Income": 201303000.0,
        "Net Income From Continuing And Discontinued Operation": 201303000.0,
        "Total Expenses": 3367674000.0,
        "Rent Expense Supplemental": 1742168000.0,
        "Total Operating Income As Reported": 281948000.0,
        "Diluted Average Shares": 104737000.0,
        "Basic Average Shares": 103743382.0,
        "Diluted EPS": 1.92,
        "Basic EPS": 1.940394,
        "Diluted NI Availto Com Stockholders": 201303000.0,
        "Net Income Common Stockholders": 201303000.0,
        "Net Income": 201303000.0,
        "Net Income Including Noncontrolling Interests": 201303000.0,
        "Net Income Continuous Operations": 201303000.0,
        "Tax Provision": 69456000.0,
        "Pretax Income": 270759000.0,
        "Net Non Operating Interest Income Expense": -11189000.0,
        "Interest Expense Non Operating": 12258000.0,
        "Operating Income": 281948000.0,
        "Operating Expense": 339747000.0,
        "Other Operating Expenses": 130885000.0,
        "Other Taxes": 19076000.0,
        "Selling General And Administration": 189786000.0,
        "General And Administrative Expense": 189786000.0,
        "Other Gand A": 65240000.0,
        "Insurance And Claims": 124546000.0,
        "Gross Profit": 621695000.0,
        "Cost Of Revenue": 3027927000.0,
        "Total Revenue": 3649622000.0,
        "Operating Revenue": 3649622000.0
    },
    "2022-09-30": {
        "Tax Effect Of Unusual Items": 0.0,
        "Tax Rate For Calcs": 0.227,
        "Normalized EBITDA": 362228000.0,
        "Net Income From Continuing Operation Net Minority Interest": 269382000.0,
        "Reconciled Depreciation": 166580000.0,
        "Reconciled Cost Of Revenue": 3188530000.0,
        "EBITDA": 362228000.0,
        "EBIT": 362228000.0,
        "Net Interest Income": -13562000.0,
        "Interest Expense": 13562000.0,
        "Normalized Income": 269382000.0,
        "Net Income From Continuing And Discontinued Operation": 269382000.0,
        "Total Expenses": 3476029000.0,
        "Rent Expense Supplemental": 1891848000.0,
        "Total Operating Income As Reported": 362228000.0,
        "Diluted Average Shares": 104924000.0,
        "Basic Average Shares": 103537423.0,
        "Diluted EPS": 2.57,
        "Basic EPS": 2.601784,
        "Diluted NI Availto Com Stockholders": 269382000.0,
        "Net Income Common Stockholders": 269382000.0,
        "Net Income": 269382000.0,
        "Net Income Including Noncontrolling Interests": 269382000.0,
        "Net Income Continuous Operations": 269382000.0,
        "Tax Provision": 79284000.0,
        "Pretax Income": 348666000.0,
        "Net Non Operating Interest Income Expense": -13562000.0,
        "Interest Expense Non Operating": 13562000.0,
        "Operating Income": 362228000.0,
        "Operating Expense": 287499000.0,
        "Other Operating Expenses": 138346000.0,
        "Other Taxes": 17082000.0,
        "Selling General And Administration": 132071000.0,
        "General And Administrative Expense": 132071000.0,
        "Other Gand A": 71882000.0,
        "Insurance And Claims": 60189000.0,
        "Gross Profit": 649727000.0,
        "Cost Of Revenue": 3188530000.0,
        "Total Revenue": 3838257000.0,
        "Operating Revenue": 3838257000.0
    },
    "2022-06-30": {
        "Tax Effect Of Unusual Items": 0.0,
        "Tax Rate For Calcs": 0.25,
        "Normalized EBITDA": 353083000.0,
        "Net Income From Continuing Operation Net Minority Interest": 255341000.0,
        "Reconciled Depreciation": 157571000.0,
        "Reconciled Cost Of Revenue": 3185855000.0,
        "EBITDA": 353083000.0,
        "EBIT": 353083000.0,
        "Net Interest Income": -12842000.0,
        "Interest Expense": 12842000.0,
        "Normalized Income": 255341000.0,
        "Net Income From Continuing And Discontinued Operation": 255341000.0,
        "Total Expenses": 3484449000.0,
        "Rent Expense Supplemental": 1920823000.0,
        "Total Operating Income As Reported": 353083000.0,
        "Diluted Average Shares": 105387000.0,
        "Basic Average Shares": 103813143.0,
        "Diluted EPS": 2.42,
        "Basic EPS": 2.459621,
        "Diluted NI Availto Com Stockholders": 255341000.0,
        "Net Income Common Stockholders": 255341000.0,
        "Net Income": 255341000.0,
        "Net Income Including Noncontrolling Interests": 255341000.0,
        "Net Income Continuous Operations": 255341000.0,
        "Tax Provision": 84900000.0,
        "Pretax Income": 340241000.0,
        "Net Non Operating Interest Income Expense": -12842000.0,
        "Interest Expense Non Operating": 12842000.0,
        "Operating Income": 353083000.0,
        "Operating Expense": 298594000.0,
        "Other Operating Expenses": 126383000.0,
        "Other Taxes": 16323000.0,
        "Selling General And Administration": 155888000.0,
        "General And Administrative Expense": 155888000.0,
        "Other Gand A": 68630000.0,
        "Insurance And Claims": 87258000.0,
        "Gross Profit": 651677000.0,
        "Cost Of Revenue": 3185855000.0,
        "Total Revenue": 3837532000.0,
        "Operating Revenue": 3837532000.0
    },
    "2022-03-31": {
        "Diluted EPS": 2.29,
        "Total Revenue": NaN,
        "Gross Profit": NaN,
        "Operating Income": 334,
        "EBIT": 483,
        "Net Income": 243
    },
    "2021-12-31": {
        "Diluted EPS": 2.28,
        "Total Revenue": NaN,
        "Gross Profit": NaN,
        "Operating Income": 323,
        "EBIT": 464,
        "Net Income": 242
    },
    "2021-09-30": {
        "Diluted EPS": 1.88,
        "Total Revenue": NaN,
        "Gross Profit": NaN,
        "Operating Income": 274,
        "EBIT": 413,
        "Net Income": 200
    },
    "2021-06-30": {
        "Diluted EPS": 1.61,
        "Total Revenue": NaN,
        "Gross Profit": NaN,
        "Operating Income": 242,
        "EBIT": 381,
        "Net Income": 172
    },
    "2021-03-31": {
        "Diluted EPS": 1.37,
        "Total Revenue": NaN,
        "Gross Profit": NaN,
        "Operating Income": 208,
        "EBIT": 345,
        "Net Income": 147
    },
    "2020-12-31": {
        "Diluted EPS": 1.44,
        "Total Revenue": NaN,
        "Gross Profit": NaN,
        "Operating Income": 208,
        "EBIT": 342,
        "Net Income": 154
    },
    "2020-09-30": {
        "Diluted EPS": 1.18,
        "Total Revenue": NaN,
        "Gross Profit": NaN,
        "Operating Income": 176,
        "EBIT": 308,
        "Net Income": 125
    },
    "2020-06-30": {
        "Diluted EPS": 1.14,
        "Total Revenue": NaN,
        "Gross Profit": 957,
        "Operating Income": 175,
        "EBIT": 305,
        "Net Income": 122
    },
    "2020-03-31": {
        "Diluted EPS": 0.98,
        "Total Revenue": NaN,
        "Gross Profit": 958,
        "Operating Income": 155,
        "EBIT": 285,
        "Net Income": 105
    },
    "2019-12-31": {
        "Diluted EPS": 1.35,
        "Total Revenue": NaN,
        "Gross Profit": NaN,
        "Operating Income": 205,
        "EBIT": 333,
        "Net Income": 145
    },
    "2019-09-30": {
        "Diluted EPS": 1.1,
        "Total Revenue": NaN,
        "Gross Profit": 965,
        "Operating Income": 168,
        "EBIT": 295,
        "Net Income": 118
    },
    "2019-06-30": {
        "Diluted EPS": 1.23,
        "Total Revenue": NaN,
        "Gross Profit": 973,
        "Operating Income": 193,
        "EBIT": 317,
        "Net Income": 134
    },
    "2019-03-31": {
        "Diluted EPS": 1.09,
        "Total Revenue": NaN,
        "Gross Profit": 899,
        "Operating Income": 168,
        "EBIT": 288,
        "Net Income": 120
    },
    "2018-12-31": {
        "Diluted EPS": 0.8,
        "Total Revenue": NaN,
        "Gross Profit": 852,
        "Operating Income": 123,
        "EBIT": 237,
        "Net Income": 89
    },
    "2018-09-30": {
        "Diluted EPS": 1.19,
        "Total Revenue": NaN,
        "Gross Profit": 887,
        "Operating Income": 175,
        "EBIT": 283,
        "Net Income": 131
    },
    "2018-06-30": {
        "Diluted EPS": 1.37,
        "Total Revenue": NaN,
        "Gross Profit": 874,
        "Operating Income": 215,
        "EBIT": 322,
        "Net Income": 152
    },
    "2018-03-31": {
        "Diluted EPS": 1.07,
        "Total Revenue": NaN,
        "Gross Profit": 805,
        "Operating Income": 169,
        "EBIT": 274,
        "Net Income": 118
    },
    "2017-12-31": {
        "Diluted EPS": 3.47,
        "Total Revenue": NaN,
        "Gross Profit": 796,
        "Operating Income": 146,
        "EBIT": 248,
        "Net Income": 385
    },
    "2017-09-30": {
        "Diluted EPS": 0.91,
        "Total Revenue": NaN,
        "Gross Profit": 742,
        "Operating Income": 165,
        "EBIT": 261,
        "Net Income": 100
    },
    "2017-06-30": {
        "Diluted EPS": 0.88,
        "Total Revenue": NaN,
        "Gross Profit": 712,
        "Operating Income": 164,
        "EBIT": 257,
        "Net Income": 98
    },
    "2017-03-31": {
        "Diluted EPS": 0.92,
        "Total Revenue": NaN,
        "Gross Profit": 684,
        "Operating Income": 149,
        "EBIT": 242,
        "Net Income": 103
    },
    "2016-12-31": {
        "Diluted EPS": 1.04,
        "Total Revenue": NaN,
        "Gross Profit": 709,
        "Operating Income": 194,
        "EBIT": 286,
        "Net Income": 118
    },
    "2016-09-30": {
        "Diluted EPS": 0.97,
        "Total Revenue": NaN,
        "Gross Profit": 708,
        "Operating Income": 183,
        "EBIT": 274,
        "Net Income": 109
    },
    "2016-06-30": {
        "Diluted EPS": 0.92,
        "Total Revenue": NaN,
        "Gross Profit": 692,
        "Operating Income": 176,
        "EBIT": 266,
        "Net Income": 105
    },
    "2016-03-31": {
        "Diluted EPS": 0.88,
        "Total Revenue": NaN,
        "Gross Profit": 674,
        "Operating Income": 168,
        "EBIT": 256,
        "Net Income": 100
    },
    "2015-12-31": {
        "Diluted EPS": 1.01,
        "Total Revenue": NaN,
        "Gross Profit": 695,
        "Operating Income": 193,
        "EBIT": 281,
        "Net Income": 117
    },
    "2015-09-30": {
        "Diluted EPS": 0.99,
        "Total Revenue": NaN,
        "Gross Profit": 682,
        "Operating Income": 194,
        "EBIT": 280,
        "Net Income": 115
    },
    "2015-06-30": {
        "Diluted EPS": 0.88,
        "Total Revenue": NaN,
        "Gross Profit": 667,
        "Operating Income": 174,
        "EBIT": 257,
        "Net Income": 103
    },
    "2015-03-31": {
        "Diluted EPS": 0.78,
        "Total Revenue": NaN,
        "Gross Profit": 614,
        "Operating Income": 155,
        "EBIT": 237,
        "Net Income": 92
    },
    "2014-12-31": {
        "Diluted EPS": 0.92,
        "Total Revenue": NaN,
        "Gross Profit": 653,
        "Operating Income": 183,
        "EBIT": 261,
        "Net Income": 110
    },
    "2014-09-30": {
        "Diluted EPS": 0.87,
        "Total Revenue": NaN,
        "Gross Profit": 627,
        "Operating Income": 172,
        "EBIT": 248,
        "Net Income": 102
    },
    "2014-06-30": {
        "Diluted EPS": 0.79,
        "Total Revenue": NaN,
        "Gross Profit": 597,
        "Operating Income": 159,
        "EBIT": 231,
        "Net Income": 93
    },
    "2014-03-31": {
        "Diluted EPS": 0.58,
        "Total Revenue": NaN,
        "Gross Profit": 531,
        "Operating Income": 117,
        "EBIT": 186,
        "Net Income": 69
    },
    "2013-12-31": {
        "Diluted EPS": 0.78,
        "Total Revenue": NaN,
        "Gross Profit": 564,
        "Operating Income": 154,
        "EBIT": 220,
        "Net Income": 92
    },
    "2013-09-30": {
        "Diluted EPS": 0.75,
        "Total Revenue": NaN,
        "Gross Profit": 542,
        "Operating Income": 151,
        "EBIT": 215,
        "Net Income": 89
    },
    "2013-06-30": {
        "Diluted EPS": 0.73,
        "Total Revenue": NaN,
        "Gross Profit": 529,
        "Operating Income": 147,
        "EBIT": 210,
        "Net Income": 88
    },
    "2013-03-31": {
        "Diluted EPS": 0.61,
        "Total Revenue": NaN,
        "Gross Profit": 486,
        "Operating Income": 125,
        "EBIT": 186,
        "Net Income": 73
    },
    "2012-12-31": {
        "Diluted EPS": 0.7,
        "Total Revenue": NaN,
        "Gross Profit": 509,
        "Operating Income": 143,
        "EBIT": 202,
        "Net Income": 84
    },
    "2012-09-30": {
        "Diluted EPS": 0.65,
        "Total Revenue": NaN,
        "Gross Profit": 487,
        "Operating Income": 133,
        "EBIT": 191,
        "Net Income": 78
    },
    "2012-06-30": {
        "Diluted EPS": 0.67,
        "Total Revenue": NaN,
        "Gross Profit": 480,
        "Operating Income": 137,
        "EBIT": 193,
        "Net Income": 80
    },
    "2012-03-31": {
        "Diluted EPS": 0.57,
        "Total Revenue": NaN,
        "Gross Profit": 449,
        "Operating Income": 117,
        "EBIT": 173,
        "Net Income": 68
    },
    "2011-12-31": {
        "Diluted EPS": 0.61,
        "Total Revenue": NaN,
        "Gross Profit": 469,
        "Operating Income": 122,
        "EBIT": 178,
        "Net Income": 73
    },
    "2011-09-30": {
        "Diluted EPS": 0.57,
        "Total Revenue": NaN,
        "Gross Profit": 458,
        "Operating Income": 119,
        "EBIT": 173,
        "Net Income": 69
    },
    "2011-06-30": {
        "Diluted EPS": 0.53,
        "Total Revenue": NaN,
        "Gross Profit": 452,
        "Operating Income": 113,
        "EBIT": 166,
        "Net Income": 66
    },
    "2011-03-31": {
        "Diluted EPS": 0.4,
        "Total Revenue": NaN,
        "Gross Profit": 401,
        "Operating Income": 90,
        "EBIT": 141,
        "Net Income": 50
    },
    "2010-12-31": {
        "Diluted EPS": 0.46,
        "Total Revenue": NaN,
        "Gross Profit": 418,
        "Operating Income": 97,
        "EBIT": 147,
        "Net Income": 58
    },
    "2010-09-30": {
        "Diluted EPS": 0.41,
        "Total Revenue": 986,
        "Gross Profit": 415,
        "Operating Income": 91,
        "EBIT": 141,
        "Net Income": 52
    },
    "2010-06-30": {
        "Diluted EPS": 0.4,
        "Total Revenue": 943,
        "Gross Profit": 400,
        "Operating Income": 91,
        "EBIT": 140,
        "Net Income": 52
    },
    "2010-03-31": {
        "Diluted EPS": 0.29,
        "Total Revenue": 845,
        "Gross Profit": 353,
        "Operating Income": 67,
        "EBIT": 115,
        "Net Income": 37
    },
    "2009-12-31": {
        "Diluted EPS": 0.31,
        "Total Revenue": 877,
        "Gross Profit": 364,
        "Operating Income": 73,
        "EBIT": 120,
        "Net Income": 42
    },
    "2009-09-30": {
        "Diluted EPS": 0.31,
        "Total Revenue": 834,
        "Gross Profit": 356,
        "Operating Income": 71,
        "EBIT": 118,
        "Net Income": 40
    },
    "2009-06-30": {
        "Diluted EPS": 0.19,
        "Total Revenue": 770,
        "Gross Profit": 332,
        "Operating Income": 47,
        "EBIT": 94,
        "Net Income": 24
    },
    "2009-03-31": {
        "Diluted EPS": 0.24,
        "Total Revenue": 723,
        "Gross Profit": 329,
        "Operating Income": 57,
        "EBIT": 104,
        "Net Income": 31
    },
    "2023-09-30": {
        "Tax Effect Of Unusual Items": 0.0,
        "Tax Rate For Calcs": 0.182,
        "Normalized EBITDA": 429430000.0,
        "Net Income From Continuing Operation Net Minority Interest": 187431000.0,
        "Reconciled Depreciation": 187714000.0,
        "Reconciled Cost Of Revenue": 2630060000.0,
        "EBITDA": 429430000.0,
        "EBIT": 241716000.0,
        "Net Interest Income": -12586000.0,
        "Interest Expense": 12586000.0,
        "Normalized Income": 187431000.0,
        "Net Income From Continuing And Discontinued Operation": 187431000.0,
        "Total Expenses": 2922037000.0,
        "Rent Expense Supplemental": 1443197000.0,
        "Total Operating Income As Reported": 241716000.0,
        "Diluted Average Shares": 104394000.0,
        "Basic Average Shares": 103302000.0,
        "Diluted EPS": 1.8,
        "Basic EPS": 1.81,
        "Diluted NI Availto Com Stockholders": 187431000.0,
        "Net Income Common Stockholders": 187431000.0,
        "Net Income": 187431000.0,
        "Net Income Including Noncontrolling Interests": 187431000.0,
        "Net Income Continuous Operations": 187431000.0,
        "Tax Provision": 41699000.0,
        "Pretax Income": 229130000.0,
        "Net Non Operating Interest Income Expense": -12586000.0,
        "Interest Expense Non Operating": 12586000.0,
        "Operating Income": 241716000.0,
        "Operating Expense": 291977000.0,
        "Other Operating Expenses": 130905000.0,
        "Other Taxes": 18739000.0,
        "Selling General And Administration": 142333000.0,
        "General And Administrative Expense": 142333000.0,
        "Other Gand A": 79658000.0,
        "Insurance And Claims": 62675000.0,
        "Gross Profit": 533693000.0,
        "Cost Of Revenue": 2630060000.0,
        "Total Revenue": 3163753000.0,
        "Operating Revenue": 3163753000.0
    }
}