{
    "2023-05-31": {
        "Tax Effect Of Unusual Items": NaN,
        "Tax Rate For Calcs": NaN,
        "Normalized EBITDA": NaN,
        "Total Unusual Items": NaN,
        "Total Unusual Items Excluding Goodwill": NaN,
        "Net Income From Continuing Operation Net Minority Interest": NaN,
        "Reconciled Depreciation": NaN,
        "Reconciled Cost Of Revenue": NaN,
        "EBITDA": NaN,
        "EBIT": NaN,
        "Net Interest Income": NaN,
        "Interest Expense": NaN,
        "Interest Income": 32000000.0,
        "Normalized Income": NaN,
        "Net Income From Continuing And Discontinued Operation": NaN,
        "Total Expenses": NaN,
        "Total Operating Income As Reported": NaN,
        "Diluted Average Shares": 135100000.0,
        "Basic Average Shares": 132300000.0,
        "Diluted EPS": 1.72,
        "Basic EPS": 1.76,
        "Diluted NI Availto Com Stockholders": NaN,
        "Net Income Common Stockholders": NaN,
        "Net Income": NaN,
        "Minority Interests": NaN,
        "Net Income Including Noncontrolling Interests": NaN,
        "Net Income Continuous Operations": NaN,
        "Tax Provision": NaN,
        "Pretax Income": NaN,
        "Other Income Expense": NaN,
        "Other Non Operating Income Expenses": NaN,
        "Special Income Charges": NaN,
        "Gain On Sale Of Business": 0.0,
        "Write Off": NaN,
        "Restructuring And Mergern Acquisition": NaN,
        "Net Non Operating Interest Income Expense": NaN,
        "Interest Expense Non Operating": NaN,
        "Interest Income Non Operating": 32000000.0,
        "Operating Income": NaN,
        "Operating Expense": NaN,
        "Depreciation Amortization Depletion Income Statement": NaN,
        "Depreciation And Amortization In Income Statement": NaN,
        "Amortization": NaN,
        "Amortization Of Intangibles Income Statement": NaN,
        "Research And Development": NaN,
        "Selling General And Administration": NaN,
        "Gross Profit": NaN,
        "Cost Of Revenue": NaN,
        "Total Revenue": NaN,
        "Operating Revenue": NaN
    },
    "2023-02-28": {
        "Tax Effect Of Unusual Items": NaN,
        "Tax Rate For Calcs": NaN,
        "Normalized EBITDA": NaN,
        "Total Unusual Items": NaN,
        "Total Unusual Items Excluding Goodwill": NaN,
        "Net Income From Continuing Operation Net Minority Interest": NaN,
        "Reconciled Depreciation": NaN,
        "Reconciled Cost Of Revenue": NaN,
        "EBITDA": NaN,
        "EBIT": NaN,
        "Net Interest Income": NaN,
        "Interest Expense": NaN,
        "Interest Income": 17000000.0,
        "Normalized Income": NaN,
        "Net Income From Continuing And Discontinued Operation": NaN,
        "Total Expenses": NaN,
        "Total Operating Income As Reported": NaN,
        "Diluted Average Shares": NaN,
        "Basic Average Shares": NaN,
        "Diluted EPS": NaN,
        "Basic EPS": NaN,
        "Diluted NI Availto Com Stockholders": NaN,
        "Net Income Common Stockholders": NaN,
        "Net Income": NaN,
        "Minority Interests": NaN,
        "Net Income Including Noncontrolling Interests": NaN,
        "Net Income Continuous Operations": NaN,
        "Tax Provision": NaN,
        "Pretax Income": NaN,
        "Other Income Expense": NaN,
        "Other Non Operating Income Expenses": NaN,
        "Special Income Charges": NaN,
        "Gain On Sale Of Business": NaN,
        "Write Off": 4000000.0,
        "Restructuring And Mergern Acquisition": NaN,
        "Net Non Operating Interest Income Expense": NaN,
        "Interest Expense Non Operating": NaN,
        "Interest Income Non Operating": 17000000.0,
        "Operating Income": NaN,
        "Operating Expense": NaN,
        "Depreciation Amortization Depletion Income Statement": NaN,
        "Depreciation And Amortization In Income Statement": NaN,
        "Amortization": NaN,
        "Amortization Of Intangibles Income Statement": NaN,
        "Research And Development": NaN,
        "Selling General And Administration": NaN,
        "Gross Profit": NaN,
        "Cost Of Revenue": NaN,
        "Total Revenue": NaN,
        "Operating Revenue": NaN
    },
    "2022-11-30": {
        "Tax Effect Of Unusual Items": NaN,
        "Tax Rate For Calcs": NaN,
        "Normalized EBITDA": NaN,
        "Total Unusual Items": NaN,
        "Total Unusual Items Excluding Goodwill": NaN,
        "Net Income From Continuing Operation Net Minority Interest": NaN,
        "Reconciled Depreciation": NaN,
        "Reconciled Cost Of Revenue": NaN,
        "EBITDA": NaN,
        "EBIT": NaN,
        "Net Interest Income": NaN,
        "Interest Expense": NaN,
        "Interest Income": 13000000.0,
        "Normalized Income": NaN,
        "Net Income From Continuing And Discontinued Operation": NaN,
        "Total Expenses": NaN,
        "Total Operating Income As Reported": NaN,
        "Diluted Average Shares": NaN,
        "Basic Average Shares": NaN,
        "Diluted EPS": NaN,
        "Basic EPS": NaN,
        "Diluted NI Availto Com Stockholders": NaN,
        "Net Income Common Stockholders": NaN,
        "Net Income": NaN,
        "Minority Interests": NaN,
        "Net Income Including Noncontrolling Interests": NaN,
        "Net Income Continuous Operations": NaN,
        "Tax Provision": NaN,
        "Pretax Income": NaN,
        "Other Income Expense": NaN,
        "Other Non Operating Income Expenses": NaN,
        "Special Income Charges": NaN,
        "Gain On Sale Of Business": NaN,
        "Write Off": NaN,
        "Restructuring And Mergern Acquisition": NaN,
        "Net Non Operating Interest Income Expense": NaN,
        "Interest Expense Non Operating": NaN,
        "Interest Income Non Operating": 13000000.0,
        "Operating Income": NaN,
        "Operating Expense": NaN,
        "Depreciation Amortization Depletion Income Statement": NaN,
        "Depreciation And Amortization In Income Statement": NaN,
        "Amortization": NaN,
        "Amortization Of Intangibles Income Statement": NaN,
        "Research And Development": NaN,
        "Selling General And Administration": NaN,
        "Gross Profit": NaN,
        "Cost Of Revenue": NaN,
        "Total Revenue": NaN,
        "Operating Revenue": NaN
    },
    "2022-08-31": {
        "Tax Effect Of Unusual Items": NaN,
        "Tax Rate For Calcs": NaN,
        "Normalized EBITDA": NaN,
        "Total Unusual Items": NaN,
        "Total Unusual Items Excluding Goodwill": NaN,
        "Net Income From Continuing Operation Net Minority Interest": NaN,
        "Reconciled Depreciation": NaN,
        "Reconciled Cost Of Revenue": NaN,
        "EBITDA": NaN,
        "EBIT": NaN,
        "Net Interest Income": NaN,
        "Interest Expense": NaN,
        "Interest Income": 3000000.0,
        "Normalized Income": NaN,
        "Net Income From Continuing And Discontinued Operation": NaN,
        "Total Expenses": NaN,
        "Total Operating Income As Reported": NaN,
        "Diluted Average Shares": NaN,
        "Basic Average Shares": NaN,
        "Diluted EPS": NaN,
        "Basic EPS": NaN,
        "Diluted NI Availto Com Stockholders": NaN,
        "Net Income Common Stockholders": NaN,
        "Net Income": NaN,
        "Minority Interests": NaN,
        "Net Income Including Noncontrolling Interests": NaN,
        "Net Income Continuous Operations": NaN,
        "Tax Provision": NaN,
        "Pretax Income": NaN,
        "Other Income Expense": NaN,
        "Other Non Operating Income Expenses": NaN,
        "Special Income Charges": NaN,
        "Gain On Sale Of Business": NaN,
        "Other Special Charges": 0.0,
        "Write Off": NaN,
        "Restructuring And Mergern Acquisition": NaN,
        "Net Non Operating Interest Income Expense": NaN,
        "Interest Expense Non Operating": NaN,
        "Interest Income Non Operating": 3000000.0,
        "Operating Income": NaN,
        "Operating Expense": NaN,
        "Depreciation Amortization Depletion Income Statement": NaN,
        "Depreciation And Amortization In Income Statement": NaN,
        "Amortization": NaN,
        "Amortization Of Intangibles Income Statement": NaN,
        "Research And Development": NaN,
        "Selling General And Administration": NaN,
        "Gross Profit": NaN,
        "Cost Of Revenue": NaN,
        "Total Revenue": NaN,
        "Operating Revenue": NaN
    },
    "2022-05-31": {
        "Tax Effect Of Unusual Items": -863309.352518,
        "Tax Rate For Calcs": 0.215827,
        "Normalized EBITDA": 569000000.0,
        "Total Unusual Items": -4000000.0,
        "Total Unusual Items Excluding Goodwill": -4000000.0,
        "Net Income From Continuing Operation Net Minority Interest": 218000000.0,
        "Reconciled Depreciation": 244000000.0,
        "Reconciled Cost Of Revenue": 7473000000.0,
        "EBIT": 321000000.0,
        "Net Interest Income": -39000000.0,
        "Interest Expense": 39000000.0,
        "Interest Income": 1000000.0,
        "Normalized Income": 221136690.647482,
        "Net Income From Continuing And Discontinued Operation": 218000000.0,
        "Total Expenses": 8007000000.0,
        "Total Operating Income As Reported": 321000000.0,
        "Diluted Average Shares": 143300000.0,
        "Basic Average Shares": 140400000.0,
        "Diluted EPS": 1.52,
        "Basic EPS": 1.55,
        "Diluted NI Availto Com Stockholders": 218000000.0,
        "Net Income Common Stockholders": 218000000.0,
        "Net Income": 218000000.0,
        "Minority Interests": 0.0,
        "Net Income Including Noncontrolling Interests": 218000000.0,
        "Net Income Continuous Operations": 218000000.0,
        "Tax Provision": 60000000.0,
        "Pretax Income": 278000000.0,
        "Other Income Expense": -4000000.0,
        "Other Non Operating Income Expenses": -1000000.0,
        "Special Income Charges": -4000000.0,
        "Other Special Charges": 4000000.0,
        "Write Off": NaN,
        "Restructuring And Mergern Acquisition": 0.0,
        "Net Non Operating Interest Income Expense": -39000000.0,
        "Total Other Finance Cost": 39000000.0,
        "Interest Expense Non Operating": 39000000.0,
        "Interest Income Non Operating": 1000000.0,
        "Operating Income": 321000000.0,
        "Operating Expense": 298000000.0,
        "Depreciation Amortization Depletion Income Statement": 8000000.0,
        "Depreciation And Amortization In Income Statement": 8000000.0,
        "Amortization": 8000000.0,
        "Amortization Of Intangibles Income Statement": 8000000.0,
        "Research And Development": 8000000.0,
        "Selling General And Administration": 282000000.0,
        "Gross Profit": 619000000.0,
        "Cost Of Revenue": 7709000000.0,
        "Total Revenue": 8328000000.0,
        "Operating Revenue": 8328000000.0
    },
    "2022-02-28": {
        "Diluted EPS": 1.51,
        "Total Revenue": NaN,
        "Gross Profit": 609,
        "Operating Income": 313,
        "EBIT": 568,
        "Net Income": 222
    },
    "2021-11-30": {
        "Diluted EPS": 1.63,
        "Total Revenue": NaN,
        "Gross Profit": 675,
        "Operating Income": 350,
        "EBIT": 619,
        "Net Income": 241
    },
    "2021-08-31": {
        "Diluted EPS": 1.16,
        "Total Revenue": NaN,
        "Gross Profit": 587,
        "Operating Income": 265,
        "EBIT": 411,
        "Net Income": 175
    },
    "2021-05-31": {
        "Diluted EPS": 1.12,
        "Total Revenue": NaN,
        "Gross Profit": 568,
        "Operating Income": 240,
        "EBIT": 477,
        "Net Income": 169
    },
    "2021-02-28": {
        "Diluted EPS": 0.99,
        "Total Revenue": NaN,
        "Gross Profit": 569,
        "Operating Income": 236,
        "EBIT": 480,
        "Net Income": 152
    },
    "2020-11-30": {
        "Diluted EPS": 1.31,
        "Total Revenue": NaN,
        "Gross Profit": 635,
        "Operating Income": 314,
        "EBIT": 563,
        "Net Income": 200
    },
    "2020-08-31": {
        "Diluted EPS": 0.45,
        "Total Revenue": NaN,
        "Gross Profit": 491,
        "Operating Income": 197,
        "EBIT": 392,
        "Net Income": 68
    },
    "2020-05-31": {
        "Diluted EPS": -0.34,
        "Total Revenue": NaN,
        "Gross Profit": 456,
        "Operating Income": 59,
        "EBIT": 258,
        "Net Income": -51
    },
    "2020-02-29": {
        "Diluted EPS": -0.02,
        "Total Revenue": NaN,
        "Gross Profit": 430,
        "Operating Income": 91,
        "EBIT": 290,
        "Net Income": -3
    },
    "2019-11-30": {
        "Diluted EPS": 0.26,
        "Total Revenue": NaN,
        "Gross Profit": 554,
        "Operating Income": 153,
        "EBIT": 356,
        "Net Income": 40
    },
    "2019-08-31": {
        "Diluted EPS": 0.34,
        "Total Revenue": NaN,
        "Gross Profit": 495,
        "Operating Income": 189,
        "EBIT": 386,
        "Net Income": 53
    },
    "2019-05-31": {
        "Diluted EPS": 0.28,
        "Total Revenue": NaN,
        "Gross Profit": 444,
        "Operating Income": 141,
        "EBIT": 334,
        "Net Income": 43
    },
    "2019-02-28": {
        "Diluted EPS": 0.43,
        "Total Revenue": NaN,
        "Gross Profit": 455,
        "Operating Income": 154,
        "EBIT": 347,
        "Net Income": 67
    },
    "2018-11-30": {
        "Diluted EPS": 0.76,
        "Total Revenue": NaN,
        "Gross Profit": 520,
        "Operating Income": 217,
        "EBIT": 406,
        "Net Income": 124
    },
    "2018-08-31": {
        "Diluted EPS": -0.32,
        "Total Revenue": NaN,
        "Gross Profit": 442,
        "Operating Income": 154,
        "EBIT": 344,
        "Net Income": -57
    },
    "2018-05-31": {
        "Diluted EPS": 0.25,
        "Total Revenue": NaN,
        "Gross Profit": 398,
        "Operating Income": 113,
        "EBIT": 314,
        "Net Income": 43
    },
    "2018-02-28": {
        "Diluted EPS": 0.21,
        "Total Revenue": NaN,
        "Gross Profit": 397,
        "Operating Income": 130,
        "EBIT": 317,
        "Net Income": 37
    },
    "2017-11-30": {
        "Diluted EPS": 0.35,
        "Total Revenue": NaN,
        "Gross Profit": 469,
        "Operating Income": 146,
        "EBIT": 340,
        "Net Income": 64
    },
    "2017-08-31": {
        "Diluted EPS": 0.25,
        "Total Revenue": NaN,
        "Gross Profit": 426,
        "Operating Income": 118,
        "EBIT": 308,
        "Net Income": 46
    },
    "2017-05-31": {
        "Diluted EPS": -0.14,
        "Total Revenue": NaN,
        "Gross Profit": 326,
        "Operating Income": 43,
        "EBIT": 234,
        "Net Income": -25
    },
    "2017-02-28": {
        "Diluted EPS": 0.11,
        "Total Revenue": NaN,
        "Gross Profit": 362,
        "Operating Income": 83,
        "EBIT": 275,
        "Net Income": 21
    },
    "2016-11-30": {
        "Diluted EPS": 0.47,
        "Total Revenue": NaN,
        "Gross Profit": 432,
        "Operating Income": 166,
        "EBIT": 355,
        "Net Income": 88
    },
    "2016-08-31": {
        "Diluted EPS": 0.2,
        "Total Revenue": NaN,
        "Gross Profit": 324,
        "Operating Income": 94,
        "EBIT": 278,
        "Net Income": 38
    },
    "2016-05-31": {
        "Diluted EPS": 0.03,
        "Total Revenue": NaN,
        "Gross Profit": 321,
        "Operating Income": 60,
        "EBIT": 243,
        "Net Income": 5
    },
    "2016-02-29": {
        "Diluted EPS": 0.41,
        "Total Revenue": NaN,
        "Gross Profit": 399,
        "Operating Income": 155,
        "EBIT": 323,
        "Net Income": 79
    },
    "2015-11-30": {
        "Diluted EPS": 0.68,
        "Total Revenue": NaN,
        "Gross Profit": 484,
        "Operating Income": 215,
        "EBIT": 376,
        "Net Income": 132
    },
    "2015-08-31": {
        "Diluted EPS": 0.44,
        "Total Revenue": NaN,
        "Gross Profit": 377,
        "Operating Income": 150,
        "EBIT": 294,
        "Net Income": 88
    },
    "2015-05-31": {
        "Diluted EPS": 0.37,
        "Total Revenue": NaN,
        "Gross Profit": 376,
        "Operating Income": 135,
        "EBIT": 271,
        "Net Income": 72
    },
    "2015-02-28": {
        "Diluted EPS": 0.27,
        "Total Revenue": NaN,
        "Gross Profit": 368,
        "Operating Income": 125,
        "EBIT": 252,
        "Net Income": 52
    },
    "2014-11-30": {
        "Diluted EPS": 0.37,
        "Total Revenue": NaN,
        "Gross Profit": 383,
        "Operating Income": 145,
        "EBIT": 267,
        "Net Income": 72
    },
    "2014-08-31": {
        "Diluted EPS": -0.12,
        "Total Revenue": NaN,
        "Gross Profit": 262,
        "Operating Income": 47,
        "EBIT": 167,
        "Net Income": -26
    },
    "2014-05-31": {
        "Diluted EPS": 0.93,
        "Total Revenue": NaN,
        "Gross Profit": 216,
        "Operating Income": -2,
        "EBIT": 118,
        "Net Income": 188
    },
    "2014-02-28": {
        "Diluted EPS": -0.19,
        "Total Revenue": NaN,
        "Gross Profit": 213,
        "Operating Income": 4,
        "EBIT": 125,
        "Net Income": -39
    },
    "2013-11-30": {
        "Diluted EPS": 0.57,
        "Total Revenue": NaN,
        "Gross Profit": 334,
        "Operating Income": 155,
        "EBIT": 281,
        "Net Income": 118
    },
    "2013-08-31": {
        "Diluted EPS": 0.61,
        "Total Revenue": NaN,
        "Gross Profit": 276,
        "Operating Income": 56,
        "EBIT": 178,
        "Net Income": 127
    },
    "2013-05-31": {
        "Diluted EPS": 0.24,
        "Total Revenue": NaN,
        "Gross Profit": 298,
        "Operating Income": 93,
        "EBIT": 194,
        "Net Income": 50
    },
    "2013-02-28": {
        "Diluted EPS": 0.43,
        "Total Revenue": NaN,
        "Gross Profit": 289,
        "Operating Income": 133,
        "EBIT": 233,
        "Net Income": 89
    },
    "2012-11-30": {
        "Diluted EPS": 0.51,
        "Total Revenue": NaN,
        "Gross Profit": 351,
        "Operating Income": 170,
        "EBIT": 265,
        "Net Income": 106
    },
    "2012-08-31": {
        "Diluted EPS": 0.39,
        "Total Revenue": NaN,
        "Gross Profit": 169,
        "Operating Income": 72,
        "EBIT": 163,
        "Net Income": 83
    },
    "2012-05-31": {
        "Diluted EPS": 0.48,
        "Total Revenue": NaN,
        "Gross Profit": 329,
        "Operating Income": 157,
        "EBIT": 245,
        "Net Income": 101
    },
    "2012-02-29": {
        "Diluted EPS": 0.46,
        "Total Revenue": NaN,
        "Gross Profit": 322,
        "Operating Income": 150,
        "EBIT": 238,
        "Net Income": 98
    },
    "2011-11-30": {
        "Diluted EPS": 0.54,
        "Total Revenue": NaN,
        "Gross Profit": 340,
        "Operating Income": 171,
        "EBIT": 257,
        "Net Income": 113
    },
    "2011-08-31": {
        "Diluted EPS": 0.52,
        "Total Revenue": NaN,
        "Gross Profit": 329,
        "Operating Income": 166,
        "EBIT": 250,
        "Net Income": 114
    },
    "2011-05-31": {
        "Diluted EPS": 0.47,
        "Total Revenue": NaN,
        "Gross Profit": 318,
        "Operating Income": 153,
        "EBIT": 235,
        "Net Income": 105
    },
    "2011-02-28": {
        "Diluted EPS": 0.25,
        "Total Revenue": NaN,
        "Gross Profit": 296,
        "Operating Income": 105,
        "EBIT": 182,
        "Net Income": 55
    },
    "2010-11-30": {
        "Diluted EPS": 0.49,
        "Total Revenue": NaN,
        "Gross Profit": 311,
        "Operating Income": 156,
        "EBIT": 231,
        "Net Income": 107
    },
    "2010-08-31": {
        "Diluted EPS": 0.27,
        "Total Revenue": NaN,
        "Gross Profit": 288,
        "Operating Income": 103,
        "EBIT": 169,
        "Net Income": 59
    },
    "2010-05-31": {
        "Diluted EPS": 0.24,
        "Total Revenue": NaN,
        "Gross Profit": 262,
        "Operating Income": 97,
        "EBIT": 168,
        "Net Income": 52
    },
    "2010-02-28": {
        "Diluted EPS": 0.14,
        "Total Revenue": NaN,
        "Gross Profit": 223,
        "Operating Income": 62,
        "EBIT": 133,
        "Net Income": 30
    },
    "2009-11-30": {
        "Diluted EPS": 0.13,
        "Total Revenue": NaN,
        "Gross Profit": 232,
        "Operating Income": 66,
        "EBIT": 141,
        "Net Income": 28
    },
    "2009-08-31": {
        "Diluted EPS": 0.04,
        "Total Revenue": NaN,
        "Gross Profit": 191,
        "Operating Income": 43,
        "EBIT": 114,
        "Net Income": 6
    },
    "2009-05-31": {
        "Diluted EPS": -0.14,
        "Total Revenue": NaN,
        "Gross Profit": 149,
        "Operating Income": -8,
        "EBIT": 65,
        "Net Income": -29
    },
    "2009-02-28": {
        "Diluted EPS": -4.19,
        "Total Revenue": NaN,
        "Gross Profit": 156,
        "Operating Income": -706,
        "EBIT": 75,
        "Net Income": -866
    },
    "2023-08-31": {
        "Tax Effect Of Unusual Items": -2520000.0,
        "Tax Rate For Calcs": 0.21,
        "Normalized EBITDA": 544000000.0,
        "Total Unusual Items": -12000000.0,
        "Total Unusual Items Excluding Goodwill": -12000000.0,
        "Net Income From Continuing Operation Net Minority Interest": 155000000.0,
        "Reconciled Depreciation": 172000000.0,
        "Reconciled Cost Of Revenue": 7529000000.0,
        "EBITDA": 532000000.0,
        "EBIT": 360000000.0,
        "Net Interest Income": -52000000.0,
        "Interest Expense": -10000000.0,
        "Interest Income": NaN,
        "Normalized Income": 164480000.0,
        "Net Income From Continuing And Discontinued Operation": 155000000.0,
        "Total Expenses": 8005000000.0,
        "Total Operating Income As Reported": 441000000.0,
        "Diluted Average Shares": 134100000.0,
        "Basic Average Shares": 131200000.0,
        "Diluted EPS": 1.15,
        "Basic EPS": 1.18,
        "Diluted NI Availto Com Stockholders": 155000000.0,
        "Net Income Common Stockholders": 155000000.0,
        "Net Income": 155000000.0,
        "Minority Interests": 0.0,
        "Net Income Including Noncontrolling Interests": 155000000.0,
        "Net Income Continuous Operations": 155000000.0,
        "Tax Provision": 215000000.0,
        "Pretax Income": 370000000.0,
        "Other Income Expense": -31000000.0,
        "Other Non Operating Income Expenses": -19000000.0,
        "Special Income Charges": -12000000.0,
        "Gain On Sale Of Business": NaN,
        "Write Off": NaN,
        "Restructuring And Mergern Acquisition": 7000000.0,
        "Net Non Operating Interest Income Expense": -52000000.0,
        "Interest Expense Non Operating": -10000000.0,
        "Interest Income Non Operating": NaN,
        "Operating Income": 453000000.0,
        "Operating Expense": 313000000.0,
        "Depreciation Amortization Depletion Income Statement": 9000000.0,
        "Depreciation And Amortization In Income Statement": 9000000.0,
        "Amortization": 9000000.0,
        "Amortization Of Intangibles Income Statement": 9000000.0,
        "Research And Development": 9000000.0,
        "Selling General And Administration": 295000000.0,
        "Gross Profit": 766000000.0,
        "Cost Of Revenue": 7692000000.0,
        "Total Revenue": 8458000000.0,
        "Operating Revenue": 8458000000.0
    },
    "2023-11-30": {
        "Tax Effect Of Unusual Items": -24992000.0,
        "Tax Rate For Calcs": 0.176,
        "Normalized EBITDA": 630000000.0,
        "Total Unusual Items": -142000000.0,
        "Total Unusual Items Excluding Goodwill": -142000000.0,
        "Net Income From Continuing Operation Net Minority Interest": 194000000.0,
        "Reconciled Depreciation": 206000000.0,
        "Reconciled Cost Of Revenue": 7412000000.0,
        "EBITDA": 488000000.0,
        "EBIT": 282000000.0,
        "Net Interest Income": -47000000.0,
        "Interest Expense": 47000000.0,
        "Interest Income": NaN,
        "Normalized Income": 311008000.0,
        "Net Income From Continuing And Discontinued Operation": 194000000.0,
        "Total Expenses": 7942000000.0,
        "Total Operating Income As Reported": 303000000.0,
        "Diluted Average Shares": 132100000.0,
        "Basic Average Shares": 129600000.0,
        "Diluted EPS": 1.47,
        "Basic EPS": 1.49,
        "Diluted NI Availto Com Stockholders": 194000000.0,
        "Net Income Common Stockholders": 194000000.0,
        "Net Income": 194000000.0,
        "Minority Interests": 0.0,
        "Net Income Including Noncontrolling Interests": 194000000.0,
        "Net Income Continuous Operations": 194000000.0,
        "Tax Provision": 41000000.0,
        "Pretax Income": 235000000.0,
        "Other Income Expense": -163000000.0,
        "Other Non Operating Income Expenses": -21000000.0,
        "Special Income Charges": -142000000.0,
        "Gain On Sale Of Business": -15000000.0,
        "Write Off": NaN,
        "Restructuring And Mergern Acquisition": 127000000.0,
        "Net Non Operating Interest Income Expense": -47000000.0,
        "Interest Expense Non Operating": 47000000.0,
        "Interest Income Non Operating": NaN,
        "Operating Income": 445000000.0,
        "Operating Expense": 330000000.0,
        "Depreciation Amortization Depletion Income Statement": 6000000.0,
        "Depreciation And Amortization In Income Statement": 6000000.0,
        "Amortization": 6000000.0,
        "Amortization Of Intangibles Income Statement": 6000000.0,
        "Research And Development": 10000000.0,
        "Selling General And Administration": 314000000.0,
        "Gross Profit": 775000000.0,
        "Cost Of Revenue": 7612000000.0,
        "Total Revenue": 8387000000.0,
        "Operating Revenue": 8387000000.0
    },
    "2024-02-29": {
        "Tax Effect Of Unusual Items": 105156000.0,
        "Tax Rate For Calcs": 0.127,
        "Normalized EBITDA": 431000000.0,
        "Total Unusual Items": 828000000.0,
        "Total Unusual Items Excluding Goodwill": 828000000.0,
        "Net Income From Continuing Operation Net Minority Interest": 927000000.0,
        "Reconciled Depreciation": 150000000.0,
        "Reconciled Cost Of Revenue": 5996000000.0,
        "EBITDA": 1259000000.0,
        "EBIT": 1109000000.0,
        "Net Interest Income": -47000000.0,
        "Interest Expense": 47000000.0,
        "Interest Income": NaN,
        "Normalized Income": 204156000.0,
        "Net Income From Continuing And Discontinued Operation": 927000000.0,
        "Total Expenses": 6464000000.0,
        "Total Operating Income As Reported": 1131000000.0,
        "Diluted Average Shares": 126900000.0,
        "Basic Average Shares": 125200000.0,
        "Diluted EPS": 7.31,
        "Basic EPS": 7.41,
        "Diluted NI Availto Com Stockholders": 927000000.0,
        "Net Income Common Stockholders": 927000000.0,
        "Net Income": 927000000.0,
        "Minority Interests": 0.0,
        "Net Income Including Noncontrolling Interests": 927000000.0,
        "Net Income Continuous Operations": 927000000.0,
        "Tax Provision": 135000000.0,
        "Pretax Income": 1062000000.0,
        "Other Income Expense": 806000000.0,
        "Other Non Operating Income Expenses": -22000000.0,
        "Special Income Charges": 828000000.0,
        "Gain On Sale Of Business": 944000000.0,
        "Write Off": 33000000.0,
        "Restructuring And Mergern Acquisition": 83000000.0,
        "Net Non Operating Interest Income Expense": -47000000.0,
        "Interest Expense Non Operating": 47000000.0,
        "Interest Income Non Operating": NaN,
        "Operating Income": 303000000.0,
        "Operating Expense": 327000000.0,
        "Depreciation Amortization Depletion Income Statement": 9000000.0,
        "Depreciation And Amortization In Income Statement": 9000000.0,
        "Amortization": 9000000.0,
        "Amortization Of Intangibles Income Statement": 9000000.0,
        "Research And Development": 10000000.0,
        "Selling General And Administration": 308000000.0,
        "Gross Profit": 630000000.0,
        "Cost Of Revenue": 6137000000.0,
        "Total Revenue": 6767000000.0,
        "Operating Revenue": 6767000000.0
    },
    "2024-05-31": {
        "Tax Effect Of Unusual Items": -20706000.0,
        "Tax Rate For Calcs": 0.357,
        "Normalized EBITDA": 498000000.0,
        "Total Unusual Items": -58000000.0,
        "Total Unusual Items Excluding Goodwill": -58000000.0,
        "Net Income From Continuing Operation Net Minority Interest": 129000000.0,
        "Reconciled Depreciation": 201000000.0,
        "Reconciled Cost Of Revenue": 5968000000.0,
        "EBITDA": 440000000.0,
        "EBIT": 239000000.0,
        "Net Interest Income": -38000000.0,
        "Interest Expense": 38000000.0,
        "Interest Income": NaN,
        "Normalized Income": 166294000.0,
        "Net Income From Continuing And Discontinued Operation": 129000000.0,
        "Total Expenses": 6446000000.0,
        "Total Operating Income As Reported": 261000000.0,
        "Diluted Average Shares": 121700000.0,
        "Basic Average Shares": 119900000.0,
        "Diluted EPS": 1.06,
        "Basic EPS": 1.08,
        "Diluted NI Availto Com Stockholders": 129000000.0,
        "Net Income Common Stockholders": 129000000.0,
        "Net Income": 129000000.0,
        "Minority Interests": 0.0,
        "Net Income Including Noncontrolling Interests": 129000000.0,
        "Net Income Continuous Operations": 129000000.0,
        "Tax Provision": 72000000.0,
        "Pretax Income": 201000000.0,
        "Other Income Expense": -80000000.0,
        "Other Non Operating Income Expenses": -22000000.0,
        "Special Income Charges": -58000000.0,
        "Gain On Sale Of Business": 0.0,
        "Write Off": NaN,
        "Restructuring And Mergern Acquisition": 58000000.0,
        "Net Non Operating Interest Income Expense": -38000000.0,
        "Interest Expense Non Operating": 38000000.0,
        "Interest Income Non Operating": NaN,
        "Operating Income": 319000000.0,
        "Operating Expense": 289000000.0,
        "Depreciation Amortization Depletion Income Statement": 12000000.0,
        "Depreciation And Amortization In Income Statement": 12000000.0,
        "Amortization": 12000000.0,
        "Amortization Of Intangibles Income Statement": 12000000.0,
        "Research And Development": 9000000.0,
        "Selling General And Administration": 268000000.0,
        "Gross Profit": 608000000.0,
        "Cost Of Revenue": 6157000000.0,
        "Total Revenue": 6765000000.0,
        "Operating Revenue": 6765000000.0
    },
    "2024-08-31": {
        "Tax Effect Of Unusual Items": -10920000.0,
        "Tax Rate For Calcs": 0.21,
        "Normalized EBITDA": 485000000.0,
        "Total Unusual Items": -52000000.0,
        "Total Unusual Items Excluding Goodwill": -52000000.0,
        "Net Income From Continuing Operation Net Minority Interest": 138000000.0,
        "Reconciled Depreciation": 139000000.0,
        "Reconciled Cost Of Revenue": 6175000000.0,
        "EBITDA": 433000000.0,
        "EBIT": 294000000.0,
        "Net Interest Income": -41000000.0,
        "Interest Expense": 41000000.0,
        "Interest Income": NaN,
        "Normalized Income": 179080000.0,
        "Net Income From Continuing And Discontinued Operation": 138000000.0,
        "Total Expenses": 6594000000.0,
        "Total Operating Income As Reported": 318000000.0,
        "Diluted Average Shares": NaN,
        "Basic Average Shares": NaN,
        "Diluted EPS": NaN,
        "Basic EPS": NaN,
        "Diluted NI Availto Com Stockholders": 138000000.0,
        "Net Income Common Stockholders": 138000000.0,
        "Net Income": 138000000.0,
        "Minority Interests": 0.0,
        "Net Income Including Noncontrolling Interests": 138000000.0,
        "Net Income Continuous Operations": 138000000.0,
        "Tax Provision": 115000000.0,
        "Pretax Income": 253000000.0,
        "Other Income Expense": -76000000.0,
        "Other Non Operating Income Expenses": -24000000.0,
        "Special Income Charges": -52000000.0,
        "Gain On Sale Of Business": -2000000.0,
        "Write Off": NaN,
        "Restructuring And Mergern Acquisition": -29000000.0,
        "Net Non Operating Interest Income Expense": -41000000.0,
        "Interest Expense Non Operating": 41000000.0,
        "Interest Income Non Operating": NaN,
        "Operating Income": 370000000.0,
        "Operating Expense": 293000000.0,
        "Depreciation Amortization Depletion Income Statement": 13000000.0,
        "Depreciation And Amortization In Income Statement": 13000000.0,
        "Amortization": 13000000.0,
        "Amortization Of Intangibles Income Statement": 13000000.0,
        "Research And Development": 10000000.0,
        "Selling General And Administration": 270000000.0,
        "Gross Profit": 663000000.0,
        "Cost Of Revenue": 6301000000.0,
        "Total Revenue": 6964000000.0,
        "Operating Revenue": 6964000000.0
    }
}