{
    "2023-03-31": {
        "Tax Effect Of Unusual Items": -30323308.270677,
        "Tax Rate For Calcs": 0.278195,
        "Normalized EBITDA": -111000000.0,
        "Total Unusual Items": -109000000.0,
        "Total Unusual Items Excluding Goodwill": -109000000.0,
        "Net Income From Continuing Operation Net Minority Interest": -192000000.0,
        "Reconciled Depreciation": 151000000.0,
        "Reconciled Cost Of Revenue": 2025000000.0,
        "EBITDA": -220000000.0,
        "EBIT": -220000000.0,
        "Net Interest Income": -29000000.0,
        "Interest Expense": 46000000.0,
        "Interest Income": 17000000.0,
        "Normalized Income": -113323308.270677,
        "Net Income From Continuing And Discontinued Operation": -192000000.0,
        "Total Expenses": 2458000000.0,
        "Rent Expense Supplemental": 192000000.0,
        "Total Operating Income As Reported": -242000000.0,
        "Diluted Average Shares": 327600000.0,
        "Basic Average Shares": 327600000.0,
        "Diluted EPS": -0.58,
        "Basic EPS": -0.58,
        "Diluted NI Availto Com Stockholders": -192000000.0,
        "Net Income Common Stockholders": -192000000.0,
        "Net Income": -192000000.0,
        "Net Income Including Noncontrolling Interests": -192000000.0,
        "Net Income Continuous Operations": -192000000.0,
        "Tax Provision": -74000000.0,
        "Pretax Income": -266000000.0,
        "Other Income Expense": -107000000.0,
        "Other Non Operating Income Expenses": 2000000.0,
        "Special Income Charges": -112000000.0,
        "Other Special Charges": 112000000.0,
        "Impairment Of Capital Assets": NaN,
        "Restructuring And Mergern Acquisition": 17000000.0,
        "Gain On Sale Of Security": 3000000.0,
        "Net Non Operating Interest Income Expense": -29000000.0,
        "Interest Expense Non Operating": 46000000.0,
        "Interest Income Non Operating": 17000000.0,
        "Operating Income": -130000000.0,
        "Operating Expense": 433000000.0,
        "Other Operating Expenses": 357000000.0,
        "Selling General And Administration": 76000000.0,
        "Selling And Marketing Expense": 76000000.0,
        "Gross Profit": 303000000.0,
        "Cost Of Revenue": 2025000000.0,
        "Total Revenue": 2328000000.0,
        "Operating Revenue": 2182000000.0
    },
    "2022-12-31": {
        "Tax Effect Of Unusual Items": -13020000.0,
        "Tax Rate For Calcs": 0.21,
        "Normalized EBITDA": 114000000.0,
        "Total Unusual Items": -62000000.0,
        "Total Unusual Items Excluding Goodwill": -62000000.0,
        "Net Income From Continuing Operation Net Minority Interest": 24000000.0,
        "Reconciled Depreciation": 150000000.0,
        "Reconciled Cost Of Revenue": 1900000000.0,
        "EBITDA": 52000000.0,
        "EBIT": 52000000.0,
        "Net Interest Income": -30000000.0,
        "Interest Expense": 45000000.0,
        "Interest Income": 15000000.0,
        "Normalized Income": 72980000.0,
        "Net Income From Continuing And Discontinued Operation": 24000000.0,
        "Total Expenses": 2315000000.0,
        "Rent Expense Supplemental": 163000000.0,
        "Total Operating Income As Reported": 43000000.0,
        "Diluted Average Shares": 327800000.0,
        "Basic Average Shares": 326400000.0,
        "Diluted EPS": 0.07,
        "Basic EPS": 0.07,
        "Diluted NI Availto Com Stockholders": 24000000.0,
        "Net Income Common Stockholders": 24000000.0,
        "Net Income": 24000000.0,
        "Net Income Including Noncontrolling Interests": 24000000.0,
        "Net Income Continuous Operations": 24000000.0,
        "Tax Provision": -17000000.0,
        "Pretax Income": 7000000.0,
        "Other Income Expense": -63000000.0,
        "Other Non Operating Income Expenses": -1000000.0,
        "Special Income Charges": -57000000.0,
        "Other Special Charges": 57000000.0,
        "Impairment Of Capital Assets": NaN,
        "Restructuring And Mergern Acquisition": 8000000.0,
        "Gain On Sale Of Security": -5000000.0,
        "Net Non Operating Interest Income Expense": -30000000.0,
        "Interest Expense Non Operating": 45000000.0,
        "Interest Income Non Operating": 15000000.0,
        "Operating Income": 100000000.0,
        "Operating Expense": 415000000.0,
        "Other Operating Expenses": 342000000.0,
        "Selling General And Administration": 73000000.0,
        "Selling And Marketing Expense": 73000000.0,
        "Gross Profit": 515000000.0,
        "Cost Of Revenue": 1900000000.0,
        "Total Revenue": 2415000000.0,
        "Operating Revenue": 2267000000.0
    },
    "2022-09-30": {
        "Tax Effect Of Unusual Items": -2730000.0,
        "Tax Rate For Calcs": 0.21,
        "Normalized EBITDA": 162000000.0,
        "Total Unusual Items": -13000000.0,
        "Total Unusual Items Excluding Goodwill": -13000000.0,
        "Net Income From Continuing Operation Net Minority Interest": 57000000.0,
        "Reconciled Depreciation": 147000000.0,
        "Reconciled Cost Of Revenue": 1986000000.0,
        "EBITDA": 149000000.0,
        "EBIT": 149000000.0,
        "Net Interest Income": -33000000.0,
        "Interest Expense": 44000000.0,
        "Interest Income": 11000000.0,
        "Normalized Income": 67270000.0,
        "Net Income From Continuing And Discontinued Operation": 57000000.0,
        "Total Expenses": 2410000000.0,
        "Rent Expense Supplemental": 161000000.0,
        "Total Operating Income As Reported": 139000000.0,
        "Diluted Average Shares": 325000000.0,
        "Basic Average Shares": 323900000.0,
        "Diluted EPS": 0.18,
        "Basic EPS": 0.18,
        "Diluted NI Availto Com Stockholders": 57000000.0,
        "Net Income Common Stockholders": 57000000.0,
        "Net Income": 57000000.0,
        "Net Income Including Noncontrolling Interests": 57000000.0,
        "Net Income Continuous Operations": 57000000.0,
        "Tax Provision": 48000000.0,
        "Pretax Income": 105000000.0,
        "Other Income Expense": -14000000.0,
        "Other Non Operating Income Expenses": -1000000.0,
        "Special Income Charges": -13000000.0,
        "Other Special Charges": 13000000.0,
        "Impairment Of Capital Assets": 0.0,
        "Restructuring And Mergern Acquisition": 13000000.0,
        "Gain On Sale Of Security": NaN,
        "Net Non Operating Interest Income Expense": -33000000.0,
        "Interest Expense Non Operating": 44000000.0,
        "Interest Income Non Operating": 11000000.0,
        "Operating Income": 152000000.0,
        "Operating Expense": 424000000.0,
        "Other Operating Expenses": 343000000.0,
        "Selling General And Administration": 81000000.0,
        "Selling And Marketing Expense": 81000000.0,
        "Gross Profit": 576000000.0,
        "Cost Of Revenue": 1986000000.0,
        "Total Revenue": 2562000000.0,
        "Operating Revenue": 2415000000.0
    },
    "2022-06-30": {
        "Tax Effect Of Unusual Items": -19600000.0,
        "Tax Rate For Calcs": 0.4,
        "Normalized EBITDA": -62000000.0,
        "Total Unusual Items": -49000000.0,
        "Total Unusual Items Excluding Goodwill": -49000000.0,
        "Net Income From Continuing Operation Net Minority Interest": -188000000.0,
        "Reconciled Depreciation": 145000000.0,
        "Reconciled Cost Of Revenue": 2088000000.0,
        "EBITDA": -111000000.0,
        "EBIT": -111000000.0,
        "Net Interest Income": -32000000.0,
        "Interest Expense": 40000000.0,
        "Interest Income": 8000000.0,
        "Normalized Income": -158600000.0,
        "Net Income From Continuing And Discontinued Operation": -188000000.0,
        "Total Expenses": 2514000000.0,
        "Rent Expense Supplemental": 176000000.0,
        "Total Operating Income As Reported": -113000000.0,
        "Diluted Average Shares": 323100000.0,
        "Basic Average Shares": 323100000.0,
        "Diluted EPS": -0.58,
        "Basic EPS": -0.58,
        "Diluted NI Availto Com Stockholders": -188000000.0,
        "Net Income Common Stockholders": -188000000.0,
        "Net Income": -188000000.0,
        "Net Income Including Noncontrolling Interests": -188000000.0,
        "Net Income Continuous Operations": -188000000.0,
        "Tax Provision": 37000000.0,
        "Pretax Income": -151000000.0,
        "Other Income Expense": -50000000.0,
        "Other Non Operating Income Expenses": -1000000.0,
        "Special Income Charges": -44000000.0,
        "Other Special Charges": 44000000.0,
        "Impairment Of Capital Assets": 5000000.0,
        "Restructuring And Mergern Acquisition": 7000000.0,
        "Gain On Sale Of Security": -5000000.0,
        "Net Non Operating Interest Income Expense": -32000000.0,
        "Interest Expense Non Operating": 40000000.0,
        "Interest Income Non Operating": 8000000.0,
        "Operating Income": -69000000.0,
        "Operating Expense": 426000000.0,
        "Other Operating Expenses": 348000000.0,
        "Selling General And Administration": 78000000.0,
        "Selling And Marketing Expense": 78000000.0,
        "Gross Profit": 357000000.0,
        "Cost Of Revenue": 2088000000.0,
        "Total Revenue": 2445000000.0,
        "Operating Revenue": 2302000000.0
    },
    "2023-06-30": {
        "Tax Effect Of Unusual Items": -7222222.222222,
        "Tax Rate For Calcs": 0.361111,
        "Normalized EBITDA": 283000000.0,
        "Total Unusual Items": -20000000.0,
        "Total Unusual Items Excluding Goodwill": -20000000.0,
        "Net Income From Continuing Operation Net Minority Interest": 138000000.0,
        "Reconciled Depreciation": 155000000.0,
        "Reconciled Cost Of Revenue": 1893000000.0,
        "EBITDA": 263000000.0,
        "EBIT": 263000000.0,
        "Net Interest Income": -24000000.0,
        "Interest Expense": 47000000.0,
        "Interest Income": 23000000.0,
        "Normalized Income": 150777777.777778,
        "Net Income From Continuing And Discontinued Operation": 138000000.0,
        "Total Expenses": 2351000000.0,
        "Rent Expense Supplemental": 197000000.0,
        "Total Operating Income As Reported": 235000000.0,
        "Diluted Average Shares": 333600000.0,
        "Basic Average Shares": 331900000.0,
        "Diluted EPS": 0.41,
        "Basic EPS": 0.41,
        "Diluted NI Availto Com Stockholders": 138000000.0,
        "Net Income Common Stockholders": 138000000.0,
        "Net Income": 138000000.0,
        "Net Income Including Noncontrolling Interests": 138000000.0,
        "Net Income Continuous Operations": 138000000.0,
        "Tax Provision": 78000000.0,
        "Pretax Income": 216000000.0,
        "Other Income Expense": -19000000.0,
        "Other Non Operating Income Expenses": 1000000.0,
        "Special Income Charges": -24000000.0,
        "Other Special Charges": 24000000.0,
        "Impairment Of Capital Assets": 0.0,
        "Restructuring And Mergern Acquisition": 24000000.0,
        "Gain On Sale Of Security": 4000000.0,
        "Net Non Operating Interest Income Expense": -24000000.0,
        "Interest Expense Non Operating": 47000000.0,
        "Interest Income Non Operating": 23000000.0,
        "Operating Income": 259000000.0,
        "Operating Expense": 458000000.0,
        "Other Operating Expenses": 376000000.0,
        "Selling General And Administration": 82000000.0,
        "Selling And Marketing Expense": 82000000.0,
        "Gross Profit": 717000000.0,
        "Cost Of Revenue": 1893000000.0,
        "Total Revenue": 2610000000.0,
        "Operating Revenue": 2460000000.0
    },
    "2022-03-31": {
        "Diluted EPS": -0.79,
        "Total Revenue": NaN,
        "Gross Profit": 855,
        "Operating Income": -367,
        "EBIT": -224,
        "Net Income": -255
    },
    "2021-12-31": {
        "Diluted EPS": -0.39,
        "Total Revenue": NaN,
        "Gross Profit": NaN,
        "Operating Income": -119,
        "EBIT": 23,
        "Net Income": -129
    },
    "2021-09-30": {
        "Diluted EPS": 0.4,
        "Total Revenue": NaN,
        "Gross Profit": NaN,
        "Operating Income": 186,
        "EBIT": 326,
        "Net Income": 130
    },
    "2021-06-30": {
        "Diluted EPS": 0.2,
        "Total Revenue": NaN,
        "Gross Profit": 799,
        "Operating Income": 147,
        "EBIT": 280,
        "Net Income": 64
    },
    "2021-03-31": {
        "Diluted EPS": -0.78,
        "Total Revenue": 733,
        "Gross Profit": 296,
        "Operating Income": -294,
        "EBIT": -169,
        "Net Income": -247
    },
    "2020-12-31": {
        "Diluted EPS": -1.29,
        "Total Revenue": 662,
        "Gross Profit": 305,
        "Operating Income": -454,
        "EBIT": -326,
        "Net Income": -373
    },
    "2020-09-30": {
        "Diluted EPS": -1.44,
        "Total Revenue": 492,
        "Gross Profit": 172,
        "Operating Income": -516,
        "EBIT": -388,
        "Net Income": -393
    },
    "2020-06-30": {
        "Diluted EPS": -1.18,
        "Total Revenue": 215,
        "Gross Profit": 35,
        "Operating Income": -410,
        "EBIT": -270,
        "Net Income": -320
    },
    "2020-03-31": {
        "Diluted EPS": -0.97,
        "Total Revenue": NaN,
        "Gross Profit": 930,
        "Operating Income": -334,
        "EBIT": -195,
        "Net Income": -268
    },
    "2019-12-31": {
        "Diluted EPS": 0.55,
        "Total Revenue": NaN,
        "Gross Profit": NaN,
        "Operating Income": 227,
        "EBIT": 367,
        "Net Income": 161
    },
    "2019-09-30": {
        "Diluted EPS": 0.63,
        "Total Revenue": NaN,
        "Gross Profit": NaN,
        "Operating Income": 247,
        "EBIT": 381,
        "Net Income": 187
    },
    "2019-06-30": {
        "Diluted EPS": 0.59,
        "Total Revenue": NaN,
        "Gross Profit": NaN,
        "Operating Income": 250,
        "EBIT": 377,
        "Net Income": 179
    },
    "2019-03-31": {
        "Diluted EPS": 0.14,
        "Total Revenue": NaN,
        "Gross Profit": NaN,
        "Operating Income": 76,
        "EBIT": 200,
        "Net Income": 42
    },
    "2018-12-31": {
        "Diluted EPS": 0.55,
        "Total Revenue": NaN,
        "Gross Profit": NaN,
        "Operating Income": 215,
        "EBIT": 340,
        "Net Income": 170
    },
    "2018-09-30": {
        "Diluted EPS": 0.16,
        "Total Revenue": NaN,
        "Gross Profit": NaN,
        "Operating Income": 78,
        "EBIT": 196,
        "Net Income": 50
    },
    "2018-06-30": {
        "Diluted EPS": -0.39,
        "Total Revenue": NaN,
        "Gross Profit": NaN,
        "Operating Income": -152,
        "EBIT": -37,
        "Net Income": -121
    },
    "2018-03-31": {
        "Diluted EPS": 0.28,
        "Total Revenue": NaN,
        "Gross Profit": NaN,
        "Operating Income": 125,
        "EBIT": 236,
        "Net Income": 90
    },
    "2017-12-31": {
        "Diluted EPS": 2.04,
        "Total Revenue": NaN,
        "Gross Profit": NaN,
        "Operating Income": 170,
        "EBIT": 266,
        "Net Income": 670
    },
    "2017-09-30": {
        "Diluted EPS": 0.55,
        "Total Revenue": NaN,
        "Gross Profit": NaN,
        "Operating Income": 314,
        "EBIT": 428,
        "Net Income": 181
    },
    "2017-06-30": {
        "Diluted EPS": 0.62,
        "Total Revenue": NaN,
        "Gross Profit": NaN,
        "Operating Income": 347,
        "EBIT": 456,
        "Net Income": 207
    },
    "2017-03-31": {
        "Diluted EPS": 0.24,
        "Total Revenue": NaN,
        "Gross Profit": NaN,
        "Operating Income": 142,
        "EBIT": 247,
        "Net Income": 82
    },
    "2016-12-31": {
        "Diluted EPS": 0.41,
        "Total Revenue": NaN,
        "Gross Profit": NaN,
        "Operating Income": 244,
        "EBIT": 348,
        "Net Income": 140
    },
    "2016-09-30": {
        "Diluted EPS": 0.58,
        "Total Revenue": NaN,
        "Gross Profit": NaN,
        "Operating Income": 354,
        "EBIT": 455,
        "Net Income": 199
    },
    "2016-06-30": {
        "Diluted EPS": 0.53,
        "Total Revenue": NaN,
        "Gross Profit": NaN,
        "Operating Income": 313,
        "EBIT": 410,
        "Net Income": 181
    },
    "2016-03-31": {
        "Diluted EPS": 0.61,
        "Total Revenue": NaN,
        "Gross Profit": NaN,
        "Operating Income": 349,
        "EBIT": 440,
        "Net Income": 207
    },
    "2015-12-31": {
        "Diluted EPS": 0.56,
        "Total Revenue": NaN,
        "Gross Profit": NaN,
        "Operating Income": 330,
        "EBIT": 423,
        "Net Income": 190
    },
    "2015-09-30": {
        "Diluted EPS": 0.58,
        "Total Revenue": NaN,
        "Gross Profit": NaN,
        "Operating Income": 351,
        "EBIT": 435,
        "Net Income": 198
    },
    "2015-06-30": {
        "Diluted EPS": 0.44,
        "Total Revenue": NaN,
        "Gross Profit": 994,
        "Operating Income": 282,
        "EBIT": 363,
        "Net Income": 152
    },
    "2015-03-31": {
        "Diluted EPS": 0.4,
        "Total Revenue": NaN,
        "Gross Profit": 961,
        "Operating Income": 253,
        "EBIT": 340,
        "Net Income": 137
    },
    "2014-12-31": {
        "Diluted EPS": 0.26,
        "Total Revenue": NaN,
        "Gross Profit": 793,
        "Operating Income": 169,
        "EBIT": 254,
        "Net Income": 88
    },
    "2014-09-30": {
        "Diluted EPS": 0.24,
        "Total Revenue": NaN,
        "Gross Profit": 786,
        "Operating Income": 164,
        "EBIT": 243,
        "Net Income": 79
    },
    "2014-06-30": {
        "Diluted EPS": 0.68,
        "Total Revenue": NaN,
        "Gross Profit": 780,
        "Operating Income": 141,
        "EBIT": 220,
        "Net Income": 230
    },
    "2014-03-31": {
        "Diluted EPS": 0.01,
        "Total Revenue": NaN,
        "Gross Profit": 683,
        "Operating Income": 41,
        "EBIT": 123,
        "Net Income": 4
    },
    "2013-12-31": {
        "Diluted EPS": 0.15,
        "Total Revenue": NaN,
        "Gross Profit": 696,
        "Operating Income": 115,
        "EBIT": 198,
        "Net Income": 47
    },
    "2013-09-30": {
        "Diluted EPS": 0.21,
        "Total Revenue": NaN,
        "Gross Profit": 719,
        "Operating Income": 152,
        "EBIT": 229,
        "Net Income": 71
    },
    "2013-06-30": {
        "Diluted EPS": 0.11,
        "Total Revenue": NaN,
        "Gross Profit": 646,
        "Operating Income": 102,
        "EBIT": 176,
        "Net Income": 36
    },
    "2013-03-31": {
        "Diluted EPS": 0.05,
        "Total Revenue": NaN,
        "Gross Profit": 616,
        "Operating Income": 59,
        "EBIT": 131,
        "Net Income": 14
    },
    "2012-12-31": {
        "Diluted EPS": 0.01,
        "Total Revenue": NaN,
        "Gross Profit": 574,
        "Operating Income": 44,
        "EBIT": 115,
        "Net Income": 1
    },
    "2012-09-30": {
        "Diluted EPS": 0.14,
        "Total Revenue": NaN,
        "Gross Profit": 637,
        "Operating Income": 113,
        "EBIT": 181,
        "Net Income": 45
    },
    "2012-06-30": {
        "Diluted EPS": 0.16,
        "Total Revenue": NaN,
        "Gross Profit": 637,
        "Operating Income": 130,
        "EBIT": 196,
        "Net Income": 52
    },
    "2012-03-31": {
        "Diluted EPS": 0.09,
        "Total Revenue": NaN,
        "Gross Profit": 583,
        "Operating Income": 89,
        "EBIT": 153,
        "Net Income": 30
    },
    "2011-12-31": {
        "Diluted EPS": 0.08,
        "Total Revenue": NaN,
        "Gross Profit": 573,
        "Operating Income": 83,
        "EBIT": 149,
        "Net Income": 23
    },
    "2011-09-30": {
        "Diluted EPS": 0.11,
        "Total Revenue": NaN,
        "Gross Profit": 585,
        "Operating Income": 108,
        "EBIT": 168,
        "Net Income": 35
    },
    "2011-06-30": {
        "Diluted EPS": 0.08,
        "Total Revenue": NaN,
        "Gross Profit": 559,
        "Operating Income": 86,
        "EBIT": 148,
        "Net Income": 25
    },
    "2011-03-31": {
        "Diluted EPS": 0.01,
        "Total Revenue": NaN,
        "Gross Profit": 516,
        "Operating Income": 45,
        "EBIT": 104,
        "Net Income": 3
    },
    "2010-12-31": {
        "Diluted EPS": 0.03,
        "Total Revenue": 938,
        "Gross Profit": 512,
        "Operating Income": 55,
        "EBIT": 112,
        "Net Income": 8
    },
    "2010-09-30": {
        "Diluted EPS": 0.18,
        "Total Revenue": NaN,
        "Gross Profit": 602,
        "Operating Income": 140,
        "EBIT": 197,
        "Net Income": 59
    },
    "2010-06-30": {
        "Diluted EPS": 0.1,
        "Total Revenue": 940,
        "Gross Profit": 531,
        "Operating Income": 95,
        "EBIT": 152,
        "Net Income": 31
    },
    "2010-03-31": {
        "Diluted EPS": 0.0,
        "Total Revenue": 871,
        "Gross Profit": 493,
        "Operating Income": 43,
        "EBIT": 102,
        "Net Income": -1
    },
    "2009-12-31": {
        "Diluted EPS": 0.04,
        "Total Revenue": 838,
        "Gross Profit": 484,
        "Operating Income": 70,
        "EBIT": 130,
        "Net Income": 14
    },
    "2009-09-30": {
        "Diluted EPS": 0.05,
        "Total Revenue": 854,
        "Gross Profit": 472,
        "Operating Income": 66,
        "EBIT": 126,
        "Net Income": 15
    },
    "2009-06-30": {
        "Diluted EPS": 0.07,
        "Total Revenue": 807,
        "Gross Profit": 451,
        "Operating Income": 76,
        "EBIT": 134,
        "Net Income": 20
    },
    "2009-03-31": {
        "Diluted EPS": 0.05,
        "Total Revenue": 793,
        "Gross Profit": 452,
        "Operating Income": 73,
        "EBIT": 129,
        "Net Income": 12
    },
    "2023-09-30": {
        "Tax Effect Of Unusual Items": -3982758.62069,
        "Tax Rate For Calcs": 0.12069,
        "Normalized EBITDA": -88000000.0,
        "Total Unusual Items": -33000000.0,
        "Total Unusual Items Excluding Goodwill": -33000000.0,
        "Net Income From Continuing Operation Net Minority Interest": -153000000.0,
        "Reconciled Depreciation": 156000000.0,
        "Reconciled Cost Of Revenue": 2000000000.0,
        "EBITDA": -121000000.0,
        "EBIT": -121000000.0,
        "Net Interest Income": -29000000.0,
        "Interest Expense": 53000000.0,
        "Interest Income": 24000000.0,
        "Normalized Income": -123982758.62069,
        "Net Income From Continuing And Discontinued Operation": -153000000.0,
        "Total Expenses": 2476000000.0,
        "Rent Expense Supplemental": 209000000.0,
        "Total Operating Income As Reported": -156000000.0,
        "Diluted Average Shares": 333300000.0,
        "Basic Average Shares": 333300000.0,
        "Diluted EPS": -0.46,
        "Basic EPS": -0.46,
        "Diluted NI Availto Com Stockholders": -153000000.0,
        "Net Income Common Stockholders": -153000000.0,
        "Net Income": -153000000.0,
        "Net Income Including Noncontrolling Interests": -153000000.0,
        "Net Income Continuous Operations": -153000000.0,
        "Tax Provision": -21000000.0,
        "Pretax Income": -174000000.0,
        "Other Income Expense": -22000000.0,
        "Other Non Operating Income Expenses": 11000000.0,
        "Special Income Charges": -33000000.0,
        "Other Special Charges": 33000000.0,
        "Impairment Of Capital Assets": 0.0,
        "Restructuring And Mergern Acquisition": 25000000.0,
        "Gain On Sale Of Security": NaN,
        "Net Non Operating Interest Income Expense": -29000000.0,
        "Interest Expense Non Operating": 53000000.0,
        "Interest Income Non Operating": 24000000.0,
        "Operating Income": -123000000.0,
        "Operating Expense": 476000000.0,
        "Other Operating Expenses": 396000000.0,
        "Selling General And Administration": 80000000.0,
        "Selling And Marketing Expense": 80000000.0,
        "Gross Profit": 353000000.0,
        "Cost Of Revenue": 2000000000.0,
        "Total Revenue": 2353000000.0,
        "Operating Revenue": 2201000000.0
    }
}