{
    "2023-03-31": {
        "Tax Effect Of Unusual Items": NaN,
        "Tax Rate For Calcs": NaN,
        "Normalized EBITDA": NaN,
        "Total Unusual Items": NaN,
        "Total Unusual Items Excluding Goodwill": NaN,
        "Net Income From Continuing Operation Net Minority Interest": NaN,
        "Reconciled Depreciation": NaN,
        "Reconciled Cost Of Revenue": NaN,
        "EBITDA": NaN,
        "EBIT": NaN,
        "Net Interest Income": NaN,
        "Interest Expense": NaN,
        "Interest Income": NaN,
        "Normalized Income": NaN,
        "Net Income From Continuing And Discontinued Operation": NaN,
        "Total Expenses": NaN,
        "Diluted Average Shares": NaN,
        "Basic Average Shares": NaN,
        "Diluted EPS": NaN,
        "Basic EPS": NaN,
        "Diluted NI Availto Com Stockholders": NaN,
        "Net Income Common Stockholders": NaN,
        "Net Income": NaN,
        "Minority Interests": NaN,
        "Net Income Including Noncontrolling Interests": NaN,
        "Net Income Continuous Operations": NaN,
        "Tax Provision": NaN,
        "Pretax Income": NaN,
        "Other Income Expense": NaN,
        "Special Income Charges": NaN,
        "Other Special Charges": NaN,
        "Write Off": 210000000.0,
        "Impairment Of Capital Assets": 184000000.0,
        "Restructuring And Mergern Acquisition": NaN,
        "Earnings From Equity Interest": NaN,
        "Gain On Sale Of Security": NaN,
        "Net Non Operating Interest Income Expense": NaN,
        "Total Other Finance Cost": NaN,
        "Interest Expense Non Operating": NaN,
        "Interest Income Non Operating": NaN,
        "Operating Income": NaN,
        "Operating Expense": NaN,
        "Selling General And Administration": NaN,
        "Gross Profit": NaN,
        "Cost Of Revenue": NaN,
        "Total Revenue": NaN,
        "Operating Revenue": NaN
    },
    "2022-12-31": {
        "Tax Effect Of Unusual Items": -27634000.0,
        "Tax Rate For Calcs": 0.082,
        "Normalized EBITDA": 779000000.0,
        "Total Unusual Items": -337000000.0,
        "Total Unusual Items Excluding Goodwill": -337000000.0,
        "Net Income From Continuing Operation Net Minority Interest": 118000000.0,
        "Reconciled Depreciation": 203000000.0,
        "Reconciled Cost Of Revenue": 3977000000.0,
        "EBITDA": 442000000.0,
        "EBIT": 239000000.0,
        "Net Interest Income": -75000000.0,
        "Interest Expense": 69000000.0,
        "Interest Income": 4000000.0,
        "Normalized Income": 427366000.0,
        "Net Income From Continuing And Discontinued Operation": 118000000.0,
        "Total Expenses": 5548000000.0,
        "Diluted Average Shares": NaN,
        "Basic Average Shares": NaN,
        "Diluted EPS": NaN,
        "Basic EPS": NaN,
        "Diluted NI Availto Com Stockholders": 118000000.0,
        "Net Income Common Stockholders": 118000000.0,
        "Net Income": 118000000.0,
        "Minority Interests": -38000000.0,
        "Net Income Including Noncontrolling Interests": 156000000.0,
        "Net Income Discontinuous Operations": NaN,
        "Net Income Continuous Operations": 156000000.0,
        "Tax Provision": 14000000.0,
        "Pretax Income": 170000000.0,
        "Other Income Expense": -275000000.0,
        "Special Income Charges": -345000000.0,
        "Write Off": NaN,
        "Impairment Of Capital Assets": NaN,
        "Restructuring And Mergern Acquisition": 345000000.0,
        "Earnings From Equity Interest": 62000000.0,
        "Gain On Sale Of Security": 8000000.0,
        "Net Non Operating Interest Income Expense": -75000000.0,
        "Total Other Finance Cost": 10000000.0,
        "Interest Expense Non Operating": 69000000.0,
        "Interest Income Non Operating": 4000000.0,
        "Operating Income": 520000000.0,
        "Operating Expense": 1571000000.0,
        "Selling General And Administration": 1571000000.0,
        "Gross Profit": 2091000000.0,
        "Cost Of Revenue": 3977000000.0,
        "Total Revenue": 6068000000.0,
        "Operating Revenue": 6068000000.0
    },
    "2022-09-30": {
        "Tax Effect Of Unusual Items": NaN,
        "Tax Rate For Calcs": NaN,
        "Normalized EBITDA": NaN,
        "Total Unusual Items": NaN,
        "Total Unusual Items Excluding Goodwill": NaN,
        "Net Income From Continuing Operation Net Minority Interest": NaN,
        "Reconciled Depreciation": NaN,
        "Reconciled Cost Of Revenue": NaN,
        "EBITDA": NaN,
        "EBIT": NaN,
        "Net Interest Income": NaN,
        "Interest Expense": NaN,
        "Interest Income": NaN,
        "Normalized Income": NaN,
        "Net Income From Continuing And Discontinued Operation": NaN,
        "Total Expenses": NaN,
        "Diluted Average Shares": NaN,
        "Basic Average Shares": NaN,
        "Diluted EPS": NaN,
        "Basic EPS": NaN,
        "Diluted NI Availto Com Stockholders": NaN,
        "Net Income Common Stockholders": NaN,
        "Net Income": NaN,
        "Minority Interests": NaN,
        "Net Income Including Noncontrolling Interests": NaN,
        "Net Income Discontinuous Operations": 0.0,
        "Net Income Continuous Operations": NaN,
        "Tax Provision": NaN,
        "Pretax Income": NaN,
        "Other Income Expense": NaN,
        "Special Income Charges": NaN,
        "Write Off": NaN,
        "Impairment Of Capital Assets": NaN,
        "Restructuring And Mergern Acquisition": NaN,
        "Earnings From Equity Interest": NaN,
        "Gain On Sale Of Security": NaN,
        "Net Non Operating Interest Income Expense": NaN,
        "Total Other Finance Cost": NaN,
        "Interest Expense Non Operating": NaN,
        "Interest Income Non Operating": NaN,
        "Operating Income": NaN,
        "Operating Expense": NaN,
        "Selling General And Administration": NaN,
        "Gross Profit": NaN,
        "Cost Of Revenue": NaN,
        "Total Revenue": NaN,
        "Operating Revenue": NaN
    },
    "2022-06-30": {
        "Tax Effect Of Unusual Items": -13552000.0,
        "Tax Rate For Calcs": 0.121,
        "Normalized EBITDA": 871000000.0,
        "Total Unusual Items": -112000000.0,
        "Total Unusual Items Excluding Goodwill": -112000000.0,
        "Net Income From Continuing Operation Net Minority Interest": 379000000.0,
        "Reconciled Depreciation": 201000000.0,
        "Reconciled Cost Of Revenue": 4414000000.0,
        "EBITDA": 759000000.0,
        "EBIT": 558000000.0,
        "Net Interest Income": -58000000.0,
        "Interest Expense": 54000000.0,
        "Interest Income": 2000000.0,
        "Normalized Income": 477448000.0,
        "Net Income From Continuing And Discontinued Operation": 379000000.0,
        "Total Expenses": 6003000000.0,
        "Diluted Average Shares": 694900000.0,
        "Basic Average Shares": 692200000.0,
        "Diluted EPS": 0.55,
        "Basic EPS": 0.55,
        "Diluted NI Availto Com Stockholders": 379000000.0,
        "Net Income Common Stockholders": 379000000.0,
        "Net Income": 379000000.0,
        "Minority Interests": -64000000.0,
        "Net Income Including Noncontrolling Interests": 443000000.0,
        "Net Income Discontinuous Operations": 0.0,
        "Net Income Continuous Operations": 443000000.0,
        "Tax Provision": 61000000.0,
        "Pretax Income": 504000000.0,
        "Other Income Expense": -49000000.0,
        "Special Income Charges": -121000000.0,
        "Restructuring And Mergern Acquisition": 121000000.0,
        "Earnings From Equity Interest": 63000000.0,
        "Gain On Sale Of Security": 9000000.0,
        "Net Non Operating Interest Income Expense": -58000000.0,
        "Total Other Finance Cost": 6000000.0,
        "Interest Expense Non Operating": 54000000.0,
        "Interest Income Non Operating": 2000000.0,
        "Operating Income": 611000000.0,
        "Operating Expense": 1589000000.0,
        "Selling General And Administration": 1589000000.0,
        "Gross Profit": 2200000000.0,
        "Cost Of Revenue": 4414000000.0,
        "Total Revenue": 6614000000.0,
        "Operating Revenue": 6614000000.0
    },
    "2023-06-30": {
        "Tax Effect Of Unusual Items": NaN,
        "Tax Rate For Calcs": NaN,
        "Normalized EBITDA": NaN,
        "Total Unusual Items": NaN,
        "Total Unusual Items Excluding Goodwill": NaN,
        "Net Income From Continuing Operation Net Minority Interest": NaN,
        "Reconciled Depreciation": NaN,
        "Reconciled Cost Of Revenue": NaN,
        "EBITDA": NaN,
        "EBIT": NaN,
        "Net Interest Income": NaN,
        "Interest Expense": NaN,
        "Interest Income": NaN,
        "Normalized Income": NaN,
        "Net Income From Continuing And Discontinued Operation": NaN,
        "Total Expenses": NaN,
        "Diluted Average Shares": 686200000.0,
        "Basic Average Shares": 683300000.0,
        "Diluted EPS": 1.53,
        "Basic EPS": 1.54,
        "Diluted NI Availto Com Stockholders": NaN,
        "Net Income Common Stockholders": NaN,
        "Net Income": NaN,
        "Minority Interests": NaN,
        "Net Income Including Noncontrolling Interests": NaN,
        "Net Income Continuous Operations": NaN,
        "Tax Provision": NaN,
        "Pretax Income": NaN,
        "Other Income Expense": NaN,
        "Special Income Charges": NaN,
        "Other Special Charges": NaN,
        "Write Off": NaN,
        "Impairment Of Capital Assets": NaN,
        "Restructuring And Mergern Acquisition": NaN,
        "Earnings From Equity Interest": NaN,
        "Gain On Sale Of Security": NaN,
        "Net Non Operating Interest Income Expense": NaN,
        "Total Other Finance Cost": NaN,
        "Interest Expense Non Operating": NaN,
        "Interest Income Non Operating": NaN,
        "Operating Income": NaN,
        "Operating Expense": NaN,
        "Selling General And Administration": NaN,
        "Gross Profit": NaN,
        "Cost Of Revenue": NaN,
        "Total Revenue": NaN,
        "Operating Revenue": NaN
    },
    "2022-03-31": {
        "Diluted EPS": 0.02,
        "Total Revenue": NaN,
        "Gross Profit": NaN,
        "Operating Income": 119,
        "EBIT": 327,
        "Net Income": 11
    },
    "2021-12-31": {
        "Diluted EPS": 0.54,
        "Total Revenue": NaN,
        "Gross Profit": NaN,
        "Operating Income": 473,
        "EBIT": 697,
        "Net Income": 419
    },
    "2021-09-30": {
        "Diluted EPS": 0.37,
        "Total Revenue": NaN,
        "Gross Profit": NaN,
        "Operating Income": 780,
        "EBIT": 998,
        "Net Income": 269
    },
    "2021-06-30": {
        "Diluted EPS": 0.8,
        "Total Revenue": NaN,
        "Gross Profit": NaN,
        "Operating Income": 751,
        "EBIT": 959,
        "Net Income": 574
    },
    "2021-03-31": {
        "Diluted EPS": 0.48,
        "Total Revenue": NaN,
        "Gross Profit": NaN,
        "Operating Income": 594,
        "EBIT": 806,
        "Net Income": 343
    },
    "2020-12-31": {
        "Diluted EPS": 0.62,
        "Total Revenue": NaN,
        "Gross Profit": NaN,
        "Operating Income": 434,
        "EBIT": 641,
        "Net Income": 451
    },
    "2020-09-30": {
        "Diluted EPS": 0.59,
        "Total Revenue": NaN,
        "Gross Profit": NaN,
        "Operating Income": 522,
        "EBIT": 728,
        "Net Income": 441
    },
    "2020-06-30": {
        "Diluted EPS": -0.24,
        "Total Revenue": NaN,
        "Gross Profit": NaN,
        "Operating Income": -112,
        "EBIT": 90,
        "Net Income": -182
    },
    "2020-03-31": {
        "Diluted EPS": 0.28,
        "Total Revenue": NaN,
        "Gross Profit": NaN,
        "Operating Income": 288,
        "EBIT": 495,
        "Net Income": 213
    },
    "2019-12-31": {
        "Diluted EPS": 0.21,
        "Total Revenue": NaN,
        "Gross Profit": NaN,
        "Operating Income": 265,
        "EBIT": 472,
        "Net Income": 159
    },
    "2019-09-30": {
        "Diluted EPS": 0.75,
        "Total Revenue": NaN,
        "Gross Profit": NaN,
        "Operating Income": 20,
        "EBIT": 220,
        "Net Income": 612
    },
    "2019-06-30": {
        "Diluted EPS": 4.79,
        "Total Revenue": NaN,
        "Gross Profit": NaN,
        "Operating Income": 521,
        "EBIT": 724,
        "Net Income": NaN
    },
    "2019-03-31": {
        "Diluted EPS": 0.57,
        "Total Revenue": NaN,
        "Gross Profit": NaN,
        "Operating Income": 386,
        "EBIT": 597,
        "Net Income": 515
    },
    "2018-12-31": {
        "Diluted EPS": 0.38,
        "Total Revenue": NaN,
        "Gross Profit": NaN,
        "Operating Income": 287,
        "EBIT": 498,
        "Net Income": 355
    },
    "2018-09-30": {
        "Diluted EPS": 0.82,
        "Total Revenue": NaN,
        "Gross Profit": NaN,
        "Operating Income": 564,
        "EBIT": 739,
        "Net Income": 771
    },
    "2018-06-30": {
        "Diluted EPS": 0.78,
        "Total Revenue": NaN,
        "Gross Profit": NaN,
        "Operating Income": 647,
        "EBIT": 874,
        "Net Income": 723
    },
    "2018-03-31": {
        "Diluted EPS": 0.47,
        "Total Revenue": NaN,
        "Gross Profit": NaN,
        "Operating Income": 334,
        "EBIT": 546,
        "Net Income": 438
    },
    "2017-12-31": {
        "Diluted EPS": 0.25,
        "Total Revenue": NaN,
        "Gross Profit": NaN,
        "Operating Income": 225,
        "EBIT": 435,
        "Net Income": 230
    },
    "2017-09-30": {
        "Diluted EPS": 0.93,
        "Total Revenue": 799,
        "Gross Profit": 704,
        "Operating Income": -235,
        "EBIT": -235,
        "Net Income": 875
    },
    "2017-06-30": {
        "Diluted EPS": 0.59,
        "Total Revenue": NaN,
        "Gross Profit": NaN,
        "Operating Income": 773,
        "EBIT": NaN,
        "Net Income": 555
    },
    "2017-03-31": {
        "Diluted EPS": -0.16,
        "Total Revenue": NaN,
        "Gross Profit": NaN,
        "Operating Income": 456,
        "EBIT": 748,
        "Net Income": -148
    },
    "2016-12-31": {
        "Diluted EPS": 0.35,
        "Total Revenue": NaN,
        "Gross Profit": NaN,
        "Operating Income": 466,
        "EBIT": 812,
        "Net Income": 329
    },
    "2016-09-30": {
        "Diluted EPS": -1.76,
        "Total Revenue": NaN,
        "Gross Profit": NaN,
        "Operating Income": -62,
        "EBIT": 211,
        "Net Income": NaN
    },
    "2016-06-30": {
        "Diluted EPS": 0.59,
        "Total Revenue": NaN,
        "Gross Profit": NaN,
        "Operating Income": 500,
        "EBIT": 735,
        "Net Income": 383
    },
    "2016-03-31": {
        "Diluted EPS": -0.81,
        "Total Revenue": NaN,
        "Gross Profit": NaN,
        "Operating Income": 328,
        "EBIT": 547,
        "Net Income": -530
    },
    "2015-12-31": {
        "Diluted EPS": 0.69,
        "Total Revenue": NaN,
        "Gross Profit": NaN,
        "Operating Income": 410,
        "EBIT": 636,
        "Net Income": 450
    },
    "2015-09-30": {
        "Diluted EPS": 1.17,
        "Total Revenue": NaN,
        "Gross Profit": NaN,
        "Operating Income": 452,
        "EBIT": NaN,
        "Net Income": NaN
    },
    "2015-06-30": {
        "Diluted EPS": 0.39,
        "Total Revenue": NaN,
        "Gross Profit": 916,
        "Operating Income": 253,
        "EBIT": 339,
        "Net Income": 156
    },
    "2015-03-31": {
        "Diluted EPS": 0.41,
        "Total Revenue": NaN,
        "Gross Profit": 881,
        "Operating Income": 221,
        "EBIT": 302,
        "Net Income": 167
    },
    "2014-12-31": {
        "Diluted EPS": 0.4,
        "Total Revenue": NaN,
        "Gross Profit": 909,
        "Operating Income": 199,
        "EBIT": 289,
        "Net Income": 162
    },
    "2014-09-30": {
        "Diluted EPS": -2.51,
        "Total Revenue": NaN,
        "Gross Profit": NaN,
        "Operating Income": 865,
        "EBIT": NaN,
        "Net Income": -712
    },
    "2014-06-30": {
        "Diluted EPS": 3.26,
        "Total Revenue": NaN,
        "Gross Profit": 985,
        "Operating Income": 297,
        "EBIT": 385,
        "Net Income": NaN
    },
    "2014-03-31": {
        "Diluted EPS": 0.46,
        "Total Revenue": NaN,
        "Gross Profit": 902,
        "Operating Income": 259,
        "EBIT": 345,
        "Net Income": 207
    },
    "2013-12-31": {
        "Diluted EPS": 0.6,
        "Total Revenue": NaN,
        "Gross Profit": 918,
        "Operating Income": 344,
        "EBIT": 438,
        "Net Income": 270
    },
    "2013-09-30": {
        "Diluted EPS": 0.38,
        "Total Revenue": NaN,
        "Gross Profit": 923,
        "Operating Income": 220,
        "EBIT": 315,
        "Net Income": 166
    },
    "2013-06-30": {
        "Diluted EPS": 0.29,
        "Total Revenue": NaN,
        "Gross Profit": 931,
        "Operating Income": 162,
        "EBIT": 257,
        "Net Income": 135
    },
    "2013-03-31": {
        "Diluted EPS": 0.17,
        "Total Revenue": NaN,
        "Gross Profit": 883,
        "Operating Income": 95,
        "EBIT": 179,
        "Net Income": 72
    },
    "2012-12-31": {
        "Diluted EPS": 0.36,
        "Total Revenue": NaN,
        "Gross Profit": 932,
        "Operating Income": 235,
        "EBIT": 340,
        "Net Income": 163
    },
    "2012-09-30": {
        "Diluted EPS": -0.95,
        "Total Revenue": NaN,
        "Gross Profit": NaN,
        "Operating Income": 153,
        "EBIT": 219,
        "Net Income": -419
    },
    "2012-06-30": {
        "Diluted EPS": 0.55,
        "Total Revenue": NaN,
        "Gross Profit": 970,
        "Operating Income": 118,
        "EBIT": 225,
        "Net Income": 246
    },
    "2012-03-31": {
        "Diluted EPS": 0.72,
        "Total Revenue": NaN,
        "Gross Profit": 908,
        "Operating Income": 228,
        "EBIT": 333,
        "Net Income": 323
    },
    "2011-12-31": {
        "Diluted EPS": 0.72,
        "Total Revenue": NaN,
        "Gross Profit": 899,
        "Operating Income": 186,
        "EBIT": 287,
        "Net Income": 322
    },
    "2011-09-30": {
        "Diluted EPS": 0.88,
        "Total Revenue": NaN,
        "Gross Profit": NaN,
        "Operating Income": 221,
        "EBIT": -334,
        "Net Income": 397
    },
    "2011-06-30": {
        "Diluted EPS": 0.8,
        "Total Revenue": NaN,
        "Gross Profit": NaN,
        "Operating Income": 475,
        "EBIT": 806,
        "Net Income": 359
    },
    "2011-03-31": {
        "Diluted EPS": 0.69,
        "Total Revenue": NaN,
        "Gross Profit": NaN,
        "Operating Income": 437,
        "EBIT": 759,
        "Net Income": 315
    },
    "2010-12-31": {
        "Diluted EPS": 1.4,
        "Total Revenue": NaN,
        "Gross Profit": NaN,
        "Operating Income": 706,
        "EBIT": NaN,
        "Net Income": 659
    },
    "2010-09-30": {
        "Diluted EPS": 0.56,
        "Total Revenue": NaN,
        "Gross Profit": NaN,
        "Operating Income": 393,
        "EBIT": -9,
        "Net Income": 266
    },
    "2010-06-30": {
        "Diluted EPS": 0.53,
        "Total Revenue": NaN,
        "Gross Profit": NaN,
        "Operating Income": 375,
        "EBIT": 679,
        "Net Income": 254
    },
    "2010-03-31": {
        "Diluted EPS": 0.68,
        "Total Revenue": NaN,
        "Gross Profit": NaN,
        "Operating Income": 425,
        "EBIT": 705,
        "Net Income": 310
    },
    "2009-12-31": {
        "Diluted EPS": 0.66,
        "Total Revenue": NaN,
        "Gross Profit": NaN,
        "Operating Income": 405,
        "EBIT": 690,
        "Net Income": 302
    },
    "2009-09-30": {
        "Diluted EPS": 0.46,
        "Total Revenue": NaN,
        "Gross Profit": NaN,
        "Operating Income": 301,
        "EBIT": 617,
        "Net Income": 205
    },
    "2009-06-30": {
        "Diluted EPS": 0.63,
        "Total Revenue": NaN,
        "Gross Profit": NaN,
        "Operating Income": 334,
        "EBIT": 610,
        "Net Income": 287
    },
    "2009-03-31": {
        "Diluted EPS": -5.68,
        "Total Revenue": NaN,
        "Gross Profit": NaN,
        "Operating Income": NaN,
        "EBIT": 435,
        "Net Income": NaN
    },
    "2023-09-30": {
        "Tax Effect Of Unusual Items": NaN,
        "Tax Rate For Calcs": NaN,
        "Normalized EBITDA": NaN,
        "Total Unusual Items": NaN,
        "Total Unusual Items Excluding Goodwill": NaN,
        "Net Income From Continuing Operation Net Minority Interest": NaN,
        "Reconciled Depreciation": NaN,
        "Reconciled Cost Of Revenue": NaN,
        "EBITDA": NaN,
        "EBIT": NaN,
        "Net Interest Income": NaN,
        "Interest Expense": NaN,
        "Interest Income": NaN,
        "Normalized Income": NaN,
        "Net Income From Continuing And Discontinued Operation": NaN,
        "Total Expenses": NaN,
        "Diluted Average Shares": 683300000.0,
        "Basic Average Shares": 680300000.0,
        "Diluted EPS": 0.8,
        "Basic EPS": 0.806997,
        "Diluted NI Availto Com Stockholders": NaN,
        "Net Income Common Stockholders": NaN,
        "Net Income": NaN,
        "Minority Interests": NaN,
        "Net Income Including Noncontrolling Interests": NaN,
        "Net Income Discontinuous Operations": NaN,
        "Net Income Continuous Operations": NaN,
        "Tax Provision": NaN,
        "Pretax Income": NaN,
        "Other Income Expense": NaN,
        "Special Income Charges": NaN,
        "Other Special Charges": NaN,
        "Write Off": NaN,
        "Impairment Of Capital Assets": NaN,
        "Restructuring And Mergern Acquisition": NaN,
        "Earnings From Equity Interest": NaN,
        "Gain On Sale Of Security": NaN,
        "Net Non Operating Interest Income Expense": NaN,
        "Total Other Finance Cost": NaN,
        "Interest Expense Non Operating": NaN,
        "Interest Income Non Operating": NaN,
        "Operating Income": NaN,
        "Operating Expense": NaN,
        "Selling General And Administration": NaN,
        "Gross Profit": NaN,
        "Cost Of Revenue": NaN,
        "Total Revenue": NaN,
        "Operating Revenue": NaN
    },
    "2023-12-31": {
        "Tax Effect Of Unusual Items": -4200000.0,
        "Tax Rate For Calcs": 0.21,
        "Normalized EBITDA": 633000000.0,
        "Total Unusual Items": -20000000.0,
        "Total Unusual Items Excluding Goodwill": -20000000.0,
        "Net Income From Continuing Operation Net Minority Interest": 310000000.0,
        "Reconciled Depreciation": 208000000.0,
        "Reconciled Cost Of Revenue": 3431000000.0,
        "EBITDA": 613000000.0,
        "EBIT": 405000000.0,
        "Net Interest Income": -102000000.0,
        "Interest Expense": 85000000.0,
        "Interest Income": 5000000.0,
        "Normalized Income": 325800000.0,
        "Net Income From Continuing And Discontinued Operation": 374000000.0,
        "Total Expenses": 4765000000.0,
        "Diluted Average Shares": 682400000.0,
        "Basic Average Shares": 680700000.0,
        "Diluted EPS": 0.55,
        "Basic EPS": 0.55,
        "Diluted NI Availto Com Stockholders": 374000000.0,
        "Net Income Common Stockholders": 374000000.0,
        "Net Income": 374000000.0,
        "Minority Interests": -30000000.0,
        "Net Income Including Noncontrolling Interests": 404000000.0,
        "Net Income Discontinuous Operations": 64000000.0,
        "Net Income Continuous Operations": 340000000.0,
        "Tax Provision": -20000000.0,
        "Pretax Income": 320000000.0,
        "Other Income Expense": -22000000.0,
        "Special Income Charges": -35000000.0,
        "Other Special Charges": NaN,
        "Write Off": NaN,
        "Impairment Of Capital Assets": NaN,
        "Restructuring And Mergern Acquisition": 35000000.0,
        "Earnings From Equity Interest": -2000000.0,
        "Gain On Sale Of Security": 15000000.0,
        "Net Non Operating Interest Income Expense": -102000000.0,
        "Total Other Finance Cost": 22000000.0,
        "Interest Expense Non Operating": 85000000.0,
        "Interest Income Non Operating": 5000000.0,
        "Operating Income": 444000000.0,
        "Operating Expense": 1334000000.0,
        "Selling General And Administration": 1334000000.0,
        "Gross Profit": 1778000000.0,
        "Cost Of Revenue": 3431000000.0,
        "Total Revenue": 5209000000.0,
        "Operating Revenue": 5209000000.0
    },
    "2024-03-31": {
        "Tax Effect Of Unusual Items": -87296000.0,
        "Tax Rate For Calcs": 0.352,
        "Normalized EBITDA": 246000000.0,
        "Total Unusual Items": -248000000.0,
        "Total Unusual Items Excluding Goodwill": -248000000.0,
        "Net Income From Continuing Operation Net Minority Interest": -277000000.0,
        "Reconciled Depreciation": 259000000.0,
        "Reconciled Cost Of Revenue": 4518000000.0,
        "EBITDA": -2000000.0,
        "EBIT": -261000000.0,
        "Net Interest Income": -99000000.0,
        "Interest Expense": 100000000.0,
        "Interest Income": 5000000.0,
        "Normalized Income": -116296000.0,
        "Net Income From Continuing And Discontinued Operation": -277000000.0,
        "Total Expenses": 6769000000.0,
        "Diluted Average Shares": 679000000.0,
        "Basic Average Shares": 679000000.0,
        "Diluted EPS": -0.41,
        "Basic EPS": -0.41,
        "Diluted NI Availto Com Stockholders": -277000000.0,
        "Net Income Common Stockholders": -277000000.0,
        "Net Income": -277000000.0,
        "Minority Interests": -43000000.0,
        "Net Income Including Noncontrolling Interests": -234000000.0,
        "Net Income Discontinuous Operations": NaN,
        "Net Income Continuous Operations": -234000000.0,
        "Tax Provision": -127000000.0,
        "Pretax Income": -361000000.0,
        "Other Income Expense": -192000000.0,
        "Special Income Charges": -254000000.0,
        "Other Special Charges": NaN,
        "Write Off": 0.0,
        "Impairment Of Capital Assets": 230000000.0,
        "Restructuring And Mergern Acquisition": 24000000.0,
        "Earnings From Equity Interest": 56000000.0,
        "Gain On Sale Of Security": 6000000.0,
        "Net Non Operating Interest Income Expense": -99000000.0,
        "Total Other Finance Cost": 4000000.0,
        "Interest Expense Non Operating": 100000000.0,
        "Interest Income Non Operating": 5000000.0,
        "Operating Income": -70000000.0,
        "Operating Expense": 2251000000.0,
        "Selling General And Administration": 2251000000.0,
        "Gross Profit": 2181000000.0,
        "Cost Of Revenue": 4518000000.0,
        "Total Revenue": 6699000000.0,
        "Operating Revenue": 6699000000.0
    },
    "2024-06-30": {
        "Tax Effect Of Unusual Items": -12567000.0,
        "Tax Rate For Calcs": 0.177,
        "Normalized EBITDA": 1675000000.0,
        "Total Unusual Items": -71000000.0,
        "Total Unusual Items Excluding Goodwill": -71000000.0,
        "Net Income From Continuing Operation Net Minority Interest": 975000000.0,
        "Reconciled Depreciation": 220000000.0,
        "Reconciled Cost Of Revenue": 4743000000.0,
        "EBITDA": 1604000000.0,
        "EBIT": 1384000000.0,
        "Net Interest Income": -106000000.0,
        "Interest Expense": 105000000.0,
        "Interest Income": 5000000.0,
        "Normalized Income": 1033433000.0,
        "Net Income From Continuing And Discontinued Operation": 975000000.0,
        "Total Expenses": 5833000000.0,
        "Diluted Average Shares": 672800000.0,
        "Basic Average Shares": 670300000.0,
        "Diluted EPS": 1.45,
        "Basic EPS": 1.45,
        "Diluted NI Availto Com Stockholders": 975000000.0,
        "Net Income Common Stockholders": 975000000.0,
        "Net Income": 975000000.0,
        "Minority Interests": -77000000.0,
        "Net Income Including Noncontrolling Interests": 1052000000.0,
        "Net Income Discontinuous Operations": NaN,
        "Net Income Continuous Operations": 1052000000.0,
        "Tax Provision": 227000000.0,
        "Pretax Income": 1279000000.0,
        "Other Income Expense": -13000000.0,
        "Special Income Charges": -81000000.0,
        "Other Special Charges": -25000000.0,
        "Write Off": NaN,
        "Impairment Of Capital Assets": NaN,
        "Restructuring And Mergern Acquisition": 106000000.0,
        "Earnings From Equity Interest": 58000000.0,
        "Gain On Sale Of Security": 10000000.0,
        "Net Non Operating Interest Income Expense": -106000000.0,
        "Total Other Finance Cost": 6000000.0,
        "Interest Expense Non Operating": 105000000.0,
        "Interest Income Non Operating": 5000000.0,
        "Operating Income": 1398000000.0,
        "Operating Expense": 1090000000.0,
        "Selling General And Administration": 1090000000.0,
        "Gross Profit": 2488000000.0,
        "Cost Of Revenue": 4743000000.0,
        "Total Revenue": 7231000000.0,
        "Operating Revenue": 7231000000.0
    },
    "2024-09-30": {
        "Tax Effect Of Unusual Items": -6149253.731343,
        "Tax Rate For Calcs": 0.059701,
        "Normalized EBITDA": 518000000.0,
        "Total Unusual Items": -103000000.0,
        "Total Unusual Items Excluding Goodwill": -103000000.0,
        "Net Income From Continuing Operation Net Minority Interest": 144000000.0,
        "Reconciled Depreciation": 129000000.0,
        "Reconciled Cost Of Revenue": 1512000000.0,
        "EBITDA": 415000000.0,
        "EBIT": 286000000.0,
        "Net Interest Income": -87000000.0,
        "Interest Expense": 85000000.0,
        "Interest Income": 2000000.0,
        "Normalized Income": 240850746.268657,
        "Net Income From Continuing And Discontinued Operation": 633000000.0,
        "Total Expenses": 2319000000.0,
        "Diluted Average Shares": NaN,
        "Basic Average Shares": NaN,
        "Diluted EPS": NaN,
        "Basic EPS": NaN,
        "Diluted NI Availto Com Stockholders": 633000000.0,
        "Net Income Common Stockholders": 633000000.0,
        "Net Income": 633000000.0,
        "Minority Interests": -45000000.0,
        "Net Income Including Noncontrolling Interests": 678000000.0,
        "Net Income Discontinuous Operations": NaN,
        "Net Income Continuous Operations": 189000000.0,
        "Tax Provision": 12000000.0,
        "Pretax Income": 201000000.0,
        "Other Income Expense": -321000000.0,
        "Special Income Charges": -111000000.0,
        "Other Special Charges": 0.0,
        "Write Off": NaN,
        "Impairment Of Capital Assets": NaN,
        "Restructuring And Mergern Acquisition": -256000000.0,
        "Earnings From Equity Interest": -218000000.0,
        "Gain On Sale Of Security": 8000000.0,
        "Net Non Operating Interest Income Expense": -87000000.0,
        "Total Other Finance Cost": 4000000.0,
        "Interest Expense Non Operating": 85000000.0,
        "Interest Income Non Operating": 2000000.0,
        "Operating Income": 609000000.0,
        "Operating Expense": 807000000.0,
        "Selling General And Administration": 807000000.0,
        "Gross Profit": 1416000000.0,
        "Cost Of Revenue": 1512000000.0,
        "Total Revenue": 2928000000.0,
        "Operating Revenue": 2928000000.0
    },
    "2024-12-31": {
        "Tax Effect Of Unusual Items": -5635000.0,
        "Tax Rate For Calcs": 0.115,
        "Normalized EBITDA": 717000000.0,
        "Total Unusual Items": -49000000.0,
        "Total Unusual Items Excluding Goodwill": -49000000.0,
        "Net Income From Continuing Operation Net Minority Interest": 329000000.0,
        "Reconciled Depreciation": 193000000.0,
        "Reconciled Cost Of Revenue": 3500000000.0,
        "EBITDA": 668000000.0,
        "EBIT": 475000000.0,
        "Net Interest Income": -70000000.0,
        "Interest Expense": 67000000.0,
        "Interest Income": 3000000.0,
        "Normalized Income": 372365000.0,
        "Net Income From Continuing And Discontinued Operation": 419000000.0,
        "Total Expenses": 4899000000.0,
        "Diluted Average Shares": 665000000.0,
        "Basic Average Shares": 662000000.0,
        "Diluted EPS": 0.63,
        "Basic EPS": 0.63,
        "Diluted NI Availto Com Stockholders": 419000000.0,
        "Net Income Common Stockholders": 419000000.0,
        "Net Income": 419000000.0,
        "Minority Interests": -32000000.0,
        "Net Income Including Noncontrolling Interests": 451000000.0,
        "Net Income Discontinuous Operations": 90000000.0,
        "Net Income Continuous Operations": 361000000.0,
        "Tax Provision": 47000000.0,
        "Pretax Income": 408000000.0,
        "Other Income Expense": -49000000.0,
        "Special Income Charges": -33000000.0,
        "Other Special Charges": NaN,
        "Write Off": NaN,
        "Impairment Of Capital Assets": NaN,
        "Restructuring And Mergern Acquisition": 33000000.0,
        "Earnings From Equity Interest": 0.0,
        "Gain On Sale Of Security": -16000000.0,
        "Net Non Operating Interest Income Expense": -70000000.0,
        "Total Other Finance Cost": 6000000.0,
        "Interest Expense Non Operating": 67000000.0,
        "Interest Income Non Operating": 3000000.0,
        "Operating Income": 527000000.0,
        "Operating Expense": 1399000000.0,
        "Selling General And Administration": 1399000000.0,
        "Gross Profit": 1926000000.0,
        "Cost Of Revenue": 3500000000.0,
        "Total Revenue": 5426000000.0,
        "Operating Revenue": 5426000000.0
    }
}