{
    "2023-03-31": {
        "Tax Effect Of Unusual Items": NaN,
        "Tax Rate For Calcs": NaN,
        "Normalized EBITDA": NaN,
        "Total Unusual Items": 1522000000.0,
        "Total Unusual Items Excluding Goodwill": 1522000000.0,
        "Net Income From Continuing Operation Net Minority Interest": NaN,
        "Reconciled Depreciation": 1960000000.0,
        "Reconciled Cost Of Revenue": NaN,
        "EBITDA": NaN,
        "EBIT": NaN,
        "Net Interest Income": NaN,
        "Interest Expense": NaN,
        "Interest Income": 2051000000.0,
        "Normalized Income": NaN,
        "Net Income From Continuing And Discontinued Operation": NaN,
        "Total Expenses": NaN,
        "Total Operating Income As Reported": NaN,
        "Diluted Average Shares": NaN,
        "Basic Average Shares": NaN,
        "Diluted EPS": NaN,
        "Basic EPS": NaN,
        "Diluted NI Availto Com Stockholders": NaN,
        "Net Income Common Stockholders": NaN,
        "Otherunder Preferred Stock Dividend": NaN,
        "Net Income": NaN,
        "Minority Interests": NaN,
        "Net Income Including Noncontrolling Interests": NaN,
        "Net Income Continuous Operations": NaN,
        "Tax Provision": NaN,
        "Pretax Income": NaN,
        "Other Income Expense": NaN,
        "Other Non Operating Income Expenses": NaN,
        "Special Income Charges": -14000000.0,
        "Write Off": 26000000.0,
        "Restructuring And Mergern Acquisition": -12000000.0,
        "Earnings From Equity Interest": NaN,
        "Gain On Sale Of Security": 1536000000.0,
        "Net Non Operating Interest Income Expense": NaN,
        "Interest Expense Non Operating": NaN,
        "Interest Income Non Operating": 2051000000.0,
        "Operating Income": NaN,
        "Operating Expense": NaN,
        "Other Operating Expenses": NaN,
        "Research And Development": NaN,
        "Selling General And Administration": NaN,
        "Selling And Marketing Expense": NaN,
        "General And Administrative Expense": NaN,
        "Other Gand A": NaN,
        "Gross Profit": NaN,
        "Cost Of Revenue": NaN,
        "Total Revenue": NaN,
        "Operating Revenue": NaN
    },
    "2022-12-31": {
        "Tax Effect Of Unusual Items": NaN,
        "Tax Rate For Calcs": NaN,
        "Normalized EBITDA": NaN,
        "Total Unusual Items": -9359000000.0,
        "Total Unusual Items Excluding Goodwill": -9359000000.0,
        "Net Income From Continuing Operation Net Minority Interest": NaN,
        "Reconciled Depreciation": NaN,
        "Reconciled Cost Of Revenue": NaN,
        "EBITDA": NaN,
        "EBIT": NaN,
        "Net Interest Income": NaN,
        "Interest Expense": NaN,
        "Interest Income": NaN,
        "Normalized Income": NaN,
        "Net Income From Continuing And Discontinued Operation": NaN,
        "Total Expenses": NaN,
        "Total Operating Income As Reported": NaN,
        "Diluted Average Shares": NaN,
        "Basic Average Shares": NaN,
        "Diluted EPS": NaN,
        "Basic EPS": NaN,
        "Diluted NI Availto Com Stockholders": NaN,
        "Net Income Common Stockholders": NaN,
        "Otherunder Preferred Stock Dividend": NaN,
        "Net Income": NaN,
        "Minority Interests": NaN,
        "Net Income Including Noncontrolling Interests": NaN,
        "Net Income Continuous Operations": NaN,
        "Tax Provision": NaN,
        "Pretax Income": NaN,
        "Other Income Expense": NaN,
        "Other Non Operating Income Expenses": NaN,
        "Special Income Charges": NaN,
        "Write Off": NaN,
        "Restructuring And Mergern Acquisition": NaN,
        "Earnings From Equity Interest": NaN,
        "Gain On Sale Of Security": -3832000000.0,
        "Net Non Operating Interest Income Expense": NaN,
        "Interest Expense Non Operating": NaN,
        "Interest Income Non Operating": NaN,
        "Operating Income": NaN,
        "Operating Expense": NaN,
        "Other Operating Expenses": NaN,
        "Research And Development": NaN,
        "Selling General And Administration": NaN,
        "Selling And Marketing Expense": NaN,
        "General And Administrative Expense": NaN,
        "Other Gand A": NaN,
        "Gross Profit": NaN,
        "Cost Of Revenue": NaN,
        "Total Revenue": NaN,
        "Operating Revenue": NaN
    },
    "2022-09-30": {
        "Tax Effect Of Unusual Items": NaN,
        "Tax Rate For Calcs": NaN,
        "Normalized EBITDA": NaN,
        "Total Unusual Items": 1229000000.0,
        "Total Unusual Items Excluding Goodwill": 1229000000.0,
        "Net Income From Continuing Operation Net Minority Interest": NaN,
        "Reconciled Cost Of Revenue": NaN,
        "EBITDA": NaN,
        "EBIT": NaN,
        "Net Interest Income": NaN,
        "Interest Expense": NaN,
        "Normalized Income": NaN,
        "Net Income From Continuing And Discontinued Operation": NaN,
        "Total Expenses": NaN,
        "Total Operating Income As Reported": NaN,
        "Diluted Average Shares": NaN,
        "Basic Average Shares": NaN,
        "Diluted EPS": NaN,
        "Basic EPS": NaN,
        "Diluted NI Availto Com Stockholders": NaN,
        "Net Income Common Stockholders": NaN,
        "Otherunder Preferred Stock Dividend": 0.0,
        "Net Income": NaN,
        "Minority Interests": NaN,
        "Net Income Including Noncontrolling Interests": NaN,
        "Net Income Continuous Operations": NaN,
        "Tax Provision": NaN,
        "Pretax Income": NaN,
        "Other Income Expense": NaN,
        "Other Non Operating Income Expenses": NaN,
        "Earnings From Equity Interest": NaN,
        "Gain On Sale Of Security": 1229000000.0,
        "Net Non Operating Interest Income Expense": NaN,
        "Interest Expense Non Operating": NaN,
        "Operating Income": NaN,
        "Operating Expense": NaN,
        "Other Operating Expenses": NaN,
        "Research And Development": NaN,
        "Selling General And Administration": NaN,
        "Selling And Marketing Expense": NaN,
        "General And Administrative Expense": NaN,
        "Other Gand A": NaN,
        "Gross Profit": NaN,
        "Cost Of Revenue": NaN,
        "Total Revenue": NaN,
        "Operating Revenue": NaN
    },
    "2022-06-30": {
        "Tax Effect Of Unusual Items": 0.0,
        "Tax Rate For Calcs": 0.233447,
        "Normalized EBITDA": 5740000000.0,
        "Total Unusual Items": NaN,
        "Total Unusual Items Excluding Goodwill": NaN,
        "Net Income From Continuing Operation Net Minority Interest": 4379000000.0,
        "Reconciled Cost Of Revenue": 231706000000.0,
        "EBITDA": 5740000000.0,
        "EBIT": 5740000000.0,
        "Net Interest Income": -484000000.0,
        "Interest Expense": 484000000.0,
        "Normalized Income": 4379000000.0,
        "Net Income From Continuing And Discontinued Operation": 4379000000.0,
        "Total Expenses": 263842000000.0,
        "Total Operating Income As Reported": 3758000000.0,
        "Diluted Average Shares": 1588000000.0,
        "Basic Average Shares": 1560500000.0,
        "Diluted EPS": 2.74,
        "Basic EPS": 2.8,
        "Diluted NI Availto Com Stockholders": 4376000000.0,
        "Net Income Common Stockholders": 4376000000.0,
        "Otherunder Preferred Stock Dividend": 3000000.0,
        "Net Income": 4379000000.0,
        "Minority Interests": 350000000.0,
        "Net Income Including Noncontrolling Interests": 4029000000.0,
        "Net Income Continuous Operations": 4029000000.0,
        "Tax Provision": 1227000000.0,
        "Pretax Income": 5256000000.0,
        "Other Income Expense": 1982000000.0,
        "Other Non Operating Income Expenses": 3586000000.0,
        "Earnings From Equity Interest": -1604000000.0,
        "Gain On Sale Of Security": NaN,
        "Net Non Operating Interest Income Expense": -484000000.0,
        "Interest Expense Non Operating": 484000000.0,
        "Operating Income": 3758000000.0,
        "Operating Expense": 32136000000.0,
        "Research And Development": 4027000000.0,
        "Selling General And Administration": 28109000000.0,
        "Selling And Marketing Expense": 9477000000.0,
        "General And Administrative Expense": 18632000000.0,
        "Other Gand A": 18632000000.0,
        "Gross Profit": 35894000000.0,
        "Cost Of Revenue": 231706000000.0,
        "Total Revenue": 267600000000.0,
        "Operating Revenue": 267600000000.0
    },
    "2023-06-30": {
        "Tax Effect Of Unusual Items": NaN,
        "Tax Rate For Calcs": NaN,
        "Normalized EBITDA": NaN,
        "Total Unusual Items": 1009000000.0,
        "Total Unusual Items Excluding Goodwill": 1009000000.0,
        "Net Income From Continuing Operation Net Minority Interest": NaN,
        "Reconciled Depreciation": NaN,
        "Reconciled Cost Of Revenue": NaN,
        "EBITDA": NaN,
        "EBIT": NaN,
        "Net Interest Income": NaN,
        "Interest Expense": NaN,
        "Interest Income": NaN,
        "Normalized Income": NaN,
        "Net Income From Continuing And Discontinued Operation": NaN,
        "Total Expenses": NaN,
        "Total Operating Income As Reported": NaN,
        "Diluted Average Shares": NaN,
        "Basic Average Shares": NaN,
        "Diluted EPS": NaN,
        "Basic EPS": NaN,
        "Diluted NI Availto Com Stockholders": NaN,
        "Net Income Common Stockholders": NaN,
        "Otherunder Preferred Stock Dividend": 0.0,
        "Net Income": NaN,
        "Minority Interests": NaN,
        "Net Income Including Noncontrolling Interests": NaN,
        "Net Income Continuous Operations": NaN,
        "Tax Provision": NaN,
        "Pretax Income": NaN,
        "Other Income Expense": NaN,
        "Other Non Operating Income Expenses": NaN,
        "Special Income Charges": NaN,
        "Write Off": NaN,
        "Restructuring And Mergern Acquisition": NaN,
        "Earnings From Equity Interest": NaN,
        "Gain On Sale Of Security": 1009000000.0,
        "Net Non Operating Interest Income Expense": NaN,
        "Interest Expense Non Operating": NaN,
        "Interest Income Non Operating": NaN,
        "Operating Income": NaN,
        "Operating Expense": NaN,
        "Other Operating Expenses": NaN,
        "Research And Development": NaN,
        "Selling General And Administration": NaN,
        "Selling And Marketing Expense": NaN,
        "General And Administrative Expense": NaN,
        "Other Gand A": NaN,
        "Gross Profit": NaN,
        "Cost Of Revenue": NaN,
        "Total Revenue": NaN,
        "Operating Revenue": NaN
    },
    "2023-09-30": {
        "Tax Effect Of Unusual Items": 0.0,
        "Tax Rate For Calcs": 0.238752,
        "Normalized EBITDA": 11512000000.0,
        "Total Unusual Items": NaN,
        "Total Unusual Items Excluding Goodwill": NaN,
        "Net Income From Continuing Operation Net Minority Interest": 7936000000.0,
        "Reconciled Depreciation": NaN,
        "Reconciled Cost Of Revenue": 208947000000.0,
        "EBITDA": 11512000000.0,
        "EBIT": 11512000000.0,
        "Net Interest Income": -710000000.0,
        "Interest Expense": 710000000.0,
        "Interest Income": NaN,
        "Normalized Income": 7936000000.0,
        "Net Income From Continuing And Discontinued Operation": 7936000000.0,
        "Total Expenses": 238395000000.0,
        "Total Operating Income As Reported": 9303000000.0,
        "Diluted Average Shares": 1585000000.0,
        "Basic Average Shares": 1573500000.0,
        "Diluted EPS": 5.0,
        "Basic EPS": 5.04,
        "Diluted NI Availto Com Stockholders": 7936000000.0,
        "Net Income Common Stockholders": 7936000000.0,
        "Otherunder Preferred Stock Dividend": 0.0,
        "Net Income": 7936000000.0,
        "Minority Interests": -287000000.0,
        "Net Income Including Noncontrolling Interests": 8223000000.0,
        "Net Income Continuous Operations": 8223000000.0,
        "Tax Provision": 2579000000.0,
        "Pretax Income": 10802000000.0,
        "Other Income Expense": 2209000000.0,
        "Other Non Operating Income Expenses": 1782000000.0,
        "Special Income Charges": NaN,
        "Write Off": NaN,
        "Restructuring And Mergern Acquisition": NaN,
        "Earnings From Equity Interest": 427000000.0,
        "Gain On Sale Of Security": NaN,
        "Net Non Operating Interest Income Expense": -710000000.0,
        "Interest Expense Non Operating": 710000000.0,
        "Interest Income Non Operating": NaN,
        "Operating Income": 9303000000.0,
        "Operating Expense": 29448000000.0,
        "Other Operating Expenses": 15225000000.0,
        "Research And Development": 3794000000.0,
        "Selling General And Administration": 10429000000.0,
        "Selling And Marketing Expense": 7955000000.0,
        "General And Administrative Expense": 2474000000.0,
        "Other Gand A": 2474000000.0,
        "Gross Profit": 38751000000.0,
        "Cost Of Revenue": 208947000000.0,
        "Total Revenue": 247698000000.0,
        "Operating Revenue": 247698000000.0
    },
    "2023-12-31": {
        "Tax Effect Of Unusual Items": -2050750000.0,
        "Tax Rate For Calcs": 0.25,
        "Normalized EBITDA": 12436000000.0,
        "Total Unusual Items": -8203000000.0,
        "Total Unusual Items Excluding Goodwill": -8203000000.0,
        "Net Income From Continuing Operation Net Minority Interest": 3389000000.0,
        "Reconciled Depreciation": NaN,
        "Reconciled Cost Of Revenue": 262575000000.0,
        "EBITDA": 4233000000.0,
        "EBIT": 4233000000.0,
        "Net Interest Income": 8649000000.0,
        "Interest Expense": 927000000.0,
        "Interest Income": NaN,
        "Normalized Income": 9541250000.0,
        "Net Income From Continuing And Discontinued Operation": 3389000000.0,
        "Total Expenses": 297129000000.0,
        "Total Operating Income As Reported": 2025000000.0,
        "Diluted Average Shares": 1583000000.0,
        "Basic Average Shares": 1573500000.0,
        "Diluted EPS": 2.14,
        "Basic EPS": 2.16,
        "Diluted NI Availto Com Stockholders": 3359000000.0,
        "Net Income Common Stockholders": 3389000000.0,
        "Otherunder Preferred Stock Dividend": NaN,
        "Net Income": 3389000000.0,
        "Minority Interests": 1477000000.0,
        "Net Income Including Noncontrolling Interests": 1912000000.0,
        "Net Income Continuous Operations": 1912000000.0,
        "Tax Provision": 1394000000.0,
        "Pretax Income": 3306000000.0,
        "Other Income Expense": -14291000000.0,
        "Other Non Operating Income Expenses": -6585000000.0,
        "Special Income Charges": NaN,
        "Write Off": NaN,
        "Restructuring And Mergern Acquisition": NaN,
        "Earnings From Equity Interest": 497000000.0,
        "Gain On Sale Of Security": -81000000.0,
        "Net Non Operating Interest Income Expense": 8649000000.0,
        "Interest Expense Non Operating": 927000000.0,
        "Interest Income Non Operating": NaN,
        "Operating Income": 8948000000.0,
        "Operating Expense": 34554000000.0,
        "Other Operating Expenses": 14726000000.0,
        "Research And Development": 4341000000.0,
        "Selling General And Administration": 15487000000.0,
        "Selling And Marketing Expense": 13110000000.0,
        "General And Administrative Expense": 2377000000.0,
        "Other Gand A": 2377000000.0,
        "Gross Profit": 43502000000.0,
        "Cost Of Revenue": 262575000000.0,
        "Total Revenue": 306077000000.0,
        "Operating Revenue": 306077000000.0
    },
    "2024-03-31": {
        "Tax Effect Of Unusual Items": -21191395.47711,
        "Tax Rate For Calcs": 0.187534,
        "Normalized EBITDA": 11996000000.0,
        "Total Unusual Items": -113000000.0,
        "Total Unusual Items Excluding Goodwill": -113000000.0,
        "Net Income From Continuing Operation Net Minority Interest": 7130000000.0,
        "Reconciled Depreciation": 2217000000.0,
        "Reconciled Cost Of Revenue": 220279000000.0,
        "EBITDA": 11883000000.0,
        "EBIT": 9666000000.0,
        "Net Interest Income": 1988000000.0,
        "Interest Expense": 601000000.0,
        "Interest Income": 2589000000.0,
        "Normalized Income": 7221808604.52289,
        "Net Income From Continuing And Discontinued Operation": 7130000000.0,
        "Total Expenses": 251971000000.0,
        "Total Operating Income As Reported": 7700000000.0,
        "Diluted Average Shares": 1572014404.0,
        "Basic Average Shares": 1563204614.0,
        "Diluted EPS": 4.54,
        "Basic EPS": 4.56,
        "Diluted NI Availto Com Stockholders": 7130000000.0,
        "Net Income Common Stockholders": 7130000000.0,
        "Otherunder Preferred Stock Dividend": NaN,
        "Net Income": 7130000000.0,
        "Minority Interests": -235000000.0,
        "Net Income Including Noncontrolling Interests": 7365000000.0,
        "Net Income Continuous Operations": 7365000000.0,
        "Tax Provision": 1700000000.0,
        "Pretax Income": 9065000000.0,
        "Other Income Expense": -1001000000.0,
        "Other Non Operating Income Expenses": -158000000.0,
        "Special Income Charges": -71000000.0,
        "Write Off": 120000000.0,
        "Restructuring And Mergern Acquisition": -49000000.0,
        "Earnings From Equity Interest": -730000000.0,
        "Gain On Sale Of Security": -42000000.0,
        "Net Non Operating Interest Income Expense": 1988000000.0,
        "Interest Expense Non Operating": 601000000.0,
        "Interest Income Non Operating": 2589000000.0,
        "Operating Income": 8078000000.0,
        "Operating Expense": 31692000000.0,
        "Other Operating Expenses": 16428000000.0,
        "Research And Development": 4034000000.0,
        "Selling General And Administration": 11230000000.0,
        "Selling And Marketing Expense": 9254000000.0,
        "General And Administrative Expense": 1976000000.0,
        "Other Gand A": 1976000000.0,
        "Gross Profit": 39770000000.0,
        "Cost Of Revenue": 220279000000.0,
        "Total Revenue": 260049000000.0,
        "Operating Revenue": 260049000000.0
    },
    "2024-06-30": {
        "Tax Effect Of Unusual Items": 0.0,
        "Tax Rate For Calcs": 0.129483,
        "Normalized EBITDA": 16304000000.0,
        "Total Unusual Items": NaN,
        "Total Unusual Items Excluding Goodwill": NaN,
        "Net Income From Continuing Operation Net Minority Interest": 12644000000.0,
        "Reconciled Depreciation": NaN,
        "Reconciled Cost Of Revenue": 245459000000.0,
        "EBITDA": 16304000000.0,
        "EBIT": 16304000000.0,
        "Net Interest Income": -688000000.0,
        "Interest Expense": 688000000.0,
        "Interest Income": NaN,
        "Normalized Income": 12644000000.0,
        "Net Income From Continuing And Discontinued Operation": 12644000000.0,
        "Total Expenses": 280896000000.0,
        "Total Operating Income As Reported": 10501000000.0,
        "Diluted Average Shares": 1542500000.0,
        "Basic Average Shares": 1506500000.0,
        "Diluted EPS": 8.18,
        "Basic EPS": 8.4,
        "Diluted NI Availto Com Stockholders": 12644000000.0,
        "Net Income Common Stockholders": 12644000000.0,
        "Otherunder Preferred Stock Dividend": NaN,
        "Net Income": 12644000000.0,
        "Minority Interests": -950000000.0,
        "Net Income Including Noncontrolling Interests": 13594000000.0,
        "Net Income Continuous Operations": 13594000000.0,
        "Tax Provision": 2022000000.0,
        "Pretax Income": 15616000000.0,
        "Other Income Expense": 5803000000.0,
        "Other Non Operating Income Expenses": 4661000000.0,
        "Special Income Charges": NaN,
        "Write Off": NaN,
        "Restructuring And Mergern Acquisition": NaN,
        "Earnings From Equity Interest": 1142000000.0,
        "Gain On Sale Of Security": NaN,
        "Net Non Operating Interest Income Expense": -688000000.0,
        "Interest Expense Non Operating": 688000000.0,
        "Interest Income Non Operating": NaN,
        "Operating Income": 10501000000.0,
        "Operating Expense": 35437000000.0,
        "Other Operating Expenses": 17221000000.0,
        "Research And Development": 4217000000.0,
        "Selling General And Administration": 13999000000.0,
        "Selling And Marketing Expense": 11867000000.0,
        "General And Administrative Expense": 2132000000.0,
        "Other Gand A": 2132000000.0,
        "Gross Profit": 45938000000.0,
        "Cost Of Revenue": 245459000000.0,
        "Total Revenue": 291397000000.0,
        "Operating Revenue": 291397000000.0
    },
    "2024-09-30": {
        "Tax Effect Of Unusual Items": 0.0,
        "Tax Rate For Calcs": 0.157843,
        "Normalized EBITDA": 15924000000.0,
        "Total Unusual Items": NaN,
        "Total Unusual Items Excluding Goodwill": NaN,
        "Net Income From Continuing Operation Net Minority Interest": 11731000000.0,
        "Reconciled Depreciation": NaN,
        "Reconciled Cost Of Revenue": 215344000000.0,
        "EBITDA": 15924000000.0,
        "EBIT": 15924000000.0,
        "Net Interest Income": -681000000.0,
        "Interest Expense": 681000000.0,
        "Interest Income": NaN,
        "Normalized Income": 11731000000.0,
        "Net Income From Continuing And Discontinued Operation": 11731000000.0,
        "Total Expenses": 248343000000.0,
        "Total Operating Income As Reported": 12044000000.0,
        "Diluted Average Shares": 1517500000.0,
        "Basic Average Shares": 1458000000.0,
        "Diluted EPS": 7.72,
        "Basic EPS": 8.04,
        "Diluted NI Availto Com Stockholders": 11731000000.0,
        "Net Income Common Stockholders": 11731000000.0,
        "Otherunder Preferred Stock Dividend": NaN,
        "Net Income": 11731000000.0,
        "Minority Interests": -1106000000.0,
        "Net Income Including Noncontrolling Interests": 12837000000.0,
        "Net Income Continuous Operations": 12837000000.0,
        "Tax Provision": 2406000000.0,
        "Pretax Income": 15243000000.0,
        "Other Income Expense": 3880000000.0,
        "Other Non Operating Income Expenses": 2521000000.0,
        "Special Income Charges": NaN,
        "Write Off": NaN,
        "Restructuring And Mergern Acquisition": NaN,
        "Earnings From Equity Interest": 1359000000.0,
        "Gain On Sale Of Security": NaN,
        "Net Non Operating Interest Income Expense": -681000000.0,
        "Interest Expense Non Operating": 681000000.0,
        "Interest Income Non Operating": NaN,
        "Operating Income": 12044000000.0,
        "Operating Expense": 32999000000.0,
        "Other Operating Expenses": 16278000000.0,
        "Research And Development": 4396000000.0,
        "Selling General And Administration": 12325000000.0,
        "Selling And Marketing Expense": 10000000000.0,
        "General And Administrative Expense": 2325000000.0,
        "Other Gand A": 2325000000.0,
        "Gross Profit": 45043000000.0,
        "Cost Of Revenue": 215344000000.0,
        "Total Revenue": 260387000000.0,
        "Operating Revenue": 260387000000.0
    }
}