{
    "2023-03-31": {
        "Tax Effect Of Unusual Items": NaN,
        "Tax Rate For Calcs": NaN,
        "Normalized EBITDA": NaN,
        "Total Unusual Items": NaN,
        "Total Unusual Items Excluding Goodwill": NaN,
        "Net Income From Continuing Operation Net Minority Interest": NaN,
        "Reconciled Cost Of Revenue": NaN,
        "EBITDA": NaN,
        "EBIT": NaN,
        "Net Interest Income": NaN,
        "Interest Expense": NaN,
        "Interest Income": NaN,
        "Normalized Income": NaN,
        "Net Income From Continuing And Discontinued Operation": NaN,
        "Total Expenses": NaN,
        "Total Operating Income As Reported": NaN,
        "Diluted Average Shares": NaN,
        "Basic Average Shares": NaN,
        "Diluted EPS": NaN,
        "Basic EPS": NaN,
        "Diluted NI Availto Com Stockholders": NaN,
        "Net Income Common Stockholders": NaN,
        "Net Income": NaN,
        "Minority Interests": NaN,
        "Net Income Including Noncontrolling Interests": NaN,
        "Net Income Continuous Operations": NaN,
        "Tax Provision": NaN,
        "Pretax Income": NaN,
        "Other Income Expense": NaN,
        "Other Non Operating Income Expenses": NaN,
        "Earnings From Equity Interest": 0.0,
        "Gain On Sale Of Security": NaN,
        "Net Non Operating Interest Income Expense": NaN,
        "Interest Expense Non Operating": NaN,
        "Interest Income Non Operating": NaN,
        "Operating Income": NaN,
        "Operating Expense": NaN,
        "Other Operating Expenses": NaN,
        "Research And Development": NaN,
        "Selling General And Administration": NaN,
        "Selling And Marketing Expense": NaN,
        "General And Administrative Expense": NaN,
        "Other Gand A": NaN,
        "Gross Profit": NaN,
        "Cost Of Revenue": NaN,
        "Total Revenue": NaN,
        "Operating Revenue": NaN
    },
    "2022-12-31": {
        "Tax Effect Of Unusual Items": NaN,
        "Tax Rate For Calcs": NaN,
        "Normalized EBITDA": NaN,
        "Total Unusual Items": 928000.0,
        "Total Unusual Items Excluding Goodwill": 928000.0,
        "Net Income From Continuing Operation Net Minority Interest": NaN,
        "Reconciled Cost Of Revenue": NaN,
        "EBITDA": NaN,
        "EBIT": NaN,
        "Net Interest Income": NaN,
        "Interest Expense": NaN,
        "Interest Income": NaN,
        "Normalized Income": NaN,
        "Net Income From Continuing And Discontinued Operation": NaN,
        "Total Expenses": NaN,
        "Total Operating Income As Reported": NaN,
        "Diluted Average Shares": NaN,
        "Basic Average Shares": NaN,
        "Diluted EPS": NaN,
        "Basic EPS": NaN,
        "Diluted NI Availto Com Stockholders": NaN,
        "Net Income Common Stockholders": NaN,
        "Net Income": NaN,
        "Minority Interests": NaN,
        "Net Income Including Noncontrolling Interests": NaN,
        "Net Income Continuous Operations": NaN,
        "Tax Provision": NaN,
        "Pretax Income": NaN,
        "Other Income Expense": NaN,
        "Other Non Operating Income Expenses": NaN,
        "Earnings From Equity Interest": NaN,
        "Gain On Sale Of Security": 928000.0,
        "Net Non Operating Interest Income Expense": NaN,
        "Interest Expense Non Operating": NaN,
        "Interest Income Non Operating": NaN,
        "Operating Income": NaN,
        "Operating Expense": NaN,
        "Other Operating Expenses": NaN,
        "Research And Development": NaN,
        "Selling General And Administration": NaN,
        "Selling And Marketing Expense": NaN,
        "General And Administrative Expense": NaN,
        "Other Gand A": NaN,
        "Gross Profit": NaN,
        "Cost Of Revenue": NaN,
        "Total Revenue": NaN,
        "Operating Revenue": NaN
    },
    "2022-09-30": {
        "Tax Effect Of Unusual Items": -2112.033793,
        "Tax Rate For Calcs": 0.00528,
        "Normalized EBITDA": -20239000.0,
        "Total Unusual Items": -400000.0,
        "Total Unusual Items Excluding Goodwill": -400000.0,
        "Net Income From Continuing Operation Net Minority Interest": -20427000.0,
        "Reconciled Cost Of Revenue": 26403000.0,
        "EBITDA": -20639000.0,
        "EBIT": -20639000.0,
        "Net Interest Income": 82000.0,
        "Interest Expense": 194000.0,
        "Interest Income": 276000.0,
        "Normalized Income": -20029112.033793,
        "Net Income From Continuing And Discontinued Operation": -20427000.0,
        "Total Expenses": 106425000.0,
        "Total Operating Income As Reported": -25994000.0,
        "Diluted Average Shares": 118959907.0,
        "Basic Average Shares": 118959907.0,
        "Diluted EPS": -0.173333,
        "Basic EPS": -0.173333,
        "Diluted NI Availto Com Stockholders": -20427000.0,
        "Net Income Common Stockholders": -20427000.0,
        "Net Income": -20427000.0,
        "Minority Interests": 296000.0,
        "Net Income Including Noncontrolling Interests": -20723000.0,
        "Net Income Continuous Operations": -20723000.0,
        "Tax Provision": -110000.0,
        "Pretax Income": -20833000.0,
        "Other Income Expense": 5079000.0,
        "Other Non Operating Income Expenses": 5479000.0,
        "Gain On Sale Of Security": -400000.0,
        "Net Non Operating Interest Income Expense": 82000.0,
        "Interest Expense Non Operating": 194000.0,
        "Interest Income Non Operating": 276000.0,
        "Operating Income": -25994000.0,
        "Operating Expense": 80022000.0,
        "Research And Development": 38275000.0,
        "Selling General And Administration": 41747000.0,
        "Selling And Marketing Expense": 24178000.0,
        "General And Administrative Expense": 17569000.0,
        "Other Gand A": 17569000.0,
        "Gross Profit": 54028000.0,
        "Cost Of Revenue": 26403000.0,
        "Total Revenue": 80431000.0,
        "Operating Revenue": 80431000.0
    },
    "2022-06-30": {
        "Tax Effect Of Unusual Items": -1336400.0,
        "Tax Rate For Calcs": 0.4,
        "Normalized EBITDA": -20133000.0,
        "Total Unusual Items": -3341000.0,
        "Total Unusual Items Excluding Goodwill": -3341000.0,
        "Net Income From Continuing Operation Net Minority Interest": -23416000.0,
        "Reconciled Cost Of Revenue": 22673000.0,
        "EBITDA": -23474000.0,
        "EBIT": -23474000.0,
        "Net Interest Income": -387000.0,
        "Interest Expense": 775000.0,
        "Interest Income": 388000.0,
        "Normalized Income": -21411400.0,
        "Net Income From Continuing And Discontinued Operation": -23416000.0,
        "Total Expenses": 110394000.0,
        "Total Operating Income As Reported": -34247000.0,
        "Diluted Average Shares": 118708251.0,
        "Basic Average Shares": 118708251.0,
        "Diluted EPS": -0.2,
        "Basic EPS": -0.2,
        "Diluted NI Availto Com Stockholders": -23416000.0,
        "Net Income Common Stockholders": -23416000.0,
        "Net Income": -23416000.0,
        "Minority Interests": 972000.0,
        "Net Income Including Noncontrolling Interests": -24388000.0,
        "Net Income Continuous Operations": -24388000.0,
        "Tax Provision": 139000.0,
        "Pretax Income": -24249000.0,
        "Other Income Expense": 10385000.0,
        "Other Non Operating Income Expenses": 13726000.0,
        "Gain On Sale Of Security": -3341000.0,
        "Net Non Operating Interest Income Expense": -387000.0,
        "Interest Expense Non Operating": 775000.0,
        "Interest Income Non Operating": 388000.0,
        "Operating Income": -34247000.0,
        "Operating Expense": 87721000.0,
        "Research And Development": 40794000.0,
        "Selling General And Administration": 46927000.0,
        "Selling And Marketing Expense": 23326000.0,
        "General And Administrative Expense": 23601000.0,
        "Other Gand A": 23601000.0,
        "Gross Profit": 53474000.0,
        "Cost Of Revenue": 22673000.0,
        "Total Revenue": 76147000.0,
        "Operating Revenue": 76147000.0
    },
    "2023-06-30": {
        "Tax Effect Of Unusual Items": NaN,
        "Tax Rate For Calcs": NaN,
        "Normalized EBITDA": NaN,
        "Total Unusual Items": -118000.0,
        "Total Unusual Items Excluding Goodwill": -118000.0,
        "Net Income From Continuing Operation Net Minority Interest": NaN,
        "Reconciled Cost Of Revenue": NaN,
        "EBITDA": NaN,
        "EBIT": NaN,
        "Net Interest Income": NaN,
        "Interest Expense": NaN,
        "Interest Income": NaN,
        "Normalized Income": NaN,
        "Net Income From Continuing And Discontinued Operation": NaN,
        "Total Expenses": NaN,
        "Total Operating Income As Reported": NaN,
        "Diluted Average Shares": NaN,
        "Basic Average Shares": NaN,
        "Diluted EPS": NaN,
        "Basic EPS": NaN,
        "Diluted NI Availto Com Stockholders": NaN,
        "Net Income Common Stockholders": NaN,
        "Net Income": NaN,
        "Minority Interests": NaN,
        "Net Income Including Noncontrolling Interests": NaN,
        "Net Income Continuous Operations": NaN,
        "Tax Provision": NaN,
        "Pretax Income": NaN,
        "Other Income Expense": NaN,
        "Other Non Operating Income Expenses": NaN,
        "Earnings From Equity Interest": NaN,
        "Gain On Sale Of Security": -118000.0,
        "Net Non Operating Interest Income Expense": NaN,
        "Interest Expense Non Operating": NaN,
        "Interest Income Non Operating": NaN,
        "Operating Income": NaN,
        "Operating Expense": NaN,
        "Other Operating Expenses": NaN,
        "Research And Development": NaN,
        "Selling General And Administration": NaN,
        "Selling And Marketing Expense": NaN,
        "General And Administrative Expense": NaN,
        "Other Gand A": NaN,
        "Gross Profit": NaN,
        "Cost Of Revenue": NaN,
        "Total Revenue": NaN,
        "Operating Revenue": NaN
    },
    "2023-09-30": {
        "Tax Effect Of Unusual Items": 913.00711,
        "Tax Rate For Calcs": 0.024676,
        "Normalized EBITDA": -7001000.0,
        "Total Unusual Items": 37000.0,
        "Total Unusual Items Excluding Goodwill": 37000.0,
        "Net Income From Continuing Operation Net Minority Interest": -6771000.0,
        "Reconciled Cost Of Revenue": 21756000.0,
        "EBITDA": -6964000.0,
        "EBIT": -6964000.0,
        "Net Interest Income": 60000.0,
        "Interest Expense": 209000.0,
        "Interest Income": 269000.0,
        "Normalized Income": -6807086.99289,
        "Net Income From Continuing And Discontinued Operation": -6771000.0,
        "Total Expenses": 75889000.0,
        "Total Operating Income As Reported": -1831000.0,
        "Diluted Average Shares": 5979878.0,
        "Basic Average Shares": 5979878.0,
        "Diluted EPS": -1.066664,
        "Basic EPS": -1.066664,
        "Diluted NI Availto Com Stockholders": -6771000.0,
        "Net Income Common Stockholders": -6771000.0,
        "Net Income": -6771000.0,
        "Minority Interests": 225000.0,
        "Net Income Including Noncontrolling Interests": -6996000.0,
        "Net Income Continuous Operations": -6996000.0,
        "Tax Provision": -177000.0,
        "Pretax Income": -7173000.0,
        "Other Income Expense": -5402000.0,
        "Other Non Operating Income Expenses": -5439000.0,
        "Earnings From Equity Interest": NaN,
        "Gain On Sale Of Security": 37000.0,
        "Net Non Operating Interest Income Expense": 60000.0,
        "Interest Expense Non Operating": 209000.0,
        "Interest Income Non Operating": 269000.0,
        "Operating Income": -1831000.0,
        "Operating Expense": 54133000.0,
        "Other Operating Expenses": -5850000.0,
        "Research And Development": 32797000.0,
        "Selling General And Administration": 27186000.0,
        "Selling And Marketing Expense": 21750000.0,
        "General And Administrative Expense": 5436000.0,
        "Other Gand A": 5436000.0,
        "Gross Profit": 52302000.0,
        "Cost Of Revenue": 21756000.0,
        "Total Revenue": 74058000.0,
        "Operating Revenue": 74058000.0
    },
    "2023-12-31": {
        "Tax Effect Of Unusual Items": 4198.00885,
        "Tax Rate For Calcs": 0.076327,
        "Normalized EBITDA": -17977000.0,
        "Total Unusual Items": 55000.0,
        "Total Unusual Items Excluding Goodwill": 55000.0,
        "Net Income From Continuing Operation Net Minority Interest": -17245000.0,
        "Reconciled Cost Of Revenue": 24129000.0,
        "EBITDA": -17922000.0,
        "EBIT": -17922000.0,
        "Net Interest Income": 89000.0,
        "Interest Expense": 158000.0,
        "Interest Income": 247000.0,
        "Normalized Income": -17295801.99115,
        "Net Income From Continuing And Discontinued Operation": -17245000.0,
        "Total Expenses": 85159000.0,
        "Total Operating Income As Reported": -7749000.0,
        "Diluted Average Shares": 5948947.0,
        "Basic Average Shares": 5948947.0,
        "Diluted EPS": -2.933326,
        "Basic EPS": -2.933326,
        "Diluted NI Availto Com Stockholders": -17245000.0,
        "Net Income Common Stockholders": -17245000.0,
        "Net Income": -17245000.0,
        "Minority Interests": -545000.0,
        "Net Income Including Noncontrolling Interests": -16700000.0,
        "Net Income Continuous Operations": -16700000.0,
        "Tax Provision": -1380000.0,
        "Pretax Income": -18080000.0,
        "Other Income Expense": -10420000.0,
        "Other Non Operating Income Expenses": -10025000.0,
        "Earnings From Equity Interest": -450000.0,
        "Gain On Sale Of Security": 55000.0,
        "Net Non Operating Interest Income Expense": 89000.0,
        "Interest Expense Non Operating": 158000.0,
        "Interest Income Non Operating": 247000.0,
        "Operating Income": -7749000.0,
        "Operating Expense": 61030000.0,
        "Other Operating Expenses": -182000.0,
        "Research And Development": 27085000.0,
        "Selling General And Administration": 34127000.0,
        "Selling And Marketing Expense": 22056000.0,
        "General And Administrative Expense": 12071000.0,
        "Other Gand A": 12071000.0,
        "Gross Profit": 53281000.0,
        "Cost Of Revenue": 24129000.0,
        "Total Revenue": 77410000.0,
        "Operating Revenue": 77410000.0
    },
    "2024-03-31": {
        "Tax Effect Of Unusual Items": 0.0,
        "Tax Rate For Calcs": 0.085404,
        "Normalized EBITDA": -2851000.0,
        "Total Unusual Items": NaN,
        "Total Unusual Items Excluding Goodwill": NaN,
        "Net Income From Continuing Operation Net Minority Interest": -2399000.0,
        "Reconciled Cost Of Revenue": 18152000.0,
        "EBITDA": -2851000.0,
        "EBIT": -2851000.0,
        "Net Interest Income": 2181000.0,
        "Interest Expense": 6000.0,
        "Interest Income": 2187000.0,
        "Normalized Income": -2399000.0,
        "Net Income From Continuing And Discontinued Operation": -2399000.0,
        "Total Expenses": 69577000.0,
        "Total Operating Income As Reported": -5053000.0,
        "Diluted Average Shares": 5976580.0,
        "Basic Average Shares": 5976580.0,
        "Diluted EPS": -0.399999,
        "Basic EPS": -0.399999,
        "Diluted NI Availto Com Stockholders": -2399000.0,
        "Net Income Common Stockholders": -2399000.0,
        "Net Income": -2399000.0,
        "Minority Interests": 214000.0,
        "Net Income Including Noncontrolling Interests": -2613000.0,
        "Net Income Continuous Operations": -2613000.0,
        "Tax Provision": -244000.0,
        "Pretax Income": -2857000.0,
        "Other Income Expense": 15000.0,
        "Other Non Operating Income Expenses": 15000.0,
        "Earnings From Equity Interest": 0.0,
        "Gain On Sale Of Security": NaN,
        "Net Non Operating Interest Income Expense": 2181000.0,
        "Interest Expense Non Operating": 6000.0,
        "Interest Income Non Operating": 2187000.0,
        "Operating Income": -5053000.0,
        "Operating Expense": 51425000.0,
        "Other Operating Expenses": -1579000.0,
        "Research And Development": 22681000.0,
        "Selling General And Administration": 30323000.0,
        "Selling And Marketing Expense": 17391000.0,
        "General And Administrative Expense": 12932000.0,
        "Other Gand A": 12932000.0,
        "Gross Profit": 46372000.0,
        "Cost Of Revenue": 18152000.0,
        "Total Revenue": 64524000.0,
        "Operating Revenue": 64524000.0
    },
    "2024-06-30": {
        "Tax Effect Of Unusual Items": 6750.0,
        "Tax Rate For Calcs": 0.25,
        "Normalized EBITDA": -806000.0,
        "Total Unusual Items": 27000.0,
        "Total Unusual Items Excluding Goodwill": 27000.0,
        "Net Income From Continuing Operation Net Minority Interest": -1000000.0,
        "Reconciled Cost Of Revenue": 26670000.0,
        "EBITDA": -779000.0,
        "EBIT": -779000.0,
        "Net Interest Income": 153000.0,
        "Interest Expense": 42000.0,
        "Interest Income": 195000.0,
        "Normalized Income": -1020250.0,
        "Net Income From Continuing And Discontinued Operation": -1000000.0,
        "Total Expenses": 80422000.0,
        "Total Operating Income As Reported": -981000.0,
        "Diluted Average Shares": 5970309.0,
        "Basic Average Shares": 5970309.0,
        "Diluted EPS": -0.133333,
        "Basic EPS": -0.133333,
        "Diluted NI Availto Com Stockholders": -1000000.0,
        "Net Income Common Stockholders": -1000000.0,
        "Net Income": -1000000.0,
        "Minority Interests": 304000.0,
        "Net Income Including Noncontrolling Interests": -1304000.0,
        "Net Income Continuous Operations": -1304000.0,
        "Tax Provision": 483000.0,
        "Pretax Income": -821000.0,
        "Other Income Expense": 7000.0,
        "Other Non Operating Income Expenses": -20000.0,
        "Earnings From Equity Interest": NaN,
        "Gain On Sale Of Security": 27000.0,
        "Net Non Operating Interest Income Expense": 153000.0,
        "Interest Expense Non Operating": 42000.0,
        "Interest Income Non Operating": 195000.0,
        "Operating Income": -981000.0,
        "Operating Expense": 53752000.0,
        "Other Operating Expenses": -1055000.0,
        "Research And Development": 23652000.0,
        "Selling General And Administration": 31155000.0,
        "Selling And Marketing Expense": 20478000.0,
        "General And Administrative Expense": 10677000.0,
        "Other Gand A": 10677000.0,
        "Gross Profit": 52771000.0,
        "Cost Of Revenue": 26670000.0,
        "Total Revenue": 79441000.0,
        "Operating Revenue": 79441000.0
    },
    "2024-09-30": {
        "Tax Effect Of Unusual Items": 2694.775435,
        "Tax Rate For Calcs": 0.010999,
        "Normalized EBITDA": -2385000.0,
        "Total Unusual Items": 245000.0,
        "Total Unusual Items Excluding Goodwill": 245000.0,
        "Net Income From Continuing Operation Net Minority Interest": -2581000.0,
        "Reconciled Cost Of Revenue": 25846000.0,
        "EBITDA": -2140000.0,
        "EBIT": -2140000.0,
        "Net Interest Income": 169000.0,
        "Interest Expense": 42000.0,
        "Interest Income": 211000.0,
        "Normalized Income": -2823305.224565,
        "Net Income From Continuing And Discontinued Operation": -2581000.0,
        "Total Expenses": 82696000.0,
        "Total Operating Income As Reported": -3644000.0,
        "Diluted Average Shares": 5978810.0,
        "Basic Average Shares": 5978810.0,
        "Diluted EPS": -0.399999,
        "Basic EPS": -0.399999,
        "Diluted NI Availto Com Stockholders": -2581000.0,
        "Net Income Common Stockholders": -2581000.0,
        "Net Income": -2581000.0,
        "Minority Interests": -423000.0,
        "Net Income Including Noncontrolling Interests": -2158000.0,
        "Net Income Continuous Operations": -2158000.0,
        "Tax Provision": -24000.0,
        "Pretax Income": -2182000.0,
        "Other Income Expense": 1293000.0,
        "Other Non Operating Income Expenses": 1048000.0,
        "Earnings From Equity Interest": NaN,
        "Gain On Sale Of Security": 245000.0,
        "Net Non Operating Interest Income Expense": 169000.0,
        "Interest Expense Non Operating": 42000.0,
        "Interest Income Non Operating": 211000.0,
        "Operating Income": -3644000.0,
        "Operating Expense": 56850000.0,
        "Other Operating Expenses": -202000.0,
        "Research And Development": 24157000.0,
        "Selling General And Administration": 32895000.0,
        "Selling And Marketing Expense": 22448000.0,
        "General And Administrative Expense": 10447000.0,
        "Other Gand A": 10447000.0,
        "Gross Profit": 53206000.0,
        "Cost Of Revenue": 25846000.0,
        "Total Revenue": 79052000.0,
        "Operating Revenue": 79052000.0
    }
}