{
    "2023-06-30": {
        "Tax Effect Of Unusual Items": -36132254.995243,
        "Tax Rate For Calcs": 0.147479,
        "Normalized EBITDA": 8702000000.0,
        "Total Unusual Items": -245000000.0,
        "Total Unusual Items Excluding Goodwill": -245000000.0,
        "Net Income From Continuing Operation Net Minority Interest": 5376000000.0,
        "Reconciled Depreciation": 1934000000.0,
        "Reconciled Cost Of Revenue": 6462000000.0,
        "EBITDA": 8457000000.0,
        "EBIT": 6523000000.0,
        "Net Interest Income": 109000000.0,
        "Interest Expense": 217000000.0,
        "Interest Income": 326000000.0,
        "Normalized Income": 5584867745.004757,
        "Net Income From Continuing And Discontinued Operation": 5144000000.0,
        "Total Expenses": 15161000000.0,
        "Diluted Average Shares": 2625700000.0,
        "Basic Average Shares": 2598400000.0,
        "Diluted EPS": 1.96,
        "Basic EPS": 1.98,
        "Diluted NI Availto Com Stockholders": 5144000000.0,
        "Net Income Common Stockholders": 5144000000.0,
        "Net Income": 5144000000.0,
        "Net Income Including Noncontrolling Interests": 5144000000.0,
        "Net Income Discontinuous Operations": -232000000.0,
        "Net Income Continuous Operations": 5376000000.0,
        "Tax Provision": 930000000.0,
        "Pretax Income": 6306000000.0,
        "Other Income Expense": -145000000.0,
        "Other Non Operating Income Expenses": 100000000.0,
        "Special Income Charges": -245000000.0,
        "Other Special Charges": 100000000.0,
        "Write Off": 0.0,
        "Impairment Of Capital Assets": NaN,
        "Restructuring And Mergern Acquisition": 145000000.0,
        "Gain On Sale Of Security": NaN,
        "Net Non Operating Interest Income Expense": 109000000.0,
        "Interest Expense Non Operating": 217000000.0,
        "Interest Income Non Operating": 326000000.0,
        "Operating Income": 6358000000.0,
        "Operating Expense": 8699000000.0,
        "Research And Development": 3703000000.0,
        "Selling General And Administration": 4996000000.0,
        "General And Administrative Expense": 4996000000.0,
        "Other Gand A": 5396000000.0,
        "Salaries And Wages": -400000000.0,
        "Gross Profit": 15057000000.0,
        "Cost Of Revenue": 6462000000.0,
        "Total Revenue": 21519000000.0,
        "Operating Revenue": 21519000000.0
    },
    "2023-03-31": {
        "Tax Effect Of Unusual Items": NaN,
        "Tax Rate For Calcs": NaN,
        "Normalized EBITDA": NaN,
        "Total Unusual Items": NaN,
        "Total Unusual Items Excluding Goodwill": NaN,
        "Net Income From Continuing Operation Net Minority Interest": NaN,
        "Reconciled Depreciation": NaN,
        "Reconciled Cost Of Revenue": NaN,
        "EBITDA": NaN,
        "EBIT": NaN,
        "Net Interest Income": NaN,
        "Interest Expense": NaN,
        "Interest Income": NaN,
        "Normalized Income": NaN,
        "Net Income From Continuing And Discontinued Operation": NaN,
        "Total Expenses": NaN,
        "Diluted Average Shares": NaN,
        "Basic Average Shares": NaN,
        "Diluted EPS": NaN,
        "Basic EPS": NaN,
        "Diluted NI Availto Com Stockholders": NaN,
        "Net Income Common Stockholders": NaN,
        "Net Income": NaN,
        "Net Income Including Noncontrolling Interests": NaN,
        "Net Income Discontinuous Operations": NaN,
        "Net Income Continuous Operations": NaN,
        "Tax Provision": NaN,
        "Pretax Income": NaN,
        "Other Income Expense": NaN,
        "Other Non Operating Income Expenses": NaN,
        "Special Income Charges": NaN,
        "Other Special Charges": NaN,
        "Write Off": NaN,
        "Impairment Of Capital Assets": 49000000.0,
        "Restructuring And Mergern Acquisition": NaN,
        "Gain On Sale Of Security": -100000000.0,
        "Net Non Operating Interest Income Expense": NaN,
        "Interest Expense Non Operating": NaN,
        "Interest Income Non Operating": NaN,
        "Operating Income": NaN,
        "Operating Expense": NaN,
        "Research And Development": NaN,
        "Selling General And Administration": NaN,
        "General And Administrative Expense": NaN,
        "Other Gand A": NaN,
        "Salaries And Wages": NaN,
        "Gross Profit": NaN,
        "Cost Of Revenue": NaN,
        "Total Revenue": NaN,
        "Operating Revenue": NaN
    },
    "2022-12-31": {
        "Tax Effect Of Unusual Items": 425685789.097834,
        "Tax Rate For Calcs": 0.162104,
        "Normalized EBITDA": 3524000000.0,
        "Total Unusual Items": 2626000000.0,
        "Total Unusual Items Excluding Goodwill": 2626000000.0,
        "Net Income From Continuing Operation Net Minority Interest": 3520000000.0,
        "Reconciled Depreciation": 1772000000.0,
        "Reconciled Cost Of Revenue": 7765000000.0,
        "EBITDA": 6150000000.0,
        "EBIT": 4378000000.0,
        "Net Interest Income": 77000000.0,
        "Interest Expense": 177000000.0,
        "Interest Income": 254000000.0,
        "Normalized Income": 1319685789.097834,
        "Net Income From Continuing And Discontinued Operation": 3520000000.0,
        "Total Expenses": 18901000000.0,
        "Diluted Average Shares": 2663900000.0,
        "Basic Average Shares": 2613597000.0,
        "Diluted EPS": 1.33,
        "Basic EPS": 1.346346,
        "Diluted NI Availto Com Stockholders": 3520000000.0,
        "Net Income Common Stockholders": 3520000000.0,
        "Net Income": 3520000000.0,
        "Net Income Including Noncontrolling Interests": 3520000000.0,
        "Net Income Discontinuous Operations": NaN,
        "Net Income Continuous Operations": 3520000000.0,
        "Tax Provision": 681000000.0,
        "Pretax Income": 4201000000.0,
        "Other Income Expense": -645000000.0,
        "Other Non Operating Income Expenses": -3271000000.0,
        "Special Income Charges": 1926000000.0,
        "Other Special Charges": NaN,
        "Restructuring And Mergern Acquisition": 84000000.0,
        "Gain On Sale Of Security": NaN,
        "Net Non Operating Interest Income Expense": 77000000.0,
        "Interest Expense Non Operating": 177000000.0,
        "Interest Income Non Operating": 254000000.0,
        "Operating Income": 4805000000.0,
        "Operating Expense": 11136000000.0,
        "Research And Development": 4624000000.0,
        "Selling General And Administration": 6512000000.0,
        "General And Administrative Expense": NaN,
        "Other Gand A": NaN,
        "Salaries And Wages": NaN,
        "Gross Profit": 15941000000.0,
        "Cost Of Revenue": 7765000000.0,
        "Total Revenue": 23706000000.0,
        "Operating Revenue": 23706000000.0
    },
    "2022-09-30": {
        "Tax Effect Of Unusual Items": NaN,
        "Tax Rate For Calcs": NaN,
        "Normalized EBITDA": NaN,
        "Total Unusual Items": NaN,
        "Total Unusual Items Excluding Goodwill": NaN,
        "Net Income From Continuing Operation Net Minority Interest": NaN,
        "Reconciled Depreciation": NaN,
        "Reconciled Cost Of Revenue": NaN,
        "EBITDA": NaN,
        "EBIT": NaN,
        "Net Interest Income": NaN,
        "Interest Expense": NaN,
        "Interest Income": NaN,
        "Normalized Income": NaN,
        "Net Income From Continuing And Discontinued Operation": NaN,
        "Total Expenses": NaN,
        "Diluted Average Shares": NaN,
        "Basic Average Shares": NaN,
        "Diluted EPS": NaN,
        "Basic EPS": NaN,
        "Diluted NI Availto Com Stockholders": NaN,
        "Net Income Common Stockholders": NaN,
        "Net Income": NaN,
        "Net Income Including Noncontrolling Interests": NaN,
        "Net Income Discontinuous Operations": 148000000.0,
        "Net Income Continuous Operations": NaN,
        "Tax Provision": NaN,
        "Pretax Income": NaN,
        "Other Income Expense": NaN,
        "Other Non Operating Income Expenses": NaN,
        "Special Income Charges": NaN,
        "Other Special Charges": NaN,
        "Impairment Of Capital Assets": NaN,
        "Restructuring And Mergern Acquisition": NaN,
        "Gain On Sale Of Security": -200000000.0,
        "Net Non Operating Interest Income Expense": NaN,
        "Interest Expense Non Operating": NaN,
        "Interest Income Non Operating": NaN,
        "Operating Income": NaN,
        "Operating Expense": NaN,
        "Research And Development": NaN,
        "Selling General And Administration": NaN,
        "General And Administrative Expense": NaN,
        "Other Gand A": NaN,
        "Salaries And Wages": NaN,
        "Gross Profit": NaN,
        "Cost Of Revenue": NaN,
        "Total Revenue": NaN,
        "Operating Revenue": NaN
    },
    "2022-06-30": {
        "Tax Effect Of Unusual Items": -14960000.0,
        "Tax Rate For Calcs": 0.176,
        "Normalized EBITDA": 6257000000.0,
        "Total Unusual Items": -85000000.0,
        "Total Unusual Items Excluding Goodwill": -85000000.0,
        "Net Income From Continuing Operation Net Minority Interest": 4814000000.0,
        "Reconciled Depreciation": 1744000000.0,
        "Reconciled Cost Of Revenue": 7919000000.0,
        "EBITDA": 6172000000.0,
        "EBIT": 6172000000.0,
        "Net Interest Income": 26000000.0,
        "Interest Expense": 38000000.0,
        "Interest Income": 64000000.0,
        "Normalized Income": 4884040000.0,
        "Net Income From Continuing And Discontinued Operation": 4814000000.0,
        "Total Expenses": 17848000000.0,
        "Diluted Average Shares": 2667900000.0,
        "Basic Average Shares": 2629032000.0,
        "Diluted EPS": 1.8,
        "Basic EPS": 1.829443,
        "Diluted NI Availto Com Stockholders": 4814000000.0,
        "Net Income Common Stockholders": 4814000000.0,
        "Net Income": 4814000000.0,
        "Net Income Including Noncontrolling Interests": 4814000000.0,
        "Net Income Discontinuous Operations": NaN,
        "Net Income Continuous Operations": 4814000000.0,
        "Tax Provision": 1026000000.0,
        "Pretax Income": 5840000000.0,
        "Other Income Expense": -358000000.0,
        "Other Non Operating Income Expenses": -273000000.0,
        "Special Income Charges": -85000000.0,
        "Other Special Charges": 700000000.0,
        "Restructuring And Mergern Acquisition": 85000000.0,
        "Gain On Sale Of Security": -100000000.0,
        "Net Non Operating Interest Income Expense": 26000000.0,
        "Total Other Finance Cost": -26000000.0,
        "Interest Expense Non Operating": 38000000.0,
        "Interest Income Non Operating": 64000000.0,
        "Operating Income": 6172000000.0,
        "Operating Expense": 9929000000.0,
        "Research And Development": 3703000000.0,
        "Selling General And Administration": 6226000000.0,
        "General And Administrative Expense": NaN,
        "Other Gand A": NaN,
        "Salaries And Wages": NaN,
        "Gross Profit": 16101000000.0,
        "Cost Of Revenue": 7919000000.0,
        "Total Revenue": 24020000000.0,
        "Operating Revenue": 24020000000.0
    },
    "2022-03-31": {
        "Diluted EPS": 1.93,
        "Total Revenue": NaN,
        "Gross Profit": NaN,
        "Operating Income": NaN,
        "EBIT": NaN,
        "Net Income": NaN
    },
    "2021-12-31": {
        "Diluted EPS": 1.77,
        "Total Revenue": NaN,
        "Gross Profit": NaN,
        "Operating Income": NaN,
        "EBIT": NaN,
        "Net Income": NaN
    },
    "2021-09-30": {
        "Diluted EPS": 1.37,
        "Total Revenue": NaN,
        "Gross Profit": NaN,
        "Operating Income": NaN,
        "EBIT": NaN,
        "Net Income": NaN
    },
    "2021-06-30": {
        "Diluted EPS": 2.35,
        "Total Revenue": NaN,
        "Gross Profit": NaN,
        "Operating Income": NaN,
        "EBIT": NaN,
        "Net Income": NaN
    },
    "2021-03-31": {
        "Diluted EPS": 2.32,
        "Total Revenue": NaN,
        "Gross Profit": NaN,
        "Operating Income": NaN,
        "EBIT": NaN,
        "Net Income": NaN
    },
    "2020-12-31": {
        "Diluted EPS": 0.65,
        "Total Revenue": NaN,
        "Gross Profit": NaN,
        "Operating Income": NaN,
        "EBIT": NaN,
        "Net Income": NaN
    },
    "2020-09-30": {
        "Diluted EPS": 1.33,
        "Total Revenue": NaN,
        "Gross Profit": NaN,
        "Operating Income": NaN,
        "EBIT": NaN,
        "Net Income": NaN
    },
    "2020-06-30": {
        "Diluted EPS": 1.36,
        "Total Revenue": NaN,
        "Gross Profit": NaN,
        "Operating Income": NaN,
        "EBIT": NaN,
        "Net Income": NaN
    },
    "2020-03-31": {
        "Diluted EPS": 2.17,
        "Total Revenue": NaN,
        "Gross Profit": NaN,
        "Operating Income": NaN,
        "EBIT": NaN,
        "Net Income": NaN
    },
    "2019-12-31": {
        "Diluted EPS": 1.5,
        "Total Revenue": NaN,
        "Gross Profit": NaN,
        "Operating Income": NaN,
        "EBIT": NaN,
        "Net Income": NaN
    },
    "2019-09-30": {
        "Diluted EPS": 0.66,
        "Total Revenue": NaN,
        "Gross Profit": NaN,
        "Operating Income": NaN,
        "EBIT": NaN,
        "Net Income": NaN
    },
    "2019-06-30": {
        "Diluted EPS": 2.08,
        "Total Revenue": NaN,
        "Gross Profit": NaN,
        "Operating Income": NaN,
        "EBIT": NaN,
        "Net Income": NaN
    },
    "2019-03-31": {
        "Diluted EPS": 1.39,
        "Total Revenue": NaN,
        "Gross Profit": NaN,
        "Operating Income": NaN,
        "EBIT": NaN,
        "Net Income": NaN
    },
    "2018-12-31": {
        "Diluted EPS": 1.12,
        "Total Revenue": NaN,
        "Gross Profit": NaN,
        "Operating Income": NaN,
        "EBIT": NaN,
        "Net Income": NaN
    },
    "2018-09-30": {
        "Diluted EPS": 1.44,
        "Total Revenue": NaN,
        "Gross Profit": NaN,
        "Operating Income": NaN,
        "EBIT": NaN,
        "Net Income": NaN
    },
    "2018-06-30": {
        "Diluted EPS": 1.45,
        "Total Revenue": NaN,
        "Gross Profit": NaN,
        "Operating Income": NaN,
        "EBIT": NaN,
        "Net Income": NaN
    },
    "2018-03-31": {
        "Diluted EPS": 1.6,
        "Total Revenue": NaN,
        "Gross Profit": NaN,
        "Operating Income": NaN,
        "EBIT": NaN,
        "Net Income": NaN
    },
    "2017-12-31": {
        "Diluted EPS": -3.91,
        "Total Revenue": NaN,
        "Gross Profit": NaN,
        "Operating Income": NaN,
        "EBIT": NaN,
        "Net Income": NaN
    },
    "2017-09-30": {
        "Diluted EPS": 1.37,
        "Total Revenue": NaN,
        "Gross Profit": NaN,
        "Operating Income": NaN,
        "EBIT": NaN,
        "Net Income": NaN
    },
    "2017-06-30": {
        "Diluted EPS": 1.4,
        "Total Revenue": NaN,
        "Gross Profit": NaN,
        "Operating Income": NaN,
        "EBIT": NaN,
        "Net Income": NaN
    },
    "2017-03-31": {
        "Diluted EPS": 1.61,
        "Total Revenue": NaN,
        "Gross Profit": NaN,
        "Operating Income": NaN,
        "EBIT": NaN,
        "Net Income": NaN
    },
    "2016-12-31": {
        "Diluted EPS": 1.38,
        "Total Revenue": NaN,
        "Gross Profit": NaN,
        "Operating Income": NaN,
        "EBIT": NaN,
        "Net Income": NaN
    },
    "2016-09-30": {
        "Diluted EPS": 1.53,
        "Total Revenue": NaN,
        "Gross Profit": NaN,
        "Operating Income": NaN,
        "EBIT": NaN,
        "Net Income": NaN
    },
    "2016-06-30": {
        "Diluted EPS": 1.43,
        "Total Revenue": NaN,
        "Gross Profit": NaN,
        "Operating Income": NaN,
        "EBIT": NaN,
        "Net Income": NaN
    },
    "2016-03-31": {
        "Diluted EPS": 1.59,
        "Total Revenue": NaN,
        "Gross Profit": NaN,
        "Operating Income": NaN,
        "EBIT": NaN,
        "Net Income": NaN
    },
    "2015-12-31": {
        "Diluted EPS": 1.14,
        "Total Revenue": NaN,
        "Gross Profit": NaN,
        "Operating Income": NaN,
        "EBIT": NaN,
        "Net Income": NaN
    },
    "2015-09-30": {
        "Diluted EPS": 1.2,
        "Total Revenue": NaN,
        "Gross Profit": NaN,
        "Operating Income": NaN,
        "EBIT": NaN,
        "Net Income": NaN
    },
    "2015-06-30": {
        "Diluted EPS": 1.61,
        "Total Revenue": NaN,
        "Gross Profit": NaN,
        "Operating Income": NaN,
        "EBIT": NaN,
        "Net Income": NaN
    },
    "2015-03-31": {
        "Diluted EPS": 1.53,
        "Total Revenue": NaN,
        "Gross Profit": NaN,
        "Operating Income": NaN,
        "EBIT": NaN,
        "Net Income": NaN
    },
    "2014-12-31": {
        "Diluted EPS": 0.89,
        "Total Revenue": NaN,
        "Gross Profit": NaN,
        "Operating Income": NaN,
        "EBIT": NaN,
        "Net Income": NaN
    },
    "2014-09-30": {
        "Diluted EPS": 1.66,
        "Total Revenue": NaN,
        "Gross Profit": NaN,
        "Operating Income": NaN,
        "EBIT": NaN,
        "Net Income": NaN
    },
    "2014-06-30": {
        "Diluted EPS": 1.51,
        "Total Revenue": NaN,
        "Gross Profit": NaN,
        "Operating Income": NaN,
        "EBIT": NaN,
        "Net Income": NaN
    },
    "2014-03-31": {
        "Diluted EPS": 1.64,
        "Total Revenue": NaN,
        "Gross Profit": NaN,
        "Operating Income": NaN,
        "EBIT": NaN,
        "Net Income": NaN
    },
    "2013-12-31": {
        "Diluted EPS": 1.22,
        "Total Revenue": NaN,
        "Gross Profit": NaN,
        "Operating Income": NaN,
        "EBIT": NaN,
        "Net Income": NaN
    },
    "2013-09-30": {
        "Diluted EPS": 1.04,
        "Total Revenue": NaN,
        "Gross Profit": NaN,
        "Operating Income": NaN,
        "EBIT": NaN,
        "Net Income": NaN
    },
    "2013-06-30": {
        "Diluted EPS": 1.33,
        "Total Revenue": NaN,
        "Gross Profit": NaN,
        "Operating Income": NaN,
        "EBIT": NaN,
        "Net Income": NaN
    },
    "2013-03-31": {
        "Diluted EPS": 1.22,
        "Total Revenue": NaN,
        "Gross Profit": NaN,
        "Operating Income": NaN,
        "EBIT": NaN,
        "Net Income": NaN
    },
    "2012-12-31": {
        "Diluted EPS": 0.9,
        "Total Revenue": NaN,
        "Gross Profit": NaN,
        "Operating Income": NaN,
        "EBIT": NaN,
        "Net Income": NaN
    },
    "2012-09-30": {
        "Diluted EPS": 1.05,
        "Total Revenue": NaN,
        "Gross Profit": NaN,
        "Operating Income": NaN,
        "EBIT": NaN,
        "Net Income": NaN
    },
    "2012-06-30": {
        "Diluted EPS": 0.5,
        "Total Revenue": NaN,
        "Gross Profit": NaN,
        "Operating Income": NaN,
        "EBIT": NaN,
        "Net Income": NaN
    },
    "2012-03-31": {
        "Diluted EPS": 1.41,
        "Total Revenue": NaN,
        "Gross Profit": NaN,
        "Operating Income": NaN,
        "EBIT": NaN,
        "Net Income": NaN
    },
    "2011-12-31": {
        "Diluted EPS": 0.09,
        "Total Revenue": NaN,
        "Gross Profit": NaN,
        "Operating Income": 318,
        "EBIT": NaN,
        "Net Income": 218
    },
    "2011-09-30": {
        "Diluted EPS": 1.15,
        "Total Revenue": NaN,
        "Gross Profit": NaN,
        "Operating Income": NaN,
        "EBIT": NaN,
        "Net Income": NaN
    },
    "2011-06-30": {
        "Diluted EPS": 1.0,
        "Total Revenue": NaN,
        "Gross Profit": NaN,
        "Operating Income": NaN,
        "EBIT": NaN,
        "Net Income": NaN
    },
    "2011-03-31": {
        "Diluted EPS": 1.25,
        "Total Revenue": NaN,
        "Gross Profit": NaN,
        "Operating Income": NaN,
        "EBIT": NaN,
        "Net Income": NaN
    },
    "2010-12-31": {
        "Diluted EPS": 0.7,
        "Total Revenue": NaN,
        "Gross Profit": NaN,
        "Operating Income": NaN,
        "EBIT": NaN,
        "Net Income": NaN
    },
    "2010-09-30": {
        "Diluted EPS": 1.23,
        "Total Revenue": NaN,
        "Gross Profit": NaN,
        "Operating Income": NaN,
        "EBIT": NaN,
        "Net Income": NaN
    },
    "2010-06-30": {
        "Diluted EPS": 1.23,
        "Total Revenue": NaN,
        "Gross Profit": NaN,
        "Operating Income": NaN,
        "EBIT": NaN,
        "Net Income": NaN
    },
    "2010-03-31": {
        "Diluted EPS": 1.62,
        "Total Revenue": NaN,
        "Gross Profit": NaN,
        "Operating Income": NaN,
        "EBIT": NaN,
        "Net Income": NaN
    },
    "2009-12-31": {
        "Diluted EPS": 0.79,
        "Total Revenue": NaN,
        "Gross Profit": NaN,
        "Operating Income": NaN,
        "EBIT": NaN,
        "Net Income": NaN
    },
    "2009-09-30": {
        "Diluted EPS": 1.2,
        "Total Revenue": NaN,
        "Gross Profit": NaN,
        "Operating Income": NaN,
        "EBIT": NaN,
        "Net Income": NaN
    },
    "2009-06-30": {
        "Diluted EPS": 1.15,
        "Total Revenue": NaN,
        "Gross Profit": NaN,
        "Operating Income": NaN,
        "EBIT": NaN,
        "Net Income": NaN
    },
    "2009-03-31": {
        "Diluted EPS": 1.26,
        "Total Revenue": NaN,
        "Gross Profit": NaN,
        "Operating Income": NaN,
        "EBIT": NaN,
        "Net Income": NaN
    },
    "2023-09-30": {
        "Tax Effect Of Unusual Items": -219994632.930803,
        "Tax Rate For Calcs": 0.174046,
        "Normalized EBITDA": 8502000000.0,
        "Total Unusual Items": -1264000000.0,
        "Total Unusual Items Excluding Goodwill": -1264000000.0,
        "Net Income From Continuing Operation Net Minority Interest": 4309000000.0,
        "Reconciled Depreciation": 1829000000.0,
        "Reconciled Cost Of Revenue": 6606000000.0,
        "EBITDA": 7238000000.0,
        "EBIT": 5409000000.0,
        "Net Interest Income": 182000000.0,
        "Interest Expense": 192000000.0,
        "Interest Income": 374000000.0,
        "Normalized Income": 5353005367.069197,
        "Net Income From Continuing And Discontinued Operation": 26028000000.0,
        "Total Expenses": 15153000000.0,
        "Diluted Average Shares": 2549700000.0,
        "Basic Average Shares": 2522900000.0,
        "Diluted EPS": 10.21,
        "Basic EPS": 10.32,
        "Diluted NI Availto Com Stockholders": 26028000000.0,
        "Net Income Common Stockholders": 26028000000.0,
        "Net Income": 26028000000.0,
        "Net Income Including Noncontrolling Interests": 26028000000.0,
        "Net Income Discontinuous Operations": 21719000000.0,
        "Net Income Continuous Operations": 4309000000.0,
        "Tax Provision": 908000000.0,
        "Pretax Income": 5217000000.0,
        "Other Income Expense": -1164000000.0,
        "Other Non Operating Income Expenses": 100000000.0,
        "Special Income Charges": -264000000.0,
        "Other Special Charges": 106000000.0,
        "Write Off": NaN,
        "Impairment Of Capital Assets": NaN,
        "Restructuring And Mergern Acquisition": 158000000.0,
        "Gain On Sale Of Security": -1000000000.0,
        "Net Non Operating Interest Income Expense": 182000000.0,
        "Interest Expense Non Operating": 192000000.0,
        "Interest Income Non Operating": 374000000.0,
        "Operating Income": 6198000000.0,
        "Operating Expense": 8547000000.0,
        "Research And Development": 3447000000.0,
        "Selling General And Administration": 5100000000.0,
        "General And Administrative Expense": 5100000000.0,
        "Other Gand A": 5400000000.0,
        "Salaries And Wages": -300000000.0,
        "Gross Profit": 14745000000.0,
        "Cost Of Revenue": 6606000000.0,
        "Total Revenue": 21351000000.0,
        "Operating Revenue": 21351000000.0
    },
    "2023-12-31": {
        "Tax Effect Of Unusual Items": -16393700.787402,
        "Tax Rate For Calcs": 0.143804,
        "Normalized EBITDA": 6934000000.0,
        "Total Unusual Items": -114000000.0,
        "Total Unusual Items Excluding Goodwill": -114000000.0,
        "Net Income From Continuing Operation Net Minority Interest": 4132000000.0,
        "Reconciled Depreciation": 1843000000.0,
        "Reconciled Cost Of Revenue": 6798000000.0,
        "EBITDA": 6820000000.0,
        "EBIT": 4977000000.0,
        "Net Interest Income": 212000000.0,
        "Interest Expense": 151000000.0,
        "Interest Income": 363000000.0,
        "Normalized Income": 4229606299.212598,
        "Net Income From Continuing And Discontinued Operation": 4049000000.0,
        "Total Expenses": 16788000000.0,
        "Diluted Average Shares": 2430700000.0,
        "Basic Average Shares": 2407200000.0,
        "Diluted EPS": 1.67,
        "Basic EPS": 1.682037,
        "Diluted NI Availto Com Stockholders": 4049000000.0,
        "Net Income Common Stockholders": 4049000000.0,
        "Net Income": 4049000000.0,
        "Net Income Including Noncontrolling Interests": 4049000000.0,
        "Net Income Discontinuous Operations": -83000000.0,
        "Net Income Continuous Operations": 4132000000.0,
        "Tax Provision": 694000000.0,
        "Pretax Income": 4826000000.0,
        "Other Income Expense": -14000000.0,
        "Other Non Operating Income Expenses": 100000000.0,
        "Special Income Charges": -614000000.0,
        "Other Special Charges": 258000000.0,
        "Write Off": NaN,
        "Impairment Of Capital Assets": NaN,
        "Restructuring And Mergern Acquisition": 356000000.0,
        "Gain On Sale Of Security": 500000000.0,
        "Net Non Operating Interest Income Expense": 212000000.0,
        "Interest Expense Non Operating": 151000000.0,
        "Interest Income Non Operating": 363000000.0,
        "Operating Income": 4607000000.0,
        "Operating Expense": 9990000000.0,
        "Research And Development": 4480000000.0,
        "Selling General And Administration": 5510000000.0,
        "General And Administrative Expense": 5510000000.0,
        "Other Gand A": 5810000000.0,
        "Salaries And Wages": -300000000.0,
        "Gross Profit": 14597000000.0,
        "Cost Of Revenue": 6798000000.0,
        "Total Revenue": 21395000000.0,
        "Operating Revenue": 21395000000.0
    },
    "2024-03-31": {
        "Tax Effect Of Unusual Items": -367536000.0,
        "Tax Rate For Calcs": 0.124,
        "Normalized EBITDA": 8648000000.0,
        "Total Unusual Items": -2964000000.0,
        "Total Unusual Items Excluding Goodwill": -2964000000.0,
        "Net Income From Continuing Operation Net Minority Interest": 3255000000.0,
        "Reconciled Depreciation": 1815000000.0,
        "Reconciled Cost Of Revenue": 6511000000.0,
        "EBITDA": 5684000000.0,
        "EBIT": 3869000000.0,
        "Net Interest Income": 209000000.0,
        "Interest Expense": 155000000.0,
        "Interest Income": 364000000.0,
        "Normalized Income": 5851464000.0,
        "Net Income From Continuing And Discontinued Operation": 3255000000.0,
        "Total Expenses": 15110000000.0,
        "Diluted Average Shares": 2430100000.0,
        "Basic Average Shares": 2408200000.0,
        "Diluted EPS": 1.34,
        "Basic EPS": 1.35,
        "Diluted NI Availto Com Stockholders": 3255000000.0,
        "Net Income Common Stockholders": 3255000000.0,
        "Net Income": 3255000000.0,
        "Net Income Including Noncontrolling Interests": 3255000000.0,
        "Net Income Discontinuous Operations": 0.0,
        "Net Income Continuous Operations": 3255000000.0,
        "Tax Provision": 459000000.0,
        "Pretax Income": 3714000000.0,
        "Other Income Expense": -2764000000.0,
        "Other Non Operating Income Expenses": 200000000.0,
        "Special Income Charges": -2964000000.0,
        "Other Special Charges": 2700000000.0,
        "Write Off": NaN,
        "Impairment Of Capital Assets": 0.0,
        "Restructuring And Mergern Acquisition": 264000000.0,
        "Gain On Sale Of Security": NaN,
        "Net Non Operating Interest Income Expense": 209000000.0,
        "Interest Expense Non Operating": 155000000.0,
        "Interest Income Non Operating": 364000000.0,
        "Operating Income": 6273000000.0,
        "Operating Expense": 8599000000.0,
        "Research And Development": 3542000000.0,
        "Selling General And Administration": 5057000000.0,
        "General And Administrative Expense": 5057000000.0,
        "Other Gand A": 5257000000.0,
        "Salaries And Wages": -200000000.0,
        "Gross Profit": 14872000000.0,
        "Cost Of Revenue": 6511000000.0,
        "Total Revenue": 21383000000.0,
        "Operating Revenue": 21383000000.0
    },
    "2024-06-30": {
        "Tax Effect Of Unusual Items": -273629436.325678,
        "Tax Rate For Calcs": 0.18476,
        "Normalized EBITDA": 9281000000.0,
        "Total Unusual Items": -1481000000.0,
        "Total Unusual Items Excluding Goodwill": -1481000000.0,
        "Net Income From Continuing Operation Net Minority Interest": 4686000000.0,
        "Reconciled Depreciation": 1782000000.0,
        "Reconciled Cost Of Revenue": 6869000000.0,
        "EBITDA": 7800000000.0,
        "EBIT": 6018000000.0,
        "Net Interest Income": 125000000.0,
        "Interest Expense": 270000000.0,
        "Interest Income": 395000000.0,
        "Normalized Income": 5893370563.674322,
        "Net Income From Continuing And Discontinued Operation": 4686000000.0,
        "Total Expenses": 15790000000.0,
        "Diluted Average Shares": 2422000000.0,
        "Basic Average Shares": 2406800000.0,
        "Diluted EPS": 1.93,
        "Basic EPS": 1.95,
        "Diluted NI Availto Com Stockholders": 4686000000.0,
        "Net Income Common Stockholders": 4686000000.0,
        "Net Income": 4686000000.0,
        "Net Income Including Noncontrolling Interests": 4686000000.0,
        "Net Income Discontinuous Operations": 0.0,
        "Net Income Continuous Operations": 4686000000.0,
        "Tax Provision": 1062000000.0,
        "Pretax Income": 5748000000.0,
        "Other Income Expense": -1081000000.0,
        "Other Non Operating Income Expenses": 400000000.0,
        "Special Income Charges": -1081000000.0,
        "Other Special Charges": 500000000.0,
        "Write Off": 194000000.0,
        "Impairment Of Capital Assets": NaN,
        "Restructuring And Mergern Acquisition": 387000000.0,
        "Gain On Sale Of Security": -400000000.0,
        "Net Non Operating Interest Income Expense": 125000000.0,
        "Interest Expense Non Operating": 270000000.0,
        "Interest Income Non Operating": 395000000.0,
        "Operating Income": 6657000000.0,
        "Operating Expense": 8921000000.0,
        "Research And Development": 3440000000.0,
        "Selling General And Administration": 5481000000.0,
        "General And Administrative Expense": 5481000000.0,
        "Other Gand A": 5681000000.0,
        "Salaries And Wages": -200000000.0,
        "Gross Profit": 15578000000.0,
        "Cost Of Revenue": 6869000000.0,
        "Total Revenue": 22447000000.0,
        "Operating Revenue": 22447000000.0
    }
}