{
    "2023-06-30": {
        "Tax Effect Of Unusual Items": -39289156.626506,
        "Tax Rate For Calcs": 0.361446,
        "Normalized EBITDA": 315400000.0,
        "Total Unusual Items": -108700000.0,
        "Total Unusual Items Excluding Goodwill": -108700000.0,
        "Net Income From Continuing Operation Net Minority Interest": 24400000.0,
        "Reconciled Depreciation": 49100000.0,
        "Reconciled Cost Of Revenue": 617000000.0,
        "EBIT": 157600000.0,
        "Net Interest Income": -8000000.0,
        "Interest Expense": 19700000.0,
        "Interest Income": 11700000.0,
        "Normalized Income": 93810843.373494,
        "Net Income From Continuing And Discontinued Operation": 24400000.0,
        "Total Expenses": 1272500000.0,
        "Total Operating Income As Reported": 141100000.0,
        "Diluted Average Shares": 326000000.0,
        "Basic Average Shares": 319300000.0,
        "Diluted EPS": 0.07,
        "Basic EPS": 0.08,
        "Diluted NI Availto Com Stockholders": 24400000.0,
        "Net Income Common Stockholders": 24400000.0,
        "Net Income": 24400000.0,
        "Net Income Including Noncontrolling Interests": 24400000.0,
        "Net Income Continuous Operations": 24400000.0,
        "Earnings From Equity Interest Net Of Tax": -2100000.0,
        "Tax Provision": 15000000.0,
        "Pretax Income": 41500000.0,
        "Other Income Expense": -116100000.0,
        "Other Non Operating Income Expenses": -7400000.0,
        "Special Income Charges": -16500000.0,
        "Gain On Sale Of Business": 0.0,
        "Restructuring And Mergern Acquisition": 16500000.0,
        "Gain On Sale Of Security": -92200000.0,
        "Net Non Operating Interest Income Expense": -8000000.0,
        "Interest Expense Non Operating": 19700000.0,
        "Interest Income Non Operating": 11700000.0,
        "Operating Income": 157600000.0,
        "Operating Expense": 655500000.0,
        "Research And Development": 282000000.0,
        "Selling General And Administration": 373500000.0,
        "Selling And Marketing Expense": 308300000.0,
        "General And Administrative Expense": 65200000.0,
        "Other Gand A": 65200000.0,
        "Gross Profit": 813100000.0,
        "Cost Of Revenue": 617000000.0,
        "Total Revenue": 1430100000.0,
        "Operating Revenue": 1430100000.0
    },
    "2023-03-31": {
        "Tax Effect Of Unusual Items": 91503.267974,
        "Tax Rate For Calcs": 0.183007,
        "Normalized EBITDA": 164100000.0,
        "Total Unusual Items": 500000.0,
        "Total Unusual Items Excluding Goodwill": 500000.0,
        "Net Income From Continuing Operation Net Minority Interest": 85400000.0,
        "Reconciled Depreciation": 49400000.0,
        "Reconciled Cost Of Revenue": 600600000.0,
        "EBIT": 115200000.0,
        "Net Interest Income": -9700000.0,
        "Interest Expense": 19200000.0,
        "Interest Income": 9500000.0,
        "Normalized Income": 84991503.267974,
        "Net Income From Continuing And Discontinued Operation": 85400000.0,
        "Total Expenses": 1256600000.0,
        "Total Operating Income As Reported": 115700000.0,
        "Diluted Average Shares": 329100000.0,
        "Basic Average Shares": 322300000.0,
        "Diluted EPS": 0.26,
        "Basic EPS": 0.26,
        "Diluted NI Availto Com Stockholders": 85400000.0,
        "Net Income Common Stockholders": 85400000.0,
        "Net Income": 85400000.0,
        "Net Income Including Noncontrolling Interests": 85400000.0,
        "Net Income Continuous Operations": 85400000.0,
        "Earnings From Equity Interest Net Of Tax": -2100000.0,
        "Tax Provision": 19600000.0,
        "Pretax Income": 107100000.0,
        "Other Income Expense": -8100000.0,
        "Other Non Operating Income Expenses": -8600000.0,
        "Special Income Charges": 500000.0,
        "Gain On Sale Of Business": NaN,
        "Restructuring And Mergern Acquisition": -500000.0,
        "Gain On Sale Of Security": 900000.0,
        "Net Non Operating Interest Income Expense": -9700000.0,
        "Interest Expense Non Operating": 19200000.0,
        "Interest Income Non Operating": 9500000.0,
        "Operating Income": 115200000.0,
        "Operating Expense": 656000000.0,
        "Research And Development": 284800000.0,
        "Selling General And Administration": 371200000.0,
        "Selling And Marketing Expense": 303200000.0,
        "General And Administrative Expense": 68000000.0,
        "Other Gand A": 68000000.0,
        "Gross Profit": 771200000.0,
        "Cost Of Revenue": 600600000.0,
        "Total Revenue": 1371800000.0,
        "Operating Revenue": 1371800000.0
    },
    "2022-12-31": {
        "Tax Effect Of Unusual Items": 231000.0,
        "Tax Rate For Calcs": 0.11,
        "Normalized EBITDA": 251600000.0,
        "Total Unusual Items": 2100000.0,
        "Total Unusual Items Excluding Goodwill": 2100000.0,
        "Net Income From Continuing Operation Net Minority Interest": 180400000.0,
        "Reconciled Depreciation": 52300000.0,
        "Reconciled Cost Of Revenue": 621800000.0,
        "EBIT": 201400000.0,
        "Net Interest Income": -9300000.0,
        "Interest Expense": 17500000.0,
        "Interest Income": 8200000.0,
        "Normalized Income": 178531000.0,
        "Net Income From Continuing And Discontinued Operation": 180400000.0,
        "Total Expenses": 1247400000.0,
        "Total Operating Income As Reported": 203500000.0,
        "Diluted Average Shares": 330100000.0,
        "Basic Average Shares": 323000000.0,
        "Diluted EPS": 0.55,
        "Basic EPS": 0.56,
        "Diluted NI Availto Com Stockholders": 180400000.0,
        "Net Income Common Stockholders": 180400000.0,
        "Net Income": 180400000.0,
        "Net Income Including Noncontrolling Interests": 180400000.0,
        "Net Income Continuous Operations": 180400000.0,
        "Earnings From Equity Interest Net Of Tax": -2200000.0,
        "Tax Provision": 22400000.0,
        "Pretax Income": 205000000.0,
        "Other Income Expense": 3600000.0,
        "Other Non Operating Income Expenses": 1500000.0,
        "Special Income Charges": 2100000.0,
        "Gain On Sale Of Business": 0.0,
        "Restructuring And Mergern Acquisition": -2100000.0,
        "Gain On Sale Of Security": 13200000.0,
        "Net Non Operating Interest Income Expense": -9300000.0,
        "Interest Expense Non Operating": 17500000.0,
        "Interest Income Non Operating": 8200000.0,
        "Operating Income": 201400000.0,
        "Operating Expense": 625600000.0,
        "Research And Development": 269200000.0,
        "Selling General And Administration": 356400000.0,
        "Selling And Marketing Expense": 299000000.0,
        "General And Administrative Expense": 57400000.0,
        "Other Gand A": 57400000.0,
        "Gross Profit": 827000000.0,
        "Cost Of Revenue": 621800000.0,
        "Total Revenue": 1448800000.0,
        "Operating Revenue": 1448800000.0
    },
    "2022-09-30": {
        "Tax Effect Of Unusual Items": -1547000.0,
        "Tax Rate For Calcs": 0.119,
        "Normalized EBITDA": 229200000.0,
        "Total Unusual Items": -13000000.0,
        "Total Unusual Items Excluding Goodwill": -13000000.0,
        "Net Income From Continuing Operation Net Minority Interest": 121500000.0,
        "Reconciled Depreciation": 53900000.0,
        "Reconciled Cost Of Revenue": 626800000.0,
        "EBIT": 162300000.0,
        "Net Interest Income": -9700000.0,
        "Interest Expense": 15200000.0,
        "Interest Income": 5500000.0,
        "Normalized Income": 132953000.0,
        "Net Income From Continuing And Discontinued Operation": 121500000.0,
        "Total Expenses": 1252300000.0,
        "Total Operating Income As Reported": 149300000.0,
        "Diluted Average Shares": 328900000.0,
        "Basic Average Shares": 322800000.0,
        "Diluted EPS": 0.37,
        "Basic EPS": 0.38,
        "Diluted NI Availto Com Stockholders": 121500000.0,
        "Net Income Common Stockholders": 121500000.0,
        "Net Income": 121500000.0,
        "Net Income Including Noncontrolling Interests": 121500000.0,
        "Net Income Continuous Operations": 121500000.0,
        "Earnings From Equity Interest Net Of Tax": -2100000.0,
        "Tax Provision": 16600000.0,
        "Pretax Income": 140200000.0,
        "Other Income Expense": -22100000.0,
        "Other Non Operating Income Expenses": -9100000.0,
        "Special Income Charges": -13000000.0,
        "Gain On Sale Of Business": 0.0,
        "Restructuring And Mergern Acquisition": 13000000.0,
        "Gain On Sale Of Security": -1300000.0,
        "Net Non Operating Interest Income Expense": -9700000.0,
        "Interest Expense Non Operating": 15200000.0,
        "Interest Income Non Operating": 5500000.0,
        "Operating Income": 162300000.0,
        "Operating Expense": 625500000.0,
        "Research And Development": 274000000.0,
        "Selling General And Administration": 351500000.0,
        "Selling And Marketing Expense": 286800000.0,
        "General And Administrative Expense": 64700000.0,
        "Other Gand A": 64700000.0,
        "Gross Profit": 787800000.0,
        "Cost Of Revenue": 626800000.0,
        "Total Revenue": 1414600000.0,
        "Operating Revenue": 1414600000.0
    },
    "2022-06-30": {
        "Tax Effect Of Unusual Items": 9830100.0,
        "Tax Rate For Calcs": 0.217,
        "Normalized EBITDA": 118200000.0,
        "Total Unusual Items": 45300000.0,
        "Total Unusual Items Excluding Goodwill": 45300000.0,
        "Net Income From Continuing Operation Net Minority Interest": 113400000.0,
        "Reconciled Depreciation": 55200000.0,
        "Reconciled Cost Of Revenue": 575500000.0,
        "EBIT": 108300000.0,
        "Net Interest Income": -10100000.0,
        "Interest Expense": 13400000.0,
        "Interest Income": 3300000.0,
        "Normalized Income": 77930100.0,
        "Net Income From Continuing And Discontinued Operation": 113400000.0,
        "Total Expenses": 1161300000.0,
        "Total Operating Income As Reported": 107800000.0,
        "Diluted Average Shares": 328100000.0,
        "Basic Average Shares": 321000000.0,
        "Diluted EPS": 0.35,
        "Basic EPS": 0.35,
        "Diluted NI Availto Com Stockholders": 113400000.0,
        "Net Income Common Stockholders": 113400000.0,
        "Net Income": 113400000.0,
        "Net Income Including Noncontrolling Interests": 113400000.0,
        "Net Income Continuous Operations": 113400000.0,
        "Earnings From Equity Interest Net Of Tax": 500000.0,
        "Tax Provision": 31600000.0,
        "Pretax Income": 145500000.0,
        "Other Income Expense": 37200000.0,
        "Other Non Operating Income Expenses": -8100000.0,
        "Special Income Charges": 45300000.0,
        "Gain On Sale Of Business": 45800000.0,
        "Restructuring And Mergern Acquisition": 500000.0,
        "Gain On Sale Of Security": 200000.0,
        "Net Non Operating Interest Income Expense": -10100000.0,
        "Interest Expense Non Operating": 13400000.0,
        "Interest Income Non Operating": 3300000.0,
        "Operating Income": 108300000.0,
        "Operating Expense": 585800000.0,
        "Research And Development": 244300000.0,
        "Selling General And Administration": 341500000.0,
        "Selling And Marketing Expense": 274300000.0,
        "General And Administrative Expense": 67200000.0,
        "Other Gand A": 67200000.0,
        "Gross Profit": 694100000.0,
        "Cost Of Revenue": 575500000.0,
        "Total Revenue": 1269600000.0,
        "Operating Revenue": 1269600000.0
    },
    "2022-03-31": {
        "Diluted EPS": 0.17,
        "Total Revenue": NaN,
        "Gross Profit": 649,
        "Operating Income": 59,
        "EBIT": 115,
        "Net Income": 56
    },
    "2021-12-31": {
        "Diluted EPS": 0.4,
        "Total Revenue": NaN,
        "Gross Profit": 750,
        "Operating Income": 154,
        "EBIT": 212,
        "Net Income": 133
    },
    "2021-09-30": {
        "Diluted EPS": 0.27,
        "Total Revenue": NaN,
        "Gross Profit": 692,
        "Operating Income": 120,
        "EBIT": 179,
        "Net Income": 89
    },
    "2021-06-30": {
        "Diluted EPS": 0.19,
        "Total Revenue": NaN,
        "Gross Profit": 682,
        "Operating Income": 86,
        "EBIT": 146,
        "Net Income": 62
    },
    "2021-03-31": {
        "Diluted EPS": -0.1,
        "Total Revenue": NaN,
        "Gross Profit": 616,
        "Operating Income": 28,
        "EBIT": 88,
        "Net Income": -31
    },
    "2020-12-31": {
        "Diluted EPS": 0.1,
        "Total Revenue": NaN,
        "Gross Profit": 717,
        "Operating Income": 98,
        "EBIT": 153,
        "Net Income": 31
    },
    "2020-09-30": {
        "Diluted EPS": 0.43,
        "Total Revenue": NaN,
        "Gross Profit": 658,
        "Operating Income": 125,
        "EBIT": 177,
        "Net Income": 145
    },
    "2020-06-30": {
        "Diluted EPS": 0.18,
        "Total Revenue": NaN,
        "Gross Profit": 620,
        "Operating Income": 91,
        "EBIT": 143,
        "Net Income": 61
    },
    "2020-03-31": {
        "Diluted EPS": 0.06,
        "Total Revenue": 998,
        "Gross Profit": 579,
        "Operating Income": 39,
        "EBIT": 93,
        "Net Income": 20
    },
    "2019-12-31": {
        "Diluted EPS": 0.48,
        "Total Revenue": NaN,
        "Gross Profit": 719,
        "Operating Income": 179,
        "EBIT": 233,
        "Net Income": 168
    },
    "2019-09-30": {
        "Diluted EPS": 0.29,
        "Total Revenue": NaN,
        "Gross Profit": 678,
        "Operating Income": 139,
        "EBIT": 192,
        "Net Income": 99
    },
    "2019-06-30": {
        "Diluted EPS": 0.13,
        "Total Revenue": NaN,
        "Gross Profit": 637,
        "Operating Income": 82,
        "EBIT": 135,
        "Net Income": 46
    },
    "2019-03-31": {
        "Diluted EPS": 0.09,
        "Total Revenue": NaN,
        "Gross Profit": 582,
        "Operating Income": 43,
        "EBIT": 91,
        "Net Income": 31
    },
    "2018-12-31": {
        "Diluted EPS": 0.53,
        "Total Revenue": NaN,
        "Gross Profit": 711,
        "Operating Income": 197,
        "EBIT": 248,
        "Net Income": 192
    },
    "2018-09-30": {
        "Diluted EPS": 0.64,
        "Total Revenue": NaN,
        "Gross Profit": 711,
        "Operating Income": 160,
        "EBIT": 208,
        "Net Income": 224
    },
    "2018-06-30": {
        "Diluted EPS": 0.33,
        "Total Revenue": NaN,
        "Gross Profit": 701,
        "Operating Income": 160,
        "EBIT": 215,
        "Net Income": 117
    },
    "2018-03-31": {
        "Diluted EPS": 0.1,
        "Total Revenue": NaN,
        "Gross Profit": 618,
        "Operating Income": 56,
        "EBIT": 111,
        "Net Income": 34
    },
    "2017-12-31": {
        "Diluted EPS": -0.38,
        "Total Revenue": NaN,
        "Gross Profit": 751,
        "Operating Income": 203,
        "EBIT": 259,
        "Net Income": -148
    },
    "2017-09-30": {
        "Diluted EPS": 0.43,
        "Total Revenue": NaN,
        "Gross Profit": 772,
        "Operating Income": 231,
        "EBIT": 289,
        "Net Income": 166
    },
    "2017-06-30": {
        "Diluted EPS": 0.47,
        "Total Revenue": NaN,
        "Gross Profit": 802,
        "Operating Income": 258,
        "EBIT": 315,
        "Net Income": 180
    },
    "2017-03-31": {
        "Diluted EPS": 0.28,
        "Total Revenue": NaN,
        "Gross Profit": 747,
        "Operating Income": 156,
        "EBIT": 212,
        "Net Income": 109
    },
    "2016-12-31": {
        "Diluted EPS": 0.49,
        "Total Revenue": NaN,
        "Gross Profit": 858,
        "Operating Income": 287,
        "EBIT": 342,
        "Net Income": 189
    },
    "2016-09-30": {
        "Diluted EPS": 0.45,
        "Total Revenue": NaN,
        "Gross Profit": 800,
        "Operating Income": 250,
        "EBIT": 303,
        "Net Income": 172
    },
    "2016-06-30": {
        "Diluted EPS": 0.36,
        "Total Revenue": NaN,
        "Gross Profit": 756,
        "Operating Income": 204,
        "EBIT": 255,
        "Net Income": 140
    },
    "2016-03-31": {
        "Diluted EPS": 0.23,
        "Total Revenue": NaN,
        "Gross Profit": 691,
        "Operating Income": 149,
        "EBIT": 196,
        "Net Income": 91
    },
    "2015-12-31": {
        "Diluted EPS": 0.49,
        "Total Revenue": NaN,
        "Gross Profit": 842,
        "Operating Income": 279,
        "EBIT": 324,
        "Net Income": 198
    },
    "2015-09-30": {
        "Diluted EPS": 0.51,
        "Total Revenue": NaN,
        "Gross Profit": 797,
        "Operating Income": 258,
        "EBIT": 301,
        "Net Income": 198
    },
    "2015-06-30": {
        "Diluted EPS": 0.4,
        "Total Revenue": NaN,
        "Gross Profit": 782,
        "Operating Income": 243,
        "EBIT": 285,
        "Net Income": 158
    },
    "2015-03-31": {
        "Diluted EPS": 0.19,
        "Total Revenue": NaN,
        "Gross Profit": 657,
        "Operating Income": 132,
        "EBIT": 179,
        "Net Income": 80
    },
    "2014-12-31": {
        "Diluted EPS": -1.64,
        "Total Revenue": NaN,
        "Gross Profit": 675,
        "Operating Income": -702,
        "EBIT": 192,
        "Net Income": -770
    },
    "2014-09-30": {
        "Diluted EPS": 0.23,
        "Total Revenue": NaN,
        "Gross Profit": 715,
        "Operating Income": 172,
        "EBIT": 219,
        "Net Income": 104
    },
    "2014-06-30": {
        "Diluted EPS": 0.46,
        "Total Revenue": NaN,
        "Gross Profit": 748,
        "Operating Income": 116,
        "EBIT": 163,
        "Net Income": 221
    },
    "2014-03-31": {
        "Diluted EPS": 0.22,
        "Total Revenue": NaN,
        "Gross Profit": 720,
        "Operating Income": -6,
        "EBIT": 42,
        "Net Income": 111
    },
    "2013-12-31": {
        "Diluted EPS": 0.3,
        "Total Revenue": NaN,
        "Gross Profit": 804,
        "Operating Income": 195,
        "EBIT": 250,
        "Net Income": 152
    },
    "2013-09-30": {
        "Diluted EPS": 0.19,
        "Total Revenue": NaN,
        "Gross Profit": 747,
        "Operating Income": 145,
        "EBIT": 186,
        "Net Income": 99
    },
    "2013-06-30": {
        "Diluted EPS": 0.19,
        "Total Revenue": NaN,
        "Gross Profit": 721,
        "Operating Income": 139,
        "EBIT": 181,
        "Net Income": 98
    },
    "2013-03-31": {
        "Diluted EPS": 0.18,
        "Total Revenue": NaN,
        "Gross Profit": 671,
        "Operating Income": 87,
        "EBIT": 139,
        "Net Income": 91
    },
    "2012-12-31": {
        "Diluted EPS": 0.18,
        "Total Revenue": NaN,
        "Gross Profit": 733,
        "Operating Income": 131,
        "EBIT": 181,
        "Net Income": 96
    },
    "2012-09-30": {
        "Diluted EPS": 0.03,
        "Total Revenue": NaN,
        "Gross Profit": 674,
        "Operating Income": 43,
        "EBIT": 91,
        "Net Income": 17
    },
    "2012-06-30": {
        "Diluted EPS": 0.11,
        "Total Revenue": NaN,
        "Gross Profit": 668,
        "Operating Income": 87,
        "EBIT": 133,
        "Net Income": 58
    },
    "2012-03-31": {
        "Diluted EPS": 0.03,
        "Total Revenue": NaN,
        "Gross Profit": 634,
        "Operating Income": 48,
        "EBIT": 91,
        "Net Income": 16
    },
    "2011-12-31": {
        "Diluted EPS": 0.18,
        "Total Revenue": NaN,
        "Gross Profit": 699,
        "Operating Income": 133,
        "EBIT": 177,
        "Net Income": 96
    },
    "2011-09-30": {
        "Diluted EPS": 0.16,
        "Total Revenue": NaN,
        "Gross Profit": 712,
        "Operating Income": 137,
        "EBIT": 181,
        "Net Income": 84
    },
    "2011-06-30": {
        "Diluted EPS": 0.21,
        "Total Revenue": NaN,
        "Gross Profit": 722,
        "Operating Income": 171,
        "EBIT": 213,
        "Net Income": 116
    },
    "2011-03-31": {
        "Diluted EPS": 0.24,
        "Total Revenue": NaN,
        "Gross Profit": 736,
        "Operating Income": 177,
        "EBIT": 218,
        "Net Income": 130
    },
    "2010-12-31": {
        "Diluted EPS": 0.36,
        "Total Revenue": NaN,
        "Gross Profit": 792,
        "Operating Income": 227,
        "EBIT": 270,
        "Net Income": 190
    },
    "2010-09-30": {
        "Diluted EPS": 0.25,
        "Total Revenue": NaN,
        "Gross Profit": 678,
        "Operating Income": 196,
        "EBIT": 235,
        "Net Income": 135
    },
    "2010-06-30": {
        "Diluted EPS": 0.24,
        "Total Revenue": 978,
        "Gross Profit": 660,
        "Operating Income": 185,
        "EBIT": 222,
        "Net Income": 131
    },
    "2010-03-31": {
        "Diluted EPS": 0.3,
        "Total Revenue": 913,
        "Gross Profit": 612,
        "Operating Income": 160,
        "EBIT": 196,
        "Net Income": 163
    },
    "2009-12-31": {
        "Diluted EPS": 0.04,
        "Total Revenue": 941,
        "Gross Profit": 631,
        "Operating Income": 6,
        "EBIT": 42,
        "Net Income": 23
    },
    "2009-09-30": {
        "Diluted EPS": 0.16,
        "Total Revenue": 824,
        "Gross Profit": 543,
        "Operating Income": 128,
        "EBIT": 164,
        "Net Income": 84
    },
    "2009-06-30": {
        "Diluted EPS": 0.03,
        "Total Revenue": 786,
        "Gross Profit": 506,
        "Operating Income": 96,
        "EBIT": 134,
        "Net Income": 15
    },
    "2009-03-31": {
        "Diluted EPS": -0.01,
        "Total Revenue": 764,
        "Gross Profit": 502,
        "Operating Income": 81,
        "EBIT": 119,
        "Net Income": -4
    }
}