{
    "2023-03-31": {
        "Tax Effect Of Unusual Items": NaN,
        "Tax Rate For Calcs": NaN,
        "Normalized EBITDA": NaN,
        "Total Unusual Items": NaN,
        "Total Unusual Items Excluding Goodwill": NaN,
        "Net Income From Continuing Operation Net Minority Interest": NaN,
        "Reconciled Depreciation": NaN,
        "Reconciled Cost Of Revenue": NaN,
        "EBITDA": NaN,
        "EBIT": NaN,
        "Net Interest Income": NaN,
        "Interest Income": NaN,
        "Normalized Income": NaN,
        "Net Income From Continuing And Discontinued Operation": NaN,
        "Total Expenses": NaN,
        "Total Operating Income As Reported": NaN,
        "Diluted Average Shares": NaN,
        "Basic Average Shares": NaN,
        "Diluted EPS": NaN,
        "Basic EPS": NaN,
        "Diluted NI Availto Com Stockholders": NaN,
        "Net Income Common Stockholders": NaN,
        "Net Income": NaN,
        "Net Income Including Noncontrolling Interests": NaN,
        "Net Income Continuous Operations": NaN,
        "Tax Provision": NaN,
        "Pretax Income": NaN,
        "Other Income Expense": NaN,
        "Earnings From Equity Interest": 0.0,
        "Gain On Sale Of Security": NaN,
        "Net Non Operating Interest Income Expense": NaN,
        "Interest Income Non Operating": NaN,
        "Operating Income": NaN,
        "Operating Expense": NaN,
        "Research And Development": NaN,
        "Selling General And Administration": NaN,
        "General And Administrative Expense": NaN,
        "Other Gand A": NaN,
        "Salaries And Wages": NaN,
        "Gross Profit": NaN,
        "Cost Of Revenue": NaN,
        "Total Revenue": NaN,
        "Operating Revenue": NaN
    },
    "2022-12-31": {
        "Tax Effect Of Unusual Items": NaN,
        "Tax Rate For Calcs": NaN,
        "Normalized EBITDA": NaN,
        "Total Unusual Items": NaN,
        "Total Unusual Items Excluding Goodwill": NaN,
        "Net Income From Continuing Operation Net Minority Interest": NaN,
        "Reconciled Depreciation": NaN,
        "Reconciled Cost Of Revenue": NaN,
        "EBITDA": NaN,
        "EBIT": NaN,
        "Net Interest Income": NaN,
        "Interest Expense": 23000.0,
        "Interest Income": NaN,
        "Normalized Income": NaN,
        "Net Income From Continuing And Discontinued Operation": NaN,
        "Total Expenses": NaN,
        "Total Operating Income As Reported": NaN,
        "Diluted Average Shares": NaN,
        "Basic Average Shares": NaN,
        "Diluted EPS": NaN,
        "Basic EPS": NaN,
        "Diluted NI Availto Com Stockholders": NaN,
        "Net Income Common Stockholders": NaN,
        "Net Income": NaN,
        "Net Income Including Noncontrolling Interests": NaN,
        "Net Income Continuous Operations": NaN,
        "Tax Provision": NaN,
        "Pretax Income": NaN,
        "Other Income Expense": NaN,
        "Special Income Charges": 0.0,
        "Restructuring And Mergern Acquisition": 0.0,
        "Earnings From Equity Interest": 424000.0,
        "Gain On Sale Of Security": NaN,
        "Net Non Operating Interest Income Expense": NaN,
        "Interest Expense Non Operating": 23000.0,
        "Interest Income Non Operating": NaN,
        "Operating Income": NaN,
        "Operating Expense": NaN,
        "Research And Development": NaN,
        "Selling General And Administration": NaN,
        "General And Administrative Expense": NaN,
        "Other Gand A": NaN,
        "Salaries And Wages": NaN,
        "Gross Profit": NaN,
        "Cost Of Revenue": NaN,
        "Total Revenue": NaN,
        "Operating Revenue": NaN
    },
    "2022-09-30": {
        "Tax Effect Of Unusual Items": NaN,
        "Tax Rate For Calcs": NaN,
        "Normalized EBITDA": NaN,
        "Total Unusual Items": NaN,
        "Total Unusual Items Excluding Goodwill": NaN,
        "Net Income From Continuing Operation Net Minority Interest": NaN,
        "Reconciled Depreciation": NaN,
        "Reconciled Cost Of Revenue": NaN,
        "EBITDA": NaN,
        "EBIT": NaN,
        "Net Interest Income": NaN,
        "Interest Expense": 35000.0,
        "Interest Income": NaN,
        "Normalized Income": NaN,
        "Net Income From Continuing And Discontinued Operation": NaN,
        "Total Expenses": NaN,
        "Total Operating Income As Reported": NaN,
        "Diluted Average Shares": 583970409.0,
        "Basic Average Shares": 583970409.0,
        "Diluted EPS": -0.14,
        "Basic EPS": -0.14,
        "Diluted NI Availto Com Stockholders": NaN,
        "Net Income Common Stockholders": NaN,
        "Net Income": NaN,
        "Net Income Including Noncontrolling Interests": NaN,
        "Net Income Continuous Operations": NaN,
        "Tax Provision": NaN,
        "Pretax Income": NaN,
        "Other Income Expense": NaN,
        "Special Income Charges": 0.0,
        "Restructuring And Mergern Acquisition": 0.0,
        "Earnings From Equity Interest": NaN,
        "Gain On Sale Of Security": NaN,
        "Net Non Operating Interest Income Expense": NaN,
        "Interest Expense Non Operating": 35000.0,
        "Interest Income Non Operating": NaN,
        "Operating Income": NaN,
        "Operating Expense": NaN,
        "Research And Development": NaN,
        "Selling General And Administration": NaN,
        "General And Administrative Expense": NaN,
        "Other Gand A": NaN,
        "Salaries And Wages": NaN,
        "Gross Profit": NaN,
        "Cost Of Revenue": NaN,
        "Total Revenue": NaN,
        "Operating Revenue": NaN
    },
    "2022-06-30": {
        "Tax Effect Of Unusual Items": 17079200.0,
        "Tax Rate For Calcs": 0.4,
        "Normalized EBITDA": -86357000.0,
        "Total Unusual Items": 42698000.0,
        "Total Unusual Items Excluding Goodwill": 42698000.0,
        "Net Income From Continuing Operation Net Minority Interest": -49574000.0,
        "Reconciled Depreciation": 5861000.0,
        "EBITDA": -43659000.0,
        "EBIT": -49520000.0,
        "Net Interest Income": 2554000.0,
        "Interest Expense": 29000.0,
        "Interest Income": 2583000.0,
        "Normalized Income": -75192800.0,
        "Net Income From Continuing And Discontinued Operation": -49574000.0,
        "Total Expenses": 99382000.0,
        "Total Operating Income As Reported": -99382000.0,
        "Diluted Average Shares": 581265924.0,
        "Basic Average Shares": 581265924.0,
        "Diluted EPS": -0.09,
        "Basic EPS": -0.09,
        "Diluted NI Availto Com Stockholders": -49574000.0,
        "Net Income Common Stockholders": -49574000.0,
        "Net Income": -49574000.0,
        "Net Income Including Noncontrolling Interests": -49574000.0,
        "Net Income Continuous Operations": -49574000.0,
        "Tax Provision": 25000.0,
        "Pretax Income": -49549000.0,
        "Other Income Expense": 47279000.0,
        "Special Income Charges": NaN,
        "Restructuring And Mergern Acquisition": NaN,
        "Earnings From Equity Interest": 4581000.0,
        "Gain On Sale Of Security": 42698000.0,
        "Net Non Operating Interest Income Expense": 2554000.0,
        "Interest Expense Non Operating": 29000.0,
        "Interest Income Non Operating": 2583000.0,
        "Operating Income": -99382000.0,
        "Operating Expense": 99382000.0,
        "Research And Development": 74205000.0,
        "Selling General And Administration": 25177000.0,
        "General And Administrative Expense": NaN,
        "Other Gand A": NaN,
        "Salaries And Wages": NaN,
        "Total Revenue": 0.0,
        "Operating Revenue": 0.0
    },
    "2022-03-31": {
        "Diluted EPS": -0.11,
        "Total Revenue": NaN,
        "Gross Profit": NaN,
        "Operating Income": -94,
        "EBIT": -89,
        "Net Income": -62
    },
    "2021-12-31": {
        "Diluted EPS": 0.54,
        "Total Revenue": NaN,
        "Gross Profit": NaN,
        "Operating Income": -77,
        "EBIT": -73,
        "Net Income": 5
    },
    "2021-09-30": {
        "Diluted EPS": -0.2,
        "Total Revenue": NaN,
        "Gross Profit": NaN,
        "Operating Income": -68,
        "EBIT": -64,
        "Net Income": -79
    },
    "2021-06-30": {
        "Diluted EPS": -0.58,
        "Total Revenue": NaN,
        "Gross Profit": NaN,
        "Operating Income": -68,
        "EBIT": -64,
        "Net Income": -65
    },
    "2021-03-31": {
        "Diluted EPS": -0.37,
        "Total Revenue": NaN,
        "Gross Profit": NaN,
        "Operating Income": -46,
        "EBIT": -42,
        "Net Income": -42
    },
    "2020-12-31": {
        "Diluted EPS": 0.0,
        "Total Revenue": NaN,
        "Gross Profit": NaN,
        "Operating Income": NaN,
        "EBIT": NaN,
        "Net Income": NaN
    },
    "2020-09-30": {
        "Diluted EPS": -0.27,
        "Total Revenue": NaN,
        "Gross Profit": NaN,
        "Operating Income": -36,
        "EBIT": -36,
        "Net Income": -28
    },
    "2023-06-30": {
        "Tax Effect Of Unusual Items": NaN,
        "Tax Rate For Calcs": NaN,
        "Normalized EBITDA": NaN,
        "Total Unusual Items": NaN,
        "Total Unusual Items Excluding Goodwill": NaN,
        "Net Income From Continuing Operation Net Minority Interest": NaN,
        "Reconciled Depreciation": NaN,
        "Reconciled Cost Of Revenue": 0.0,
        "EBITDA": NaN,
        "EBIT": NaN,
        "Net Interest Income": NaN,
        "Interest Income": NaN,
        "Normalized Income": NaN,
        "Net Income From Continuing And Discontinued Operation": NaN,
        "Total Expenses": NaN,
        "Total Operating Income As Reported": NaN,
        "Diluted Average Shares": 636679165.0,
        "Basic Average Shares": 636679165.0,
        "Diluted EPS": -0.45,
        "Basic EPS": -0.45,
        "Diluted NI Availto Com Stockholders": NaN,
        "Net Income Common Stockholders": NaN,
        "Net Income": NaN,
        "Net Income Including Noncontrolling Interests": NaN,
        "Net Income Continuous Operations": NaN,
        "Tax Provision": NaN,
        "Pretax Income": NaN,
        "Other Income Expense": NaN,
        "Earnings From Equity Interest": 0.0,
        "Gain On Sale Of Security": NaN,
        "Net Non Operating Interest Income Expense": NaN,
        "Interest Income Non Operating": NaN,
        "Operating Income": NaN,
        "Operating Expense": NaN,
        "Research And Development": NaN,
        "Selling General And Administration": NaN,
        "General And Administrative Expense": 27120000.0,
        "Other Gand A": 22056000.0,
        "Salaries And Wages": 5064000.0,
        "Gross Profit": 0.0,
        "Cost Of Revenue": 0.0,
        "Total Revenue": NaN,
        "Operating Revenue": NaN
    },
    "2023-09-30": {
        "Tax Effect Of Unusual Items": 2093401.159047,
        "Tax Rate For Calcs": 0.01803,
        "Normalized EBITDA": -236449000.0,
        "Total Unusual Items": 116109000.0,
        "Total Unusual Items Excluding Goodwill": 116109000.0,
        "Net Income From Continuing Operation Net Minority Interest": 1525000.0,
        "Reconciled Depreciation": 7827000.0,
        "Reconciled Cost Of Revenue": 0.0,
        "EBITDA": -120340000.0,
        "EBIT": -128167000.0,
        "Net Interest Income": 13611000.0,
        "Interest Income": 13611000.0,
        "Normalized Income": -112490598.840953,
        "Net Income From Continuing And Discontinued Operation": 1525000.0,
        "Total Expenses": 128167000.0,
        "Total Operating Income As Reported": -128167000.0,
        "Diluted Average Shares": 691455162.0,
        "Basic Average Shares": 672559810.0,
        "Diluted EPS": 0.002205,
        "Basic EPS": 0.002267,
        "Diluted NI Availto Com Stockholders": 1525000.0,
        "Net Income Common Stockholders": 1525000.0,
        "Net Income": 1525000.0,
        "Net Income Including Noncontrolling Interests": 1525000.0,
        "Net Income Continuous Operations": 1525000.0,
        "Tax Provision": 28000.0,
        "Pretax Income": 1553000.0,
        "Other Income Expense": 116109000.0,
        "Earnings From Equity Interest": 0.0,
        "Gain On Sale Of Security": 116109000.0,
        "Net Non Operating Interest Income Expense": 13611000.0,
        "Interest Income Non Operating": 13611000.0,
        "Operating Income": -128167000.0,
        "Operating Expense": 128167000.0,
        "Research And Development": 100559000.0,
        "Selling General And Administration": 27608000.0,
        "General And Administrative Expense": NaN,
        "Other Gand A": NaN,
        "Salaries And Wages": NaN,
        "Gross Profit": 0.0,
        "Cost Of Revenue": 0.0,
        "Total Revenue": 0.0,
        "Operating Revenue": 0.0
    },
    "2023-12-31": {
        "Tax Effect Of Unusual Items": 61530.0,
        "Tax Rate For Calcs": 0.21,
        "Normalized EBITDA": -120394000.0,
        "Total Unusual Items": 293000.0,
        "Total Unusual Items Excluding Goodwill": 293000.0,
        "Net Income From Continuing Operation Net Minority Interest": -115103000.0,
        "Reconciled Depreciation": 8141000.0,
        "Reconciled Cost Of Revenue": NaN,
        "EBITDA": -120101000.0,
        "EBIT": -128242000.0,
        "Net Interest Income": 12867000.0,
        "Interest Income": 12867000.0,
        "Normalized Income": -115334470.0,
        "Net Income From Continuing And Discontinued Operation": -115103000.0,
        "Total Expenses": 129274000.0,
        "Total Operating Income As Reported": -815946000.0,
        "Diluted Average Shares": NaN,
        "Basic Average Shares": NaN,
        "Diluted EPS": NaN,
        "Basic EPS": NaN,
        "Diluted NI Availto Com Stockholders": -115103000.0,
        "Net Income Common Stockholders": -115103000.0,
        "Net Income": -115103000.0,
        "Net Income Including Noncontrolling Interests": -115103000.0,
        "Net Income Continuous Operations": -115103000.0,
        "Tax Provision": 21000.0,
        "Pretax Income": -115082000.0,
        "Other Income Expense": 293000.0,
        "Earnings From Equity Interest": 0.0,
        "Gain On Sale Of Security": 293000.0,
        "Net Non Operating Interest Income Expense": 12867000.0,
        "Interest Income Non Operating": 12867000.0,
        "Operating Income": -128242000.0,
        "Operating Expense": 129074000.0,
        "Research And Development": 102123000.0,
        "Selling General And Administration": 26951000.0,
        "General And Administrative Expense": NaN,
        "Other Gand A": NaN,
        "Salaries And Wages": NaN,
        "Gross Profit": NaN,
        "Cost Of Revenue": NaN,
        "Total Revenue": 1032000.0,
        "Operating Revenue": 1032000.0
    },
    "2024-03-31": {
        "Tax Effect Of Unusual Items": 8195670.0,
        "Tax Rate For Calcs": 0.21,
        "Normalized EBITDA": -176417000.0,
        "Total Unusual Items": 39027000.0,
        "Total Unusual Items Excluding Goodwill": 39027000.0,
        "Net Income From Continuing Operation Net Minority Interest": -94587000.0,
        "Reconciled Depreciation": 8507000.0,
        "Reconciled Cost Of Revenue": 15000.0,
        "EBITDA": -137390000.0,
        "EBIT": -145897000.0,
        "Net Interest Income": 12319000.0,
        "Interest Income": 12319000.0,
        "Normalized Income": -125418330.0,
        "Net Income From Continuing And Discontinued Operation": -94587000.0,
        "Total Expenses": 145922000.0,
        "Total Operating Income As Reported": -145897000.0,
        "Diluted Average Shares": 681749388.0,
        "Basic Average Shares": 681749388.0,
        "Diluted EPS": -0.14,
        "Basic EPS": -0.14,
        "Diluted NI Availto Com Stockholders": -94587000.0,
        "Net Income Common Stockholders": -94587000.0,
        "Net Income": -94587000.0,
        "Net Income Including Noncontrolling Interests": -94587000.0,
        "Net Income Continuous Operations": -94587000.0,
        "Tax Provision": 36000.0,
        "Pretax Income": -94551000.0,
        "Other Income Expense": 39027000.0,
        "Earnings From Equity Interest": NaN,
        "Gain On Sale Of Security": 39027000.0,
        "Net Non Operating Interest Income Expense": 12319000.0,
        "Interest Income Non Operating": 12319000.0,
        "Operating Income": -145897000.0,
        "Operating Expense": 145907000.0,
        "Research And Development": 115636000.0,
        "Selling General And Administration": 30271000.0,
        "General And Administrative Expense": NaN,
        "Other Gand A": NaN,
        "Salaries And Wages": NaN,
        "Gross Profit": 10000.0,
        "Cost Of Revenue": 15000.0,
        "Total Revenue": 25000.0,
        "Operating Revenue": 25000.0
    },
    "2024-06-30": {
        "Tax Effect Of Unusual Items": 2060940.0,
        "Tax Rate For Calcs": 0.21,
        "Normalized EBITDA": -145416000.0,
        "Total Unusual Items": 9814000.0,
        "Total Unusual Items Excluding Goodwill": 9814000.0,
        "Net Income From Continuing Operation Net Minority Interest": -123292000.0,
        "Reconciled Depreciation": 8685000.0,
        "Reconciled Cost Of Revenue": 15000.0,
        "EBITDA": -135602000.0,
        "EBIT": -144287000.0,
        "Net Interest Income": 11191000.0,
        "Interest Income": 11191000.0,
        "Normalized Income": -131045060.0,
        "Net Income From Continuing And Discontinued Operation": -123292000.0,
        "Total Expenses": 144315000.0,
        "Total Operating Income As Reported": -144287000.0,
        "Diluted Average Shares": 689324227.0,
        "Basic Average Shares": 689324227.0,
        "Diluted EPS": -0.18,
        "Basic EPS": -0.18,
        "Diluted NI Availto Com Stockholders": -123292000.0,
        "Net Income Common Stockholders": -123292000.0,
        "Net Income": -123292000.0,
        "Net Income Including Noncontrolling Interests": -123292000.0,
        "Net Income Continuous Operations": -123292000.0,
        "Tax Provision": 10000.0,
        "Pretax Income": -123282000.0,
        "Other Income Expense": 9814000.0,
        "Earnings From Equity Interest": NaN,
        "Gain On Sale Of Security": 9814000.0,
        "Net Non Operating Interest Income Expense": 11191000.0,
        "Interest Income Non Operating": 11191000.0,
        "Operating Income": -144287000.0,
        "Operating Expense": 144300000.0,
        "Research And Development": 112996000.0,
        "Selling General And Administration": 31304000.0,
        "General And Administrative Expense": NaN,
        "Other Gand A": NaN,
        "Salaries And Wages": NaN,
        "Gross Profit": 13000.0,
        "Cost Of Revenue": 15000.0,
        "Total Revenue": 28000.0,
        "Operating Revenue": 28000.0
    },
    "2024-09-30": {
        "Tax Effect Of Unusual Items": 806820.0,
        "Tax Rate For Calcs": 0.21,
        "Normalized EBITDA": -151634000.0,
        "Total Unusual Items": 3842000.0,
        "Total Unusual Items Excluding Goodwill": 3842000.0,
        "Net Income From Continuing Operation Net Minority Interest": -143878000.0,
        "Reconciled Depreciation": 8903000.0,
        "Reconciled Cost Of Revenue": 15000.0,
        "EBITDA": -147792000.0,
        "EBIT": -156695000.0,
        "Net Interest Income": 9528000.0,
        "Interest Income": 9528000.0,
        "Normalized Income": -146913180.0,
        "Net Income From Continuing And Discontinued Operation": -143878000.0,
        "Total Expenses": 156723000.0,
        "Total Operating Income As Reported": -156695000.0,
        "Diluted Average Shares": 695011457.0,
        "Basic Average Shares": 695011457.0,
        "Diluted EPS": -0.21,
        "Basic EPS": -0.21,
        "Diluted NI Availto Com Stockholders": -143878000.0,
        "Net Income Common Stockholders": -143878000.0,
        "Net Income": -143878000.0,
        "Net Income Including Noncontrolling Interests": -143878000.0,
        "Net Income Continuous Operations": -143878000.0,
        "Tax Provision": 553000.0,
        "Pretax Income": -143325000.0,
        "Other Income Expense": 3842000.0,
        "Earnings From Equity Interest": NaN,
        "Gain On Sale Of Security": 3842000.0,
        "Net Non Operating Interest Income Expense": 9528000.0,
        "Interest Income Non Operating": 9528000.0,
        "Operating Income": -156695000.0,
        "Operating Expense": 156708000.0,
        "Research And Development": 126139000.0,
        "Selling General And Administration": 30569000.0,
        "General And Administrative Expense": NaN,
        "Other Gand A": NaN,
        "Salaries And Wages": NaN,
        "Gross Profit": 13000.0,
        "Cost Of Revenue": 15000.0,
        "Total Revenue": 28000.0,
        "Operating Revenue": 28000.0
    }
}