{
    "2023-06-30": {
        "Tax Effect Of Unusual Items": 405850562.947799,
        "Tax Rate For Calcs": 0.177073,
        "Total Unusual Items": 2292000000.0,
        "Total Unusual Items Excluding Goodwill": 2292000000.0,
        "Net Income From Continuing Operation Net Minority Interest": 14472000000.0,
        "Reconciled Depreciation": 507000000.0,
        "Net Interest Income": 21779000000.0,
        "Interest Expense": 19865000000.0,
        "Interest Income": 41644000000.0,
        "Normalized Income": 12585850562.9478,
        "Net Income From Continuing And Discontinued Operation": 14472000000.0,
        "Diluted Average Shares": 2948300000.0,
        "Basic Average Shares": 2943800000.0,
        "Diluted EPS": 4.75,
        "Basic EPS": 4.76,
        "Diluted NI Availto Com Stockholders": 14011000000.0,
        "Net Income Common Stockholders": 14011000000.0,
        "Otherunder Preferred Stock Dividend": 88000000.0,
        "Preferred Stock Dividends": 373000000.0,
        "Net Income": 14472000000.0,
        "Net Income Including Noncontrolling Interests": 14472000000.0,
        "Net Income Continuous Operations": 14472000000.0,
        "Tax Provision": 3114000000.0,
        "Pretax Income": 17586000000.0,
        "Special Income Charges": 2292000000.0,
        "Other Special Charges": 420000000.0,
        "Restructuring And Mergern Acquisition": -2712000000.0,
        "Gain On Sale Of Security": -913000000.0,
        "Selling General And Administration": 12338000000.0,
        "Selling And Marketing Expense": 1122000000.0,
        "General And Administrative Expense": 11216000000.0,
        "Insurance And Claims": NaN,
        "Salaries And Wages": 11216000000.0,
        "Total Revenue": 38582000000.0,
        "Operating Revenue": 38582000000.0,
        "Occupancy And Equipment": 3337000000.0,
        "Professional Expense And Contract Services Expense": 2561000000.0,
        "Other Non Interest Expense": 2166000000.0
    },
    "2023-03-31": {
        "Tax Effect Of Unusual Items": NaN,
        "Tax Rate For Calcs": NaN,
        "Total Unusual Items": NaN,
        "Total Unusual Items Excluding Goodwill": NaN,
        "Net Income From Continuing Operation Net Minority Interest": NaN,
        "Reconciled Depreciation": NaN,
        "Net Interest Income": NaN,
        "Interest Expense": NaN,
        "Interest Income": NaN,
        "Normalized Income": NaN,
        "Net Income From Continuing And Discontinued Operation": NaN,
        "Diluted Average Shares": NaN,
        "Basic Average Shares": NaN,
        "Diluted EPS": NaN,
        "Basic EPS": NaN,
        "Diluted NI Availto Com Stockholders": NaN,
        "Net Income Common Stockholders": NaN,
        "Otherunder Preferred Stock Dividend": NaN,
        "Preferred Stock Dividends": NaN,
        "Net Income": NaN,
        "Net Income Including Noncontrolling Interests": NaN,
        "Net Income Continuous Operations": NaN,
        "Tax Provision": NaN,
        "Pretax Income": NaN,
        "Special Income Charges": NaN,
        "Other Special Charges": NaN,
        "Restructuring And Mergern Acquisition": NaN,
        "Gain On Sale Of Security": NaN,
        "Selling General And Administration": NaN,
        "Selling And Marketing Expense": NaN,
        "General And Administrative Expense": NaN,
        "Insurance And Claims": 317000000.0,
        "Salaries And Wages": NaN,
        "Total Revenue": NaN,
        "Operating Revenue": NaN,
        "Occupancy And Equipment": NaN,
        "Professional Expense And Contract Services Expense": NaN,
        "Other Non Interest Expense": NaN
    },
    "2022-12-31": {
        "Tax Effect Of Unusual Items": 0.0,
        "Tax Rate For Calcs": 0.168392,
        "Total Unusual Items": NaN,
        "Total Unusual Items Excluding Goodwill": NaN,
        "Net Income From Continuing Operation Net Minority Interest": 11008000000.0,
        "Reconciled Depreciation": 1671000000.0,
        "Net Interest Income": 20192000000.0,
        "Interest Expense": 12862000000.0,
        "Interest Income": 33054000000.0,
        "Normalized Income": 11008000000.0,
        "Net Income From Continuing And Discontinued Operation": 11008000000.0,
        "Diluted Average Shares": 2967100000.0,
        "Basic Average Shares": 2962900000.0,
        "Diluted EPS": 3.57,
        "Basic EPS": 3.58,
        "Diluted NI Availto Com Stockholders": 10597000000.0,
        "Net Income Common Stockholders": 10597000000.0,
        "Otherunder Preferred Stock Dividend": 55000000.0,
        "Preferred Stock Dividends": 356000000.0,
        "Net Income": 11008000000.0,
        "Net Income Including Noncontrolling Interests": 11008000000.0,
        "Net Income Continuous Operations": 11008000000.0,
        "Tax Provision": 2229000000.0,
        "Pretax Income": 13237000000.0,
        "Special Income Charges": NaN,
        "Other Special Charges": NaN,
        "Restructuring And Mergern Acquisition": NaN,
        "Gain On Sale Of Security": -909000000.0,
        "Selling General And Administration": 11102000000.0,
        "Selling And Marketing Expense": 1093000000.0,
        "General And Administrative Expense": 10009000000.0,
        "Salaries And Wages": 10009000000.0,
        "Total Revenue": 34512000000.0,
        "Operating Revenue": 34512000000.0
    },
    "2022-09-30": {
        "Tax Effect Of Unusual Items": -8883000.0,
        "Tax Rate For Calcs": 0.189,
        "Total Unusual Items": -47000000.0,
        "Total Unusual Items Excluding Goodwill": -47000000.0,
        "Net Income From Continuing Operation Net Minority Interest": 9737000000.0,
        "Reconciled Depreciation": 1771000000.0,
        "Net Interest Income": 17518000000.0,
        "Interest Expense": 8093000000.0,
        "Interest Income": 25611000000.0,
        "Normalized Income": 9775117000.0,
        "Net Income From Continuing And Discontinued Operation": 9737000000.0,
        "Diluted Average Shares": 2965400000.0,
        "Basic Average Shares": 2961200000.0,
        "Diluted EPS": 3.12,
        "Basic EPS": 3.13,
        "Diluted NI Availto Com Stockholders": 9255000000.0,
        "Net Income Common Stockholders": 9255000000.0,
        "Otherunder Preferred Stock Dividend": 50000000.0,
        "Preferred Stock Dividends": 432000000.0,
        "Net Income": 9737000000.0,
        "Net Income Including Noncontrolling Interests": 9737000000.0,
        "Net Income Continuous Operations": 9737000000.0,
        "Tax Provision": 2264000000.0,
        "Pretax Income": 12001000000.0,
        "Special Income Charges": -47000000.0,
        "Other Special Charges": 47000000.0,
        "Restructuring And Mergern Acquisition": NaN,
        "Gain On Sale Of Security": -959000000.0,
        "Selling General And Administration": 11556000000.0,
        "Selling And Marketing Expense": 1017000000.0,
        "General And Administrative Expense": 10539000000.0,
        "Salaries And Wages": 10539000000.0,
        "Total Revenue": 32716000000.0,
        "Operating Revenue": 32716000000.0
    },
    "2022-06-30": {
        "Tax Effect Of Unusual Items": 0.0,
        "Tax Rate For Calcs": 0.204,
        "Total Unusual Items": -73000000.0,
        "Total Unusual Items Excluding Goodwill": -73000000.0,
        "Net Income From Continuing Operation Net Minority Interest": 8649000000.0,
        "Reconciled Depreciation": 1789000000.0,
        "Net Interest Income": 15128000000.0,
        "Interest Expense": 3518000000.0,
        "Interest Income": 18646000000.0,
        "Normalized Income": 8649000000.0,
        "Net Income From Continuing And Discontinued Operation": 8649000000.0,
        "Diluted Average Shares": 2966300000.0,
        "Basic Average Shares": 2962200000.0,
        "Diluted EPS": 2.76,
        "Basic EPS": 2.77,
        "Diluted NI Availto Com Stockholders": 8195000000.0,
        "Net Income Common Stockholders": 8195000000.0,
        "Otherunder Preferred Stock Dividend": 44000000.0,
        "Preferred Stock Dividends": 410000000.0,
        "Net Income": 8649000000.0,
        "Net Income Including Noncontrolling Interests": 8649000000.0,
        "Net Income Continuous Operations": 8649000000.0,
        "Tax Provision": 2216000000.0,
        "Pretax Income": 10865000000.0,
        "Special Income Charges": -73000000.0,
        "Other Special Charges": 73000000.0,
        "Restructuring And Mergern Acquisition": NaN,
        "Gain On Sale Of Security": -153000000.0,
        "Selling General And Administration": 11182000000.0,
        "Selling And Marketing Expense": 881000000.0,
        "General And Administrative Expense": 10301000000.0,
        "Salaries And Wages": 10301000000.0,
        "Total Revenue": 30715000000.0,
        "Operating Revenue": 30715000000.0
    },
    "2022-03-31": {
        "Diluted EPS": 2.63,
        "Total Revenue": NaN,
        "Gross Profit": NaN,
        "Operating Income": NaN,
        "EBIT": NaN,
        "Net Income": NaN
    },
    "2021-12-31": {
        "Diluted EPS": 3.34,
        "Total Revenue": NaN,
        "Gross Profit": NaN,
        "Operating Income": NaN,
        "EBIT": NaN,
        "Net Income": NaN
    },
    "2021-09-30": {
        "Diluted EPS": 3.74,
        "Total Revenue": NaN,
        "Gross Profit": NaN,
        "Operating Income": NaN,
        "EBIT": NaN,
        "Net Income": NaN
    },
    "2021-06-30": {
        "Diluted EPS": 3.78,
        "Total Revenue": NaN,
        "Gross Profit": NaN,
        "Operating Income": NaN,
        "EBIT": NaN,
        "Net Income": NaN
    },
    "2021-03-31": {
        "Diluted EPS": 4.5,
        "Total Revenue": NaN,
        "Gross Profit": NaN,
        "Operating Income": NaN,
        "EBIT": NaN,
        "Net Income": NaN
    },
    "2020-12-31": {
        "Diluted EPS": 3.8,
        "Total Revenue": NaN,
        "Gross Profit": NaN,
        "Operating Income": NaN,
        "EBIT": NaN,
        "Net Income": NaN
    },
    "2020-09-30": {
        "Diluted EPS": 2.92,
        "Total Revenue": NaN,
        "Gross Profit": NaN,
        "Operating Income": NaN,
        "EBIT": NaN,
        "Net Income": NaN
    },
    "2020-06-30": {
        "Diluted EPS": 1.38,
        "Total Revenue": NaN,
        "Gross Profit": NaN,
        "Operating Income": NaN,
        "EBIT": NaN,
        "Net Income": NaN
    },
    "2020-03-31": {
        "Diluted EPS": 0.78,
        "Total Revenue": NaN,
        "Gross Profit": NaN,
        "Operating Income": NaN,
        "EBIT": NaN,
        "Net Income": NaN
    },
    "2019-12-31": {
        "Diluted EPS": 2.57,
        "Total Revenue": NaN,
        "Gross Profit": NaN,
        "Operating Income": NaN,
        "EBIT": NaN,
        "Net Income": NaN
    },
    "2019-09-30": {
        "Diluted EPS": 2.68,
        "Total Revenue": NaN,
        "Gross Profit": NaN,
        "Operating Income": NaN,
        "EBIT": NaN,
        "Net Income": NaN
    },
    "2019-06-30": {
        "Diluted EPS": 2.82,
        "Total Revenue": NaN,
        "Gross Profit": NaN,
        "Operating Income": NaN,
        "EBIT": NaN,
        "Net Income": NaN
    },
    "2019-03-31": {
        "Diluted EPS": 2.65,
        "Total Revenue": NaN,
        "Gross Profit": NaN,
        "Operating Income": NaN,
        "EBIT": NaN,
        "Net Income": NaN
    },
    "2018-12-31": {
        "Diluted EPS": 2.0,
        "Total Revenue": NaN,
        "Gross Profit": NaN,
        "Operating Income": NaN,
        "EBIT": NaN,
        "Net Income": NaN
    },
    "2018-09-30": {
        "Diluted EPS": 2.34,
        "Total Revenue": NaN,
        "Gross Profit": NaN,
        "Operating Income": NaN,
        "EBIT": NaN,
        "Net Income": NaN
    },
    "2018-06-30": {
        "Diluted EPS": 2.29,
        "Total Revenue": NaN,
        "Gross Profit": NaN,
        "Operating Income": NaN,
        "EBIT": NaN,
        "Net Income": NaN
    },
    "2018-03-31": {
        "Diluted EPS": 2.37,
        "Total Revenue": NaN,
        "Gross Profit": NaN,
        "Operating Income": NaN,
        "EBIT": NaN,
        "Net Income": NaN
    },
    "2017-12-31": {
        "Diluted EPS": 1.08,
        "Total Revenue": NaN,
        "Gross Profit": NaN,
        "Operating Income": NaN,
        "EBIT": NaN,
        "Net Income": NaN
    },
    "2017-09-30": {
        "Diluted EPS": 1.76,
        "Total Revenue": NaN,
        "Gross Profit": NaN,
        "Operating Income": NaN,
        "EBIT": NaN,
        "Net Income": NaN
    },
    "2017-06-30": {
        "Diluted EPS": 1.82,
        "Total Revenue": NaN,
        "Gross Profit": NaN,
        "Operating Income": NaN,
        "EBIT": NaN,
        "Net Income": NaN
    },
    "2017-03-31": {
        "Diluted EPS": 1.65,
        "Total Revenue": NaN,
        "Gross Profit": NaN,
        "Operating Income": NaN,
        "EBIT": NaN,
        "Net Income": NaN
    },
    "2016-12-31": {
        "Diluted EPS": 1.71,
        "Total Revenue": NaN,
        "Gross Profit": NaN,
        "Operating Income": NaN,
        "EBIT": NaN,
        "Net Income": NaN
    },
    "2016-09-30": {
        "Diluted EPS": 1.58,
        "Total Revenue": NaN,
        "Gross Profit": NaN,
        "Operating Income": NaN,
        "EBIT": NaN,
        "Net Income": NaN
    },
    "2016-06-30": {
        "Diluted EPS": 1.55,
        "Total Revenue": NaN,
        "Gross Profit": NaN,
        "Operating Income": NaN,
        "EBIT": NaN,
        "Net Income": NaN
    },
    "2016-03-31": {
        "Diluted EPS": 1.35,
        "Total Revenue": NaN,
        "Gross Profit": NaN,
        "Operating Income": NaN,
        "EBIT": NaN,
        "Net Income": NaN
    },
    "2015-12-31": {
        "Diluted EPS": 1.33,
        "Total Revenue": NaN,
        "Gross Profit": NaN,
        "Operating Income": NaN,
        "EBIT": NaN,
        "Net Income": NaN
    },
    "2015-09-30": {
        "Diluted EPS": 1.68,
        "Total Revenue": NaN,
        "Gross Profit": NaN,
        "Operating Income": NaN,
        "EBIT": NaN,
        "Net Income": NaN
    },
    "2015-06-30": {
        "Diluted EPS": 1.54,
        "Total Revenue": NaN,
        "Gross Profit": NaN,
        "Operating Income": NaN,
        "EBIT": NaN,
        "Net Income": NaN
    },
    "2015-03-31": {
        "Diluted EPS": 1.45,
        "Total Revenue": NaN,
        "Gross Profit": NaN,
        "Operating Income": NaN,
        "EBIT": NaN,
        "Net Income": NaN
    },
    "2014-12-31": {
        "Diluted EPS": 1.2,
        "Total Revenue": NaN,
        "Gross Profit": NaN,
        "Operating Income": NaN,
        "EBIT": NaN,
        "Net Income": NaN
    },
    "2014-09-30": {
        "Diluted EPS": 1.35,
        "Total Revenue": NaN,
        "Gross Profit": NaN,
        "Operating Income": NaN,
        "EBIT": NaN,
        "Net Income": NaN
    },
    "2014-06-30": {
        "Diluted EPS": 1.46,
        "Total Revenue": NaN,
        "Gross Profit": NaN,
        "Operating Income": NaN,
        "EBIT": NaN,
        "Net Income": NaN
    },
    "2014-03-31": {
        "Diluted EPS": 1.28,
        "Total Revenue": NaN,
        "Gross Profit": NaN,
        "Operating Income": NaN,
        "EBIT": NaN,
        "Net Income": NaN
    },
    "2013-12-31": {
        "Diluted EPS": 1.32,
        "Total Revenue": NaN,
        "Gross Profit": NaN,
        "Operating Income": NaN,
        "EBIT": NaN,
        "Net Income": NaN
    },
    "2013-09-30": {
        "Diluted EPS": -0.17,
        "Total Revenue": NaN,
        "Gross Profit": NaN,
        "Operating Income": 34,
        "EBIT": NaN,
        "Net Income": -650
    },
    "2013-06-30": {
        "Diluted EPS": 1.6,
        "Total Revenue": NaN,
        "Gross Profit": NaN,
        "Operating Income": NaN,
        "EBIT": NaN,
        "Net Income": NaN
    },
    "2013-03-31": {
        "Diluted EPS": 1.59,
        "Total Revenue": NaN,
        "Gross Profit": NaN,
        "Operating Income": NaN,
        "EBIT": NaN,
        "Net Income": NaN
    },
    "2012-12-31": {
        "Diluted EPS": 1.4,
        "Total Revenue": NaN,
        "Gross Profit": NaN,
        "Operating Income": NaN,
        "EBIT": NaN,
        "Net Income": NaN
    },
    "2012-09-30": {
        "Diluted EPS": 1.4,
        "Total Revenue": NaN,
        "Gross Profit": NaN,
        "Operating Income": NaN,
        "EBIT": NaN,
        "Net Income": NaN
    },
    "2012-06-30": {
        "Diluted EPS": 1.21,
        "Total Revenue": NaN,
        "Gross Profit": NaN,
        "Operating Income": NaN,
        "EBIT": NaN,
        "Net Income": NaN
    },
    "2012-03-31": {
        "Diluted EPS": 1.19,
        "Total Revenue": NaN,
        "Gross Profit": NaN,
        "Operating Income": NaN,
        "EBIT": NaN,
        "Net Income": NaN
    },
    "2011-12-31": {
        "Diluted EPS": 0.91,
        "Total Revenue": NaN,
        "Gross Profit": NaN,
        "Operating Income": NaN,
        "EBIT": NaN,
        "Net Income": NaN
    },
    "2011-09-30": {
        "Diluted EPS": 1.02,
        "Total Revenue": NaN,
        "Gross Profit": NaN,
        "Operating Income": NaN,
        "EBIT": NaN,
        "Net Income": NaN
    },
    "2011-06-30": {
        "Diluted EPS": 1.27,
        "Total Revenue": NaN,
        "Gross Profit": NaN,
        "Operating Income": NaN,
        "EBIT": NaN,
        "Net Income": NaN
    },
    "2011-03-31": {
        "Diluted EPS": 1.28,
        "Total Revenue": NaN,
        "Gross Profit": NaN,
        "Operating Income": NaN,
        "EBIT": NaN,
        "Net Income": NaN
    },
    "2010-12-31": {
        "Diluted EPS": 1.12,
        "Total Revenue": NaN,
        "Gross Profit": NaN,
        "Operating Income": NaN,
        "EBIT": NaN,
        "Net Income": NaN
    },
    "2010-09-30": {
        "Diluted EPS": 1.01,
        "Total Revenue": NaN,
        "Gross Profit": NaN,
        "Operating Income": NaN,
        "EBIT": NaN,
        "Net Income": NaN
    },
    "2010-06-30": {
        "Diluted EPS": 1.09,
        "Total Revenue": NaN,
        "Gross Profit": NaN,
        "Operating Income": NaN,
        "EBIT": NaN,
        "Net Income": NaN
    },
    "2010-03-31": {
        "Diluted EPS": 0.74,
        "Total Revenue": NaN,
        "Gross Profit": NaN,
        "Operating Income": NaN,
        "EBIT": NaN,
        "Net Income": NaN
    },
    "2009-12-31": {
        "Diluted EPS": 0.76,
        "Total Revenue": NaN,
        "Gross Profit": NaN,
        "Operating Income": NaN,
        "EBIT": NaN,
        "Net Income": NaN
    },
    "2009-09-30": {
        "Diluted EPS": 0.82,
        "Total Revenue": NaN,
        "Gross Profit": NaN,
        "Operating Income": NaN,
        "EBIT": NaN,
        "Net Income": NaN
    },
    "2009-06-30": {
        "Diluted EPS": 0.28,
        "Total Revenue": NaN,
        "Gross Profit": NaN,
        "Operating Income": NaN,
        "EBIT": NaN,
        "Net Income": NaN
    },
    "2009-03-31": {
        "Diluted EPS": 0.4,
        "Total Revenue": NaN,
        "Gross Profit": NaN,
        "Operating Income": NaN,
        "EBIT": NaN,
        "Net Income": NaN
    },
    "2023-09-30": {
        "Tax Effect Of Unusual Items": -173126000.0,
        "Tax Rate For Calcs": 0.214,
        "Total Unusual Items": -809000000.0,
        "Total Unusual Items Excluding Goodwill": -809000000.0,
        "Net Income From Continuing Operation Net Minority Interest": 13151000000.0,
        "Reconciled Depreciation": 2019000000.0,
        "Net Interest Income": 22726000000.0,
        "Interest Expense": 21830000000.0,
        "Interest Income": 44556000000.0,
        "Normalized Income": 13786874000.0,
        "Net Income From Continuing And Discontinued Operation": 13151000000.0,
        "Diluted Average Shares": 2932100000.0,
        "Basic Average Shares": 2927500000.0,
        "Diluted EPS": 4.33,
        "Basic EPS": 4.33,
        "Diluted NI Availto Com Stockholders": 12685000000.0,
        "Net Income Common Stockholders": 12685000000.0,
        "Otherunder Preferred Stock Dividend": 80000000.0,
        "Preferred Stock Dividends": 386000000.0,
        "Net Income": 13151000000.0,
        "Net Income Including Noncontrolling Interests": 13151000000.0,
        "Net Income Continuous Operations": 13151000000.0,
        "Tax Provision": 3582000000.0,
        "Pretax Income": 16733000000.0,
        "Special Income Charges": -809000000.0,
        "Other Special Charges": 665000000.0,
        "Restructuring And Mergern Acquisition": 144000000.0,
        "Gain On Sale Of Security": -682000000.0,
        "Selling General And Administration": 12852000000.0,
        "Selling And Marketing Expense": 1126000000.0,
        "General And Administrative Expense": 11726000000.0,
        "Insurance And Claims": NaN,
        "Salaries And Wages": 11726000000.0,
        "Total Revenue": 39761000000.0,
        "Operating Revenue": 39761000000.0,
        "Occupancy And Equipment": 3583000000.0,
        "Professional Expense And Contract Services Expense": 2620000000.0,
        "Other Non Interest Expense": 1793000000.0
    },
    "2023-12-31": {
        "Tax Effect Of Unusual Items": -593435546.530108,
        "Tax Rate For Calcs": 0.178262,
        "Total Unusual Items": -3329000000.0,
        "Total Unusual Items Excluding Goodwill": -3329000000.0,
        "Net Income From Continuing Operation Net Minority Interest": 9307000000.0,
        "Reconciled Depreciation": 3337000000.0,
        "Net Interest Income": 24051000000.0,
        "Interest Expense": 23333000000.0,
        "Interest Income": 47384000000.0,
        "Normalized Income": 12042564453.469893,
        "Net Income From Continuing And Discontinued Operation": 9307000000.0,
        "Diluted Average Shares": 2919100000.0,
        "Basic Average Shares": 2914400000.0,
        "Diluted EPS": 3.04,
        "Basic EPS": 3.04,
        "Diluted NI Availto Com Stockholders": 8871000000.0,
        "Net Income Common Stockholders": 8871000000.0,
        "Otherunder Preferred Stock Dividend": 50000000.0,
        "Preferred Stock Dividends": 386000000.0,
        "Net Income": 9307000000.0,
        "Net Income Including Noncontrolling Interests": 9307000000.0,
        "Net Income Continuous Operations": 9307000000.0,
        "Tax Provision": 2019000000.0,
        "Pretax Income": 11326000000.0,
        "Special Income Charges": -3329000000.0,
        "Other Special Charges": 3075000000.0,
        "Restructuring And Mergern Acquisition": 254000000.0,
        "Gain On Sale Of Security": -754000000.0,
        "Selling General And Administration": 13145000000.0,
        "Selling And Marketing Expense": 1298000000.0,
        "General And Administrative Expense": 11847000000.0,
        "Insurance And Claims": NaN,
        "Salaries And Wages": 11847000000.0,
        "Total Revenue": 38600000000.0,
        "Operating Revenue": 38600000000.0,
        "Occupancy And Equipment": 3617000000.0,
        "Professional Expense And Contract Services Expense": 2606000000.0,
        "Other Non Interest Expense": 1826000000.0
    },
    "2024-03-31": {
        "Tax Effect Of Unusual Items": -197792000.0,
        "Tax Rate For Calcs": 0.224,
        "Total Unusual Items": -883000000.0,
        "Total Unusual Items Excluding Goodwill": -883000000.0,
        "Net Income From Continuing Operation Net Minority Interest": 13419000000.0,
        "Reconciled Depreciation": 2004000000.0,
        "Net Interest Income": 23082000000.0,
        "Interest Expense": 24356000000.0,
        "Interest Income": 47438000000.0,
        "Normalized Income": 14104208000.0,
        "Net Income From Continuing And Discontinued Operation": 13419000000.0,
        "Diluted Average Shares": 2912800000.0,
        "Basic Average Shares": 2908300000.0,
        "Diluted EPS": 4.44,
        "Basic EPS": 4.45,
        "Diluted NI Availto Com Stockholders": 12942000000.0,
        "Net Income Common Stockholders": 12942000000.0,
        "Otherunder Preferred Stock Dividend": 80000000.0,
        "Preferred Stock Dividends": 397000000.0,
        "Net Income": 13419000000.0,
        "Net Income Including Noncontrolling Interests": 13419000000.0,
        "Net Income Continuous Operations": 13419000000.0,
        "Tax Provision": 3874000000.0,
        "Pretax Income": 17293000000.0,
        "Special Income Charges": -883000000.0,
        "Other Special Charges": 653000000.0,
        "Restructuring And Mergern Acquisition": 230000000.0,
        "Gain On Sale Of Security": -392000000.0,
        "Selling General And Administration": 14526000000.0,
        "Selling And Marketing Expense": 1160000000.0,
        "General And Administrative Expense": 13366000000.0,
        "Insurance And Claims": 248000000.0,
        "Salaries And Wages": 13118000000.0,
        "Total Revenue": 41908000000.0,
        "Operating Revenue": 41908000000.0,
        "Occupancy And Equipment": 3632000000.0,
        "Professional Expense And Contract Services Expense": 2548000000.0,
        "Other Non Interest Expense": 1168000000.0
    },
    "2024-06-30": {
        "Tax Effect Of Unusual Items": -44748000.0,
        "Tax Rate For Calcs": 0.226,
        "Total Unusual Items": -198000000.0,
        "Total Unusual Items Excluding Goodwill": -198000000.0,
        "Net Income From Continuing Operation Net Minority Interest": 18149000000.0,
        "Reconciled Depreciation": 2002000000.0,
        "Net Interest Income": 22746000000.0,
        "Interest Expense": 25767000000.0,
        "Interest Income": 48513000000.0,
        "Normalized Income": 18302252000.0,
        "Net Income From Continuing And Discontinued Operation": 18149000000.0,
        "Diluted Average Shares": 2894900000.0,
        "Basic Average Shares": 2889800000.0,
        "Diluted EPS": 6.12,
        "Basic EPS": 6.13,
        "Diluted NI Availto Com Stockholders": 17718000000.0,
        "Net Income Common Stockholders": 17718000000.0,
        "Otherunder Preferred Stock Dividend": 114000000.0,
        "Preferred Stock Dividends": 317000000.0,
        "Net Income": 18149000000.0,
        "Net Income Including Noncontrolling Interests": 18149000000.0,
        "Net Income Continuous Operations": 18149000000.0,
        "Tax Provision": 5286000000.0,
        "Pretax Income": 23435000000.0,
        "Special Income Charges": -198000000.0,
        "Other Special Charges": 317000000.0,
        "Restructuring And Mergern Acquisition": -119000000.0,
        "Gain On Sale Of Security": 7420000000.0,
        "Selling General And Administration": 14174000000.0,
        "Selling And Marketing Expense": 1221000000.0,
        "General And Administrative Expense": 12953000000.0,
        "Insurance And Claims": NaN,
        "Salaries And Wages": 12953000000.0,
        "Total Revenue": 50058000000.0,
        "Operating Revenue": 50058000000.0,
        "Occupancy And Equipment": 3695000000.0,
        "Professional Expense And Contract Services Expense": 2722000000.0,
        "Other Non Interest Expense": 2805000000.0
    },
    "2024-09-30": {
        "Tax Effect Of Unusual Items": -96240000.0,
        "Tax Rate For Calcs": 0.24,
        "Total Unusual Items": -401000000.0,
        "Total Unusual Items Excluding Goodwill": -401000000.0,
        "Net Income From Continuing Operation Net Minority Interest": 12898000000.0,
        "Reconciled Depreciation": 1967000000.0,
        "Net Interest Income": 23405000000.0,
        "Interest Expense": 27011000000.0,
        "Interest Income": 50416000000.0,
        "Normalized Income": 13202760000.0,
        "Net Income From Continuing And Discontinued Operation": 12898000000.0,
        "Diluted Average Shares": 2865900000.0,
        "Basic Average Shares": 2860600000.0,
        "Diluted EPS": 4.37,
        "Basic EPS": 4.38,
        "Diluted NI Availto Com Stockholders": 12537000000.0,
        "Net Income Common Stockholders": 12537000000.0,
        "Otherunder Preferred Stock Dividend": 75000000.0,
        "Preferred Stock Dividends": 286000000.0,
        "Net Income": 12898000000.0,
        "Net Income Including Noncontrolling Interests": 12898000000.0,
        "Net Income Continuous Operations": 12898000000.0,
        "Tax Provision": 4080000000.0,
        "Pretax Income": 16978000000.0,
        "Special Income Charges": -401000000.0,
        "Other Special Charges": 259000000.0,
        "Restructuring And Mergern Acquisition": 142000000.0,
        "Gain On Sale Of Security": -14000000.0,
        "Selling General And Administration": 14075000000.0,
        "Selling And Marketing Expense": 1258000000.0,
        "General And Administrative Expense": 12817000000.0,
        "Insurance And Claims": NaN,
        "Salaries And Wages": 12817000000.0,
        "Total Revenue": 42656000000.0,
        "Operating Revenue": 42656000000.0,
        "Occupancy And Equipment": 3705000000.0,
        "Professional Expense And Contract Services Expense": 2780000000.0,
        "Other Non Interest Expense": 1604000000.0
    }
}