{
    "2023-03-31": {
        "Tax Effect Of Unusual Items": NaN,
        "Tax Rate For Calcs": NaN,
        "Normalized EBITDA": NaN,
        "Total Unusual Items": NaN,
        "Total Unusual Items Excluding Goodwill": NaN,
        "Net Income From Continuing Operation Net Minority Interest": NaN,
        "Reconciled Depreciation": NaN,
        "EBITDA": NaN,
        "EBIT": NaN,
        "Net Interest Income": NaN,
        "Interest Income": NaN,
        "Normalized Income": NaN,
        "Net Income From Continuing And Discontinued Operation": NaN,
        "Total Expenses": NaN,
        "Total Operating Income As Reported": NaN,
        "Diluted Average Shares": NaN,
        "Basic Average Shares": NaN,
        "Diluted EPS": NaN,
        "Basic EPS": NaN,
        "Diluted NI Availto Com Stockholders": NaN,
        "Net Income Common Stockholders": NaN,
        "Net Income": NaN,
        "Net Income Including Noncontrolling Interests": NaN,
        "Net Income Continuous Operations": NaN,
        "Pretax Income": NaN,
        "Other Income Expense": NaN,
        "Other Non Operating Income Expenses": NaN,
        "Special Income Charges": NaN,
        "Restructuring And Mergern Acquisition": NaN,
        "Gain On Sale Of Security": -575000.0,
        "Net Non Operating Interest Income Expense": NaN,
        "Interest Income Non Operating": NaN,
        "Operating Income": NaN,
        "Operating Expense": NaN,
        "Research And Development": NaN,
        "Selling General And Administration": NaN,
        "General And Administrative Expense": NaN,
        "Other Gand A": NaN,
        "Salaries And Wages": NaN,
        "Total Revenue": NaN,
        "Operating Revenue": NaN
    },
    "2022-12-31": {
        "Tax Effect Of Unusual Items": NaN,
        "Tax Rate For Calcs": NaN,
        "Normalized EBITDA": NaN,
        "Total Unusual Items": NaN,
        "Total Unusual Items Excluding Goodwill": NaN,
        "Net Income From Continuing Operation Net Minority Interest": NaN,
        "Reconciled Depreciation": NaN,
        "EBITDA": NaN,
        "EBIT": NaN,
        "Net Interest Income": NaN,
        "Interest Income": NaN,
        "Normalized Income": NaN,
        "Net Income From Continuing And Discontinued Operation": NaN,
        "Total Expenses": NaN,
        "Total Operating Income As Reported": NaN,
        "Diluted Average Shares": NaN,
        "Basic Average Shares": NaN,
        "Diluted EPS": NaN,
        "Basic EPS": NaN,
        "Diluted NI Availto Com Stockholders": NaN,
        "Net Income Common Stockholders": NaN,
        "Net Income": NaN,
        "Net Income Including Noncontrolling Interests": NaN,
        "Net Income Continuous Operations": NaN,
        "Pretax Income": NaN,
        "Other Income Expense": NaN,
        "Other Non Operating Income Expenses": NaN,
        "Special Income Charges": NaN,
        "Restructuring And Mergern Acquisition": NaN,
        "Gain On Sale Of Security": 150000.0,
        "Net Non Operating Interest Income Expense": NaN,
        "Interest Income Non Operating": NaN,
        "Operating Income": NaN,
        "Operating Expense": NaN,
        "Research And Development": NaN,
        "Selling General And Administration": NaN,
        "General And Administrative Expense": NaN,
        "Other Gand A": NaN,
        "Salaries And Wages": NaN,
        "Total Revenue": NaN,
        "Operating Revenue": NaN
    },
    "2022-09-30": {
        "Tax Effect Of Unusual Items": NaN,
        "Tax Rate For Calcs": NaN,
        "Normalized EBITDA": NaN,
        "Total Unusual Items": NaN,
        "Total Unusual Items Excluding Goodwill": NaN,
        "Net Income From Continuing Operation Net Minority Interest": NaN,
        "Reconciled Depreciation": NaN,
        "EBITDA": NaN,
        "EBIT": NaN,
        "Net Interest Income": NaN,
        "Interest Income": NaN,
        "Normalized Income": NaN,
        "Net Income From Continuing And Discontinued Operation": NaN,
        "Total Expenses": NaN,
        "Total Operating Income As Reported": NaN,
        "Diluted Average Shares": NaN,
        "Basic Average Shares": NaN,
        "Diluted EPS": NaN,
        "Basic EPS": NaN,
        "Diluted NI Availto Com Stockholders": NaN,
        "Net Income Common Stockholders": NaN,
        "Net Income": NaN,
        "Net Income Including Noncontrolling Interests": NaN,
        "Net Income Continuous Operations": NaN,
        "Pretax Income": NaN,
        "Other Income Expense": NaN,
        "Other Non Operating Income Expenses": NaN,
        "Special Income Charges": NaN,
        "Restructuring And Mergern Acquisition": NaN,
        "Gain On Sale Of Security": 155000.0,
        "Net Non Operating Interest Income Expense": NaN,
        "Interest Income Non Operating": NaN,
        "Operating Income": NaN,
        "Operating Expense": NaN,
        "Research And Development": NaN,
        "Selling General And Administration": NaN,
        "General And Administrative Expense": NaN,
        "Other Gand A": NaN,
        "Salaries And Wages": NaN,
        "Total Revenue": NaN,
        "Operating Revenue": NaN
    },
    "2022-06-30": {
        "Tax Effect Of Unusual Items": 0.0,
        "Tax Rate For Calcs": 0.0,
        "Normalized EBITDA": -13215000.0,
        "Total Unusual Items": 1470000.0,
        "Total Unusual Items Excluding Goodwill": 1470000.0,
        "Net Income From Continuing Operation Net Minority Interest": -10404000.0,
        "Reconciled Depreciation": 218000.0,
        "EBITDA": -11745000.0,
        "EBIT": -11963000.0,
        "Net Interest Income": NaN,
        "Interest Income": NaN,
        "Normalized Income": -11874000.0,
        "Net Income From Continuing And Discontinued Operation": -10404000.0,
        "Total Expenses": 11963000.0,
        "Total Operating Income As Reported": -11963000.0,
        "Diluted Average Shares": 36397822.0,
        "Basic Average Shares": 36397822.0,
        "Diluted EPS": -0.29,
        "Basic EPS": -0.29,
        "Diluted NI Availto Com Stockholders": -10404000.0,
        "Net Income Common Stockholders": -10404000.0,
        "Net Income": -10404000.0,
        "Net Income Including Noncontrolling Interests": -10404000.0,
        "Net Income Continuous Operations": -10404000.0,
        "Pretax Income": -10404000.0,
        "Other Income Expense": 1559000.0,
        "Other Non Operating Income Expenses": 89000.0,
        "Special Income Charges": 625000.0,
        "Restructuring And Mergern Acquisition": -625000.0,
        "Gain On Sale Of Security": 845000.0,
        "Net Non Operating Interest Income Expense": NaN,
        "Interest Income Non Operating": NaN,
        "Operating Income": -11963000.0,
        "Operating Expense": 11963000.0,
        "Research And Development": 8135000.0,
        "Selling General And Administration": 3828000.0,
        "General And Administrative Expense": 3828000.0,
        "Other Gand A": 3828000.0,
        "Salaries And Wages": NaN,
        "Total Revenue": 0.0,
        "Operating Revenue": 0.0
    },
    "2022-03-31": {
        "Diluted EPS": -0.06,
        "Total Revenue": NaN,
        "Gross Profit": NaN,
        "Operating Income": -13,
        "EBIT": -13,
        "Net Income": -2
    },
    "2021-12-31": {
        "Diluted EPS": -0.25,
        "Total Revenue": NaN,
        "Gross Profit": NaN,
        "Operating Income": -12,
        "EBIT": -12,
        "Net Income": -9
    },
    "2021-09-30": {
        "Diluted EPS": -0.69,
        "Total Revenue": NaN,
        "Gross Profit": NaN,
        "Operating Income": -10,
        "EBIT": -10,
        "Net Income": -3
    },
    "2021-06-30": {
        "Diluted EPS": -4.0,
        "Total Revenue": NaN,
        "Gross Profit": NaN,
        "Operating Income": -8,
        "EBIT": -8,
        "Net Income": -8
    },
    "2021-03-31": {
        "Diluted EPS": -4.92,
        "Total Revenue": NaN,
        "Gross Profit": NaN,
        "Operating Income": -6,
        "EBIT": -6,
        "Net Income": -10
    },
    "2020-12-31": {
        "Diluted EPS": 1.77,
        "Total Revenue": NaN,
        "Gross Profit": NaN,
        "Operating Income": -14,
        "EBIT": -14,
        "Net Income": -19
    },
    "2020-09-30": {
        "Diluted EPS": -6.14,
        "Total Revenue": NaN,
        "Gross Profit": NaN,
        "Operating Income": -6,
        "EBIT": -6,
        "Net Income": -11
    },
    "2020-06-30": {
        "Diluted EPS": -1.37,
        "Total Revenue": NaN,
        "Gross Profit": NaN,
        "Operating Income": 0,
        "EBIT": 0,
        "Net Income": -3
    },
    "2020-03-31": {
        "Diluted EPS": 0.57,
        "Total Revenue": NaN,
        "Gross Profit": NaN,
        "Operating Income": 0,
        "EBIT": 0,
        "Net Income": 1
    },
    "2019-12-31": {
        "Diluted EPS": 0.0,
        "Total Revenue": NaN,
        "Gross Profit": NaN,
        "Operating Income": NaN,
        "EBIT": NaN,
        "Net Income": NaN
    },
    "2019-09-30": {
        "Diluted EPS": 0.0,
        "Total Revenue": NaN,
        "Gross Profit": NaN,
        "Operating Income": -1,
        "EBIT": -1,
        "Net Income": 0
    },
    "2023-06-30": {
        "Tax Effect Of Unusual Items": NaN,
        "Tax Rate For Calcs": NaN,
        "Normalized EBITDA": NaN,
        "Total Unusual Items": NaN,
        "Total Unusual Items Excluding Goodwill": NaN,
        "Net Income From Continuing Operation Net Minority Interest": NaN,
        "Reconciled Depreciation": NaN,
        "EBITDA": NaN,
        "EBIT": NaN,
        "Net Interest Income": NaN,
        "Interest Income": NaN,
        "Normalized Income": NaN,
        "Net Income From Continuing And Discontinued Operation": NaN,
        "Total Expenses": NaN,
        "Total Operating Income As Reported": NaN,
        "Diluted Average Shares": NaN,
        "Basic Average Shares": NaN,
        "Diluted EPS": NaN,
        "Basic EPS": NaN,
        "Diluted NI Availto Com Stockholders": NaN,
        "Net Income Common Stockholders": NaN,
        "Net Income": NaN,
        "Net Income Including Noncontrolling Interests": NaN,
        "Net Income Continuous Operations": NaN,
        "Pretax Income": NaN,
        "Other Income Expense": NaN,
        "Other Non Operating Income Expenses": NaN,
        "Special Income Charges": NaN,
        "Restructuring And Mergern Acquisition": NaN,
        "Gain On Sale Of Security": NaN,
        "Net Non Operating Interest Income Expense": NaN,
        "Interest Income Non Operating": NaN,
        "Operating Income": NaN,
        "Operating Expense": NaN,
        "Research And Development": NaN,
        "Selling General And Administration": NaN,
        "General And Administrative Expense": NaN,
        "Other Gand A": NaN,
        "Salaries And Wages": 491000.0,
        "Total Revenue": NaN,
        "Operating Revenue": NaN
    },
    "2023-09-30": {
        "Tax Effect Of Unusual Items": 0.0,
        "Tax Rate For Calcs": 0.0,
        "Normalized EBITDA": -19420000.0,
        "Total Unusual Items": 334000.0,
        "Total Unusual Items Excluding Goodwill": 334000.0,
        "Net Income From Continuing Operation Net Minority Interest": -17544000.0,
        "Reconciled Depreciation": 276000.0,
        "EBITDA": -19086000.0,
        "EBIT": -19362000.0,
        "Net Interest Income": 1433000.0,
        "Interest Income": 1433000.0,
        "Normalized Income": -17878000.0,
        "Net Income From Continuing And Discontinued Operation": -17544000.0,
        "Total Expenses": 19362000.0,
        "Total Operating Income As Reported": -19362000.0,
        "Diluted Average Shares": 10971945.0,
        "Basic Average Shares": 10971945.0,
        "Diluted EPS": -1.6,
        "Basic EPS": -1.6,
        "Diluted NI Availto Com Stockholders": -17544000.0,
        "Net Income Common Stockholders": -17544000.0,
        "Net Income": -17544000.0,
        "Net Income Including Noncontrolling Interests": -17544000.0,
        "Net Income Continuous Operations": -17544000.0,
        "Pretax Income": -17544000.0,
        "Other Income Expense": 385000.0,
        "Other Non Operating Income Expenses": 51000.0,
        "Special Income Charges": 334000.0,
        "Restructuring And Mergern Acquisition": -334000.0,
        "Gain On Sale Of Security": NaN,
        "Net Non Operating Interest Income Expense": 1433000.0,
        "Interest Income Non Operating": 1433000.0,
        "Operating Income": -19362000.0,
        "Operating Expense": 19362000.0,
        "Research And Development": 14848000.0,
        "Selling General And Administration": 4514000.0,
        "General And Administrative Expense": 4514000.0,
        "Other Gand A": 4514000.0,
        "Salaries And Wages": NaN,
        "Total Revenue": 0.0,
        "Operating Revenue": 0.0
    },
    "2023-12-31": {
        "Tax Effect Of Unusual Items": 0.0,
        "Tax Rate For Calcs": 0.0,
        "Normalized EBITDA": -17470000.0,
        "Total Unusual Items": 28000.0,
        "Total Unusual Items Excluding Goodwill": 28000.0,
        "Net Income From Continuing Operation Net Minority Interest": -16581000.0,
        "Reconciled Depreciation": 283000.0,
        "EBITDA": -17442000.0,
        "EBIT": -17725000.0,
        "Net Interest Income": 1234000.0,
        "Interest Income": 1234000.0,
        "Normalized Income": -16609000.0,
        "Net Income From Continuing And Discontinued Operation": -16581000.0,
        "Total Expenses": 17725000.0,
        "Total Operating Income As Reported": -17725000.0,
        "Diluted Average Shares": 11044542.0,
        "Basic Average Shares": 11044542.0,
        "Diluted EPS": -1.5,
        "Basic EPS": -1.5,
        "Diluted NI Availto Com Stockholders": -16581000.0,
        "Net Income Common Stockholders": -16581000.0,
        "Net Income": -16581000.0,
        "Net Income Including Noncontrolling Interests": -16581000.0,
        "Net Income Continuous Operations": -16581000.0,
        "Pretax Income": -16581000.0,
        "Other Income Expense": -90000.0,
        "Other Non Operating Income Expenses": -118000.0,
        "Special Income Charges": 28000.0,
        "Restructuring And Mergern Acquisition": -28000.0,
        "Gain On Sale Of Security": 0.0,
        "Net Non Operating Interest Income Expense": 1234000.0,
        "Interest Income Non Operating": 1234000.0,
        "Operating Income": -17725000.0,
        "Operating Expense": 17725000.0,
        "Research And Development": 13835000.0,
        "Selling General And Administration": 3890000.0,
        "General And Administrative Expense": 3890000.0,
        "Other Gand A": 3890000.0,
        "Salaries And Wages": NaN,
        "Total Revenue": 0.0,
        "Operating Revenue": 0.0
    },
    "2024-03-31": {
        "Tax Effect Of Unusual Items": 0.0,
        "Tax Rate For Calcs": 0.0,
        "Normalized EBITDA": -14764000.0,
        "Total Unusual Items": -20000.0,
        "Total Unusual Items Excluding Goodwill": -20000.0,
        "Net Income From Continuing Operation Net Minority Interest": -13728000.0,
        "Reconciled Depreciation": 288000.0,
        "EBITDA": -14784000.0,
        "EBIT": -15072000.0,
        "Net Interest Income": 1386000.0,
        "Interest Income": 1386000.0,
        "Normalized Income": -13708000.0,
        "Net Income From Continuing And Discontinued Operation": -13728000.0,
        "Total Expenses": 15072000.0,
        "Total Operating Income As Reported": -15072000.0,
        "Diluted Average Shares": 13334900.0,
        "Basic Average Shares": 13334900.0,
        "Diluted EPS": -1.03,
        "Basic EPS": -1.03,
        "Diluted NI Availto Com Stockholders": -13728000.0,
        "Net Income Common Stockholders": -13728000.0,
        "Net Income": -13728000.0,
        "Net Income Including Noncontrolling Interests": -13728000.0,
        "Net Income Continuous Operations": -13728000.0,
        "Pretax Income": -13728000.0,
        "Other Income Expense": -42000.0,
        "Other Non Operating Income Expenses": -22000.0,
        "Special Income Charges": -20000.0,
        "Restructuring And Mergern Acquisition": 20000.0,
        "Gain On Sale Of Security": NaN,
        "Net Non Operating Interest Income Expense": 1386000.0,
        "Interest Income Non Operating": 1386000.0,
        "Operating Income": -15072000.0,
        "Operating Expense": 15072000.0,
        "Research And Development": 10298000.0,
        "Selling General And Administration": 4774000.0,
        "General And Administrative Expense": 4774000.0,
        "Other Gand A": 4774000.0,
        "Salaries And Wages": NaN,
        "Total Revenue": 0.0,
        "Operating Revenue": 0.0
    },
    "2024-06-30": {
        "Tax Effect Of Unusual Items": 0.0,
        "Tax Rate For Calcs": 0.0,
        "Normalized EBITDA": -15694000.0,
        "Total Unusual Items": 0.0,
        "Total Unusual Items Excluding Goodwill": 0.0,
        "Net Income From Continuing Operation Net Minority Interest": -14583000.0,
        "Reconciled Depreciation": 299000.0,
        "EBITDA": -15694000.0,
        "EBIT": -15993000.0,
        "Net Interest Income": 1450000.0,
        "Interest Income": 1450000.0,
        "Normalized Income": -14583000.0,
        "Net Income From Continuing And Discontinued Operation": -14583000.0,
        "Total Expenses": 15993000.0,
        "Total Operating Income As Reported": -15993000.0,
        "Diluted Average Shares": 14986367.0,
        "Basic Average Shares": 14986367.0,
        "Diluted EPS": -0.97,
        "Basic EPS": -0.97,
        "Diluted NI Availto Com Stockholders": -14583000.0,
        "Net Income Common Stockholders": -14583000.0,
        "Net Income": -14583000.0,
        "Net Income Including Noncontrolling Interests": -14583000.0,
        "Net Income Continuous Operations": -14583000.0,
        "Pretax Income": -14583000.0,
        "Other Income Expense": -40000.0,
        "Other Non Operating Income Expenses": -40000.0,
        "Special Income Charges": 0.0,
        "Restructuring And Mergern Acquisition": 0.0,
        "Gain On Sale Of Security": NaN,
        "Net Non Operating Interest Income Expense": 1450000.0,
        "Interest Income Non Operating": 1450000.0,
        "Operating Income": -15993000.0,
        "Operating Expense": 15993000.0,
        "Research And Development": 11296000.0,
        "Selling General And Administration": 4697000.0,
        "General And Administrative Expense": 4697000.0,
        "Other Gand A": 4697000.0,
        "Salaries And Wages": NaN,
        "Total Revenue": 0.0,
        "Operating Revenue": 0.0
    },
    "2024-09-30": {
        "Tax Effect Of Unusual Items": 0.0,
        "Tax Rate For Calcs": 0.0,
        "Normalized EBITDA": -19368000.0,
        "Total Unusual Items": 20000.0,
        "Total Unusual Items Excluding Goodwill": 20000.0,
        "Net Income From Continuing Operation Net Minority Interest": -18637000.0,
        "Reconciled Depreciation": 541000.0,
        "EBITDA": -19348000.0,
        "EBIT": -19889000.0,
        "Net Interest Income": 1284000.0,
        "Interest Income": 1284000.0,
        "Normalized Income": -18657000.0,
        "Net Income From Continuing And Discontinued Operation": -18637000.0,
        "Total Expenses": 19889000.0,
        "Total Operating Income As Reported": -19889000.0,
        "Diluted Average Shares": 15000516.0,
        "Basic Average Shares": 15000516.0,
        "Diluted EPS": -1.24,
        "Basic EPS": -1.24,
        "Diluted NI Availto Com Stockholders": -18637000.0,
        "Net Income Common Stockholders": -18637000.0,
        "Net Income": -18637000.0,
        "Net Income Including Noncontrolling Interests": -18637000.0,
        "Net Income Continuous Operations": -18637000.0,
        "Pretax Income": -18637000.0,
        "Other Income Expense": -32000.0,
        "Other Non Operating Income Expenses": -52000.0,
        "Special Income Charges": 20000.0,
        "Restructuring And Mergern Acquisition": -20000.0,
        "Gain On Sale Of Security": NaN,
        "Net Non Operating Interest Income Expense": 1284000.0,
        "Interest Income Non Operating": 1284000.0,
        "Operating Income": -19889000.0,
        "Operating Expense": 19889000.0,
        "Research And Development": 14455000.0,
        "Selling General And Administration": 5434000.0,
        "General And Administrative Expense": 5434000.0,
        "Other Gand A": 5434000.0,
        "Salaries And Wages": NaN,
        "Total Revenue": 0.0,
        "Operating Revenue": 0.0
    }
}