{
    "2023-03-31": {
        "Tax Effect Of Unusual Items": 0.0,
        "Tax Rate For Calcs": 0.0,
        "Normalized EBITDA": -6455000.0,
        "Total Unusual Items": 0.0,
        "Total Unusual Items Excluding Goodwill": 0.0,
        "Net Income From Continuing Operation Net Minority Interest": -6451000.0,
        "Reconciled Depreciation": 2000.0,
        "EBITDA": -6455000.0,
        "EBIT": -6457000.0,
        "Net Interest Income": 31000.0,
        "Interest Expense": 23000.0,
        "Interest Income": 54000.0,
        "Normalized Income": -6451000.0,
        "Net Income From Continuing And Discontinued Operation": -6451000.0,
        "Total Expenses": 6767000.0,
        "Total Operating Income As Reported": -6486000.0,
        "Diluted Average Shares": 8361000.0,
        "Basic Average Shares": 8361000.0,
        "Diluted EPS": -0.77,
        "Basic EPS": -0.77,
        "Diluted NI Availto Com Stockholders": -6451000.0,
        "Net Income Common Stockholders": -6451000.0,
        "Net Income": -6451000.0,
        "Minority Interests": 29000.0,
        "Net Income Including Noncontrolling Interests": -6480000.0,
        "Net Income Continuous Operations": -6480000.0,
        "Pretax Income": -6480000.0,
        "Other Income Expense": -25000.0,
        "Other Non Operating Income Expenses": -25000.0,
        "Special Income Charges": 0.0,
        "Other Special Charges": NaN,
        "Gain On Sale Of Security": NaN,
        "Net Non Operating Interest Income Expense": 31000.0,
        "Interest Expense Non Operating": 23000.0,
        "Interest Income Non Operating": 54000.0,
        "Operating Income": -6486000.0,
        "Operating Expense": 6767000.0,
        "Research And Development": 2843000.0,
        "Selling General And Administration": 3924000.0,
        "General And Administrative Expense": 3924000.0,
        "Other Gand A": 3924000.0,
        "Total Revenue": 281000.0,
        "Operating Revenue": 281000.0
    },
    "2022-09-30": {
        "Tax Effect Of Unusual Items": NaN,
        "Tax Rate For Calcs": NaN,
        "Normalized EBITDA": NaN,
        "Total Unusual Items": NaN,
        "Total Unusual Items Excluding Goodwill": NaN,
        "Net Income From Continuing Operation Net Minority Interest": NaN,
        "Reconciled Depreciation": NaN,
        "EBITDA": NaN,
        "EBIT": NaN,
        "Net Interest Income": NaN,
        "Interest Expense": NaN,
        "Interest Income": NaN,
        "Normalized Income": NaN,
        "Net Income From Continuing And Discontinued Operation": NaN,
        "Total Expenses": NaN,
        "Total Operating Income As Reported": NaN,
        "Diluted Average Shares": 4891000.0,
        "Basic Average Shares": 4891000.0,
        "Diluted EPS": -1.14,
        "Basic EPS": -1.14,
        "Diluted NI Availto Com Stockholders": NaN,
        "Net Income Common Stockholders": NaN,
        "Net Income": NaN,
        "Minority Interests": NaN,
        "Net Income Including Noncontrolling Interests": NaN,
        "Net Income Continuous Operations": NaN,
        "Pretax Income": NaN,
        "Other Income Expense": NaN,
        "Other Non Operating Income Expenses": NaN,
        "Special Income Charges": NaN,
        "Other Special Charges": 236000.0,
        "Gain On Sale Of Security": NaN,
        "Net Non Operating Interest Income Expense": NaN,
        "Interest Expense Non Operating": NaN,
        "Interest Income Non Operating": NaN,
        "Operating Income": NaN,
        "Operating Expense": NaN,
        "Research And Development": NaN,
        "Selling General And Administration": NaN,
        "General And Administrative Expense": NaN,
        "Other Gand A": NaN,
        "Total Revenue": NaN,
        "Operating Revenue": NaN
    },
    "2022-06-30": {
        "Tax Effect Of Unusual Items": 0.0,
        "Tax Rate For Calcs": 0.0,
        "Normalized EBITDA": -5130000.0,
        "Total Unusual Items": -174000.0,
        "Total Unusual Items Excluding Goodwill": -174000.0,
        "Net Income From Continuing Operation Net Minority Interest": -5878000.0,
        "Reconciled Depreciation": 18000.0,
        "EBITDA": -5304000.0,
        "EBIT": -5322000.0,
        "Net Interest Income": -556000.0,
        "Interest Expense": 556000.0,
        "Normalized Income": -5704000.0,
        "Net Income From Continuing And Discontinued Operation": -5878000.0,
        "Total Expenses": 5779000.0,
        "Total Operating Income As Reported": -4871000.0,
        "Diluted Average Shares": 4795000.0,
        "Basic Average Shares": 4795000.0,
        "Diluted EPS": -1.23,
        "Basic EPS": -1.23,
        "Diluted NI Availto Com Stockholders": -5878000.0,
        "Net Income Common Stockholders": -5878000.0,
        "Net Income": -5878000.0,
        "Minority Interests": 0.0,
        "Net Income Including Noncontrolling Interests": -5878000.0,
        "Net Income Continuous Operations": -5878000.0,
        "Pretax Income": -5878000.0,
        "Other Income Expense": -451000.0,
        "Other Non Operating Income Expenses": -277000.0,
        "Special Income Charges": -174000.0,
        "Other Special Charges": 174000.0,
        "Gain On Sale Of Security": NaN,
        "Net Non Operating Interest Income Expense": -556000.0,
        "Interest Expense Non Operating": 556000.0,
        "Operating Income": -4871000.0,
        "Operating Expense": 5779000.0,
        "Research And Development": 3879000.0,
        "Selling General And Administration": 1825000.0,
        "General And Administrative Expense": 1825000.0,
        "Other Gand A": 1825000.0,
        "Total Revenue": 908000.0,
        "Operating Revenue": 609000.0
    },
    "2023-06-30": {
        "Tax Effect Of Unusual Items": 256410.0,
        "Tax Rate For Calcs": 0.21,
        "Normalized EBITDA": -823000.0,
        "Total Unusual Items": 1221000.0,
        "Total Unusual Items Excluding Goodwill": 1221000.0,
        "Net Income From Continuing Operation Net Minority Interest": 386000.0,
        "Reconciled Depreciation": 2000.0,
        "EBITDA": 398000.0,
        "EBIT": 396000.0,
        "Net Interest Income": -21000.0,
        "Interest Expense": 21000.0,
        "Interest Income": NaN,
        "Normalized Income": -578590.0,
        "Net Income From Continuing And Discontinued Operation": 386000.0,
        "Total Expenses": 6141000.0,
        "Total Operating Income As Reported": -980000.0,
        "Diluted Average Shares": 9939000.0,
        "Basic Average Shares": 9939000.0,
        "Diluted EPS": 0.04,
        "Basic EPS": 0.04,
        "Diluted NI Availto Com Stockholders": 386000.0,
        "Net Income Common Stockholders": 386000.0,
        "Net Income": 386000.0,
        "Minority Interests": 11000.0,
        "Net Income Including Noncontrolling Interests": 375000.0,
        "Net Income Continuous Operations": 375000.0,
        "Pretax Income": 375000.0,
        "Other Income Expense": 1376000.0,
        "Other Non Operating Income Expenses": 155000.0,
        "Special Income Charges": 0.0,
        "Other Special Charges": NaN,
        "Gain On Sale Of Security": 1221000.0,
        "Net Non Operating Interest Income Expense": -21000.0,
        "Interest Expense Non Operating": 21000.0,
        "Interest Income Non Operating": NaN,
        "Operating Income": -980000.0,
        "Operating Expense": 6141000.0,
        "Research And Development": 2710000.0,
        "Selling General And Administration": 3431000.0,
        "General And Administrative Expense": 3431000.0,
        "Other Gand A": 3431000.0,
        "Total Revenue": 5161000.0,
        "Operating Revenue": 5161000.0
    },
    "2023-09-30": {
        "Tax Effect Of Unusual Items": 0.0,
        "Tax Rate For Calcs": 0.0,
        "Normalized EBITDA": -3888000.0,
        "Total Unusual Items": -1401000.0,
        "Total Unusual Items Excluding Goodwill": -1401000.0,
        "Net Income From Continuing Operation Net Minority Interest": -5380000.0,
        "Reconciled Depreciation": 1000.0,
        "EBITDA": -5289000.0,
        "EBIT": -5290000.0,
        "Net Interest Income": -21000.0,
        "Interest Expense": 21000.0,
        "Interest Income": NaN,
        "Normalized Income": -3979000.0,
        "Net Income From Continuing And Discontinued Operation": -5380000.0,
        "Total Expenses": 3986000.0,
        "Total Operating Income As Reported": -3986000.0,
        "Diluted Average Shares": 11738000.0,
        "Basic Average Shares": 11738000.0,
        "Diluted EPS": -0.46,
        "Basic EPS": -0.46,
        "Diluted NI Availto Com Stockholders": -5380000.0,
        "Net Income Common Stockholders": -5380000.0,
        "Net Income": -5380000.0,
        "Minority Interests": -69000.0,
        "Net Income Including Noncontrolling Interests": -5311000.0,
        "Net Income Continuous Operations": -5311000.0,
        "Pretax Income": -5311000.0,
        "Other Income Expense": -1304000.0,
        "Other Non Operating Income Expenses": 97000.0,
        "Special Income Charges": 0.0,
        "Other Special Charges": NaN,
        "Gain On Sale Of Security": -1401000.0,
        "Net Non Operating Interest Income Expense": -21000.0,
        "Interest Expense Non Operating": 21000.0,
        "Interest Income Non Operating": NaN,
        "Operating Income": -3986000.0,
        "Operating Expense": 3986000.0,
        "Research And Development": 1909000.0,
        "Selling General And Administration": 2077000.0,
        "General And Administrative Expense": 2077000.0,
        "Other Gand A": 2077000.0,
        "Total Revenue": 0.0,
        "Operating Revenue": 0.0
    },
    "2022-12-31": {
        "Tax Effect Of Unusual Items": NaN,
        "Tax Rate For Calcs": NaN,
        "Normalized EBITDA": NaN,
        "Total Unusual Items": NaN,
        "Total Unusual Items Excluding Goodwill": NaN,
        "Net Income From Continuing Operation Net Minority Interest": NaN,
        "Reconciled Depreciation": NaN,
        "EBITDA": NaN,
        "EBIT": NaN,
        "Net Interest Income": NaN,
        "Interest Expense": NaN,
        "Interest Income": NaN,
        "Normalized Income": NaN,
        "Net Income From Continuing And Discontinued Operation": NaN,
        "Total Expenses": NaN,
        "Total Operating Income As Reported": NaN,
        "Diluted Average Shares": NaN,
        "Basic Average Shares": NaN,
        "Diluted EPS": NaN,
        "Basic EPS": NaN,
        "Diluted NI Availto Com Stockholders": NaN,
        "Net Income Common Stockholders": NaN,
        "Net Income": NaN,
        "Minority Interests": NaN,
        "Net Income Including Noncontrolling Interests": NaN,
        "Net Income Continuous Operations": NaN,
        "Pretax Income": NaN,
        "Other Income Expense": NaN,
        "Other Non Operating Income Expenses": NaN,
        "Special Income Charges": 82000.0,
        "Other Special Charges": -82000.0,
        "Gain On Sale Of Security": NaN,
        "Net Non Operating Interest Income Expense": NaN,
        "Interest Expense Non Operating": NaN,
        "Interest Income Non Operating": NaN,
        "Operating Income": NaN,
        "Operating Expense": NaN,
        "Research And Development": NaN,
        "Selling General And Administration": NaN,
        "General And Administrative Expense": NaN,
        "Other Gand A": NaN,
        "Total Revenue": NaN,
        "Operating Revenue": NaN
    },
    "2023-12-31": {
        "Tax Effect Of Unusual Items": 0.0,
        "Tax Rate For Calcs": 0.0,
        "Normalized EBITDA": -4146000.0,
        "Total Unusual Items": 1762000.0,
        "Total Unusual Items Excluding Goodwill": 1762000.0,
        "Net Income From Continuing Operation Net Minority Interest": -2654000.0,
        "Reconciled Depreciation": 4000.0,
        "EBITDA": -2384000.0,
        "EBIT": -2388000.0,
        "Net Interest Income": 53000.0,
        "Interest Expense": 272000.0,
        "Interest Income": NaN,
        "Normalized Income": -4416000.0,
        "Net Income From Continuing And Discontinued Operation": -2654000.0,
        "Total Expenses": 4271000.0,
        "Total Operating Income As Reported": -4271000.0,
        "Diluted Average Shares": NaN,
        "Basic Average Shares": NaN,
        "Diluted EPS": NaN,
        "Basic EPS": NaN,
        "Diluted NI Availto Com Stockholders": -2654000.0,
        "Net Income Common Stockholders": -2654000.0,
        "Net Income": -2654000.0,
        "Minority Interests": 6000.0,
        "Net Income Including Noncontrolling Interests": -2660000.0,
        "Net Income Continuous Operations": -2660000.0,
        "Pretax Income": -2660000.0,
        "Other Income Expense": 1558000.0,
        "Other Non Operating Income Expenses": -204000.0,
        "Special Income Charges": 0.0,
        "Other Special Charges": NaN,
        "Gain On Sale Of Security": 1762000.0,
        "Net Non Operating Interest Income Expense": 53000.0,
        "Interest Expense Non Operating": 272000.0,
        "Interest Income Non Operating": NaN,
        "Operating Income": -4271000.0,
        "Operating Expense": 4271000.0,
        "Research And Development": 1561000.0,
        "Selling General And Administration": 2710000.0,
        "General And Administrative Expense": 2710000.0,
        "Other Gand A": 2710000.0,
        "Total Revenue": 0.0,
        "Operating Revenue": 0.0
    },
    "2024-03-31": {
        "Tax Effect Of Unusual Items": 0.0,
        "Tax Rate For Calcs": 0.0,
        "Normalized EBITDA": -6375000.0,
        "Total Unusual Items": -3832000.0,
        "Total Unusual Items Excluding Goodwill": -3832000.0,
        "Net Income From Continuing Operation Net Minority Interest": -10238000.0,
        "Reconciled Depreciation": 0.0,
        "EBITDA": -10207000.0,
        "EBIT": -10207000.0,
        "Net Interest Income": 6000.0,
        "Interest Expense": 42000.0,
        "Interest Income": 48000.0,
        "Normalized Income": -6406000.0,
        "Net Income From Continuing And Discontinued Operation": -10238000.0,
        "Total Expenses": 6406000.0,
        "Total Operating Income As Reported": -6406000.0,
        "Diluted Average Shares": 11443000.0,
        "Basic Average Shares": 11443000.0,
        "Diluted EPS": -0.89,
        "Basic EPS": -0.89,
        "Diluted NI Availto Com Stockholders": -10238000.0,
        "Net Income Common Stockholders": -10238000.0,
        "Net Income": -10238000.0,
        "Minority Interests": 11000.0,
        "Net Income Including Noncontrolling Interests": -10249000.0,
        "Net Income Continuous Operations": -10249000.0,
        "Pretax Income": -10249000.0,
        "Other Income Expense": -3849000.0,
        "Other Non Operating Income Expenses": -17000.0,
        "Special Income Charges": NaN,
        "Other Special Charges": NaN,
        "Gain On Sale Of Security": -3832000.0,
        "Net Non Operating Interest Income Expense": 6000.0,
        "Interest Expense Non Operating": 42000.0,
        "Interest Income Non Operating": 48000.0,
        "Operating Income": -6406000.0,
        "Operating Expense": 6406000.0,
        "Research And Development": 2726000.0,
        "Selling General And Administration": 3680000.0,
        "General And Administrative Expense": 3680000.0,
        "Other Gand A": 3680000.0,
        "Total Revenue": 0.0,
        "Operating Revenue": 0.0
    }
}