{
    "2023-03-31": {
        "Tax Effect Of Unusual Items": 0.0,
        "Tax Rate For Calcs": 0.0,
        "Normalized EBITDA": -11287000.0,
        "Total Unusual Items": -1617000.0,
        "Total Unusual Items Excluding Goodwill": -1617000.0,
        "Net Income From Continuing Operation Net Minority Interest": -14455000.0,
        "Reconciled Depreciation": 77000.0,
        "Reconciled Cost Of Revenue": 0.0,
        "EBITDA": -12904000.0,
        "EBIT": -12981000.0,
        "Net Interest Income": -799000.0,
        "Interest Expense": 1474000.0,
        "Interest Income": 675000.0,
        "Normalized Income": -12838000.0,
        "Net Income From Continuing And Discontinued Operation": -14455000.0,
        "Total Expenses": 10066000.0,
        "Total Operating Income As Reported": -11683000.0,
        "Diluted Average Shares": 2069186.0,
        "Basic Average Shares": 2069186.0,
        "Diluted EPS": -6.99,
        "Basic EPS": -6.99,
        "Diluted NI Availto Com Stockholders": -14455000.0,
        "Net Income Common Stockholders": -14455000.0,
        "Net Income": -14455000.0,
        "Net Income Including Noncontrolling Interests": -14455000.0,
        "Net Income Continuous Operations": -14455000.0,
        "Pretax Income": -14455000.0,
        "Other Income Expense": -3590000.0,
        "Other Non Operating Income Expenses": -1973000.0,
        "Special Income Charges": -1617000.0,
        "Gain On Sale Of Business": NaN,
        "Other Special Charges": NaN,
        "Restructuring And Mergern Acquisition": 1617000.0,
        "Net Non Operating Interest Income Expense": -799000.0,
        "Interest Expense Non Operating": 1474000.0,
        "Interest Income Non Operating": 675000.0,
        "Operating Income": -10066000.0,
        "Operating Expense": 10066000.0,
        "Other Operating Expenses": NaN,
        "Research And Development": 4036000.0,
        "Selling General And Administration": 6030000.0,
        "Gross Profit": 0.0,
        "Cost Of Revenue": 0.0,
        "Total Revenue": 0.0,
        "Operating Revenue": 0.0
    },
    "2022-12-31": {
        "Tax Effect Of Unusual Items": 0.0,
        "Tax Rate For Calcs": 0.0,
        "Normalized EBITDA": -10089000.0,
        "Total Unusual Items": -1097000.0,
        "Total Unusual Items Excluding Goodwill": -1097000.0,
        "Net Income From Continuing Operation Net Minority Interest": -12843000.0,
        "Reconciled Depreciation": 80000.0,
        "Reconciled Cost Of Revenue": 0.0,
        "EBITDA": -11186000.0,
        "EBIT": -11266000.0,
        "Net Interest Income": -1223000.0,
        "Interest Expense": 1577000.0,
        "Interest Income": 354000.0,
        "Normalized Income": -11746000.0,
        "Net Income From Continuing And Discontinued Operation": -12843000.0,
        "Total Expenses": 9154000.0,
        "Total Operating Income As Reported": -10251000.0,
        "Diluted Average Shares": 1611375.0,
        "Basic Average Shares": 1611375.0,
        "Diluted EPS": -7.97,
        "Basic EPS": -7.97,
        "Diluted NI Availto Com Stockholders": -12843000.0,
        "Net Income Common Stockholders": -12843000.0,
        "Net Income": -12843000.0,
        "Net Income Including Noncontrolling Interests": -12843000.0,
        "Net Income Continuous Operations": -12843000.0,
        "Pretax Income": -12843000.0,
        "Other Income Expense": -2466000.0,
        "Other Non Operating Income Expenses": -1369000.0,
        "Special Income Charges": -1097000.0,
        "Gain On Sale Of Business": 0.0,
        "Other Special Charges": 0.0,
        "Restructuring And Mergern Acquisition": 1097000.0,
        "Net Non Operating Interest Income Expense": -1223000.0,
        "Interest Expense Non Operating": 1577000.0,
        "Interest Income Non Operating": 354000.0,
        "Operating Income": -9154000.0,
        "Operating Expense": 9154000.0,
        "Other Operating Expenses": NaN,
        "Research And Development": 3323000.0,
        "Selling General And Administration": 5831000.0,
        "Gross Profit": 0.0,
        "Cost Of Revenue": 0.0,
        "Total Revenue": 0.0,
        "Operating Revenue": 0.0
    },
    "2022-09-30": {
        "Tax Effect Of Unusual Items": 17749600.0,
        "Tax Rate For Calcs": 0.4,
        "Normalized EBITDA": -13703000.0,
        "Total Unusual Items": 44374000.0,
        "Total Unusual Items Excluding Goodwill": 44374000.0,
        "Net Income From Continuing Operation Net Minority Interest": 29073000.0,
        "Reconciled Depreciation": 151000.0,
        "Reconciled Cost Of Revenue": 11000.0,
        "EBITDA": 30671000.0,
        "EBIT": 30520000.0,
        "Net Interest Income": -1213000.0,
        "Interest Expense": 1447000.0,
        "Interest Income": 234000.0,
        "Normalized Income": 2448600.0,
        "Net Income From Continuing And Discontinued Operation": 29073000.0,
        "Total Expenses": 14951000.0,
        "Total Operating Income As Reported": -14569000.0,
        "Diluted Average Shares": 1510421.0,
        "Basic Average Shares": 1499001.0,
        "Diluted EPS": 19.25,
        "Basic EPS": 19.39,
        "Diluted NI Availto Com Stockholders": 29073000.0,
        "Net Income Common Stockholders": 29073000.0,
        "Net Income": 29073000.0,
        "Net Income Including Noncontrolling Interests": 29073000.0,
        "Net Income Continuous Operations": 29073000.0,
        "Pretax Income": 29073000.0,
        "Other Income Expense": 44817000.0,
        "Other Non Operating Income Expenses": 443000.0,
        "Special Income Charges": 44374000.0,
        "Gain On Sale Of Business": 46995000.0,
        "Other Special Charges": 2583000.0,
        "Restructuring And Mergern Acquisition": 38000.0,
        "Net Non Operating Interest Income Expense": -1213000.0,
        "Interest Expense Non Operating": 1447000.0,
        "Interest Income Non Operating": 234000.0,
        "Operating Income": -14531000.0,
        "Operating Expense": 14940000.0,
        "Other Operating Expenses": NaN,
        "Research And Development": 5391000.0,
        "Selling General And Administration": 9549000.0,
        "Gross Profit": 409000.0,
        "Cost Of Revenue": 11000.0,
        "Total Revenue": 420000.0,
        "Operating Revenue": 420000.0
    },
    "2022-06-30": {
        "Tax Effect Of Unusual Items": 0.0,
        "Tax Rate For Calcs": 0.0,
        "Normalized EBITDA": -26603000.0,
        "Total Unusual Items": 848000.0,
        "Total Unusual Items Excluding Goodwill": 848000.0,
        "Net Income From Continuing Operation Net Minority Interest": -28111000.0,
        "Reconciled Depreciation": 149000.0,
        "Reconciled Cost Of Revenue": 1774000.0,
        "EBITDA": -25755000.0,
        "EBIT": -25904000.0,
        "Net Interest Income": -2139000.0,
        "Interest Expense": 2207000.0,
        "Interest Income": 68000.0,
        "Normalized Income": -28959000.0,
        "Net Income From Continuing And Discontinued Operation": -28111000.0,
        "Total Expenses": 28920000.0,
        "Total Operating Income As Reported": -25972000.0,
        "Diluted Average Shares": 1485888.0,
        "Basic Average Shares": 1485888.0,
        "Diluted EPS": -18.92,
        "Basic EPS": -18.92,
        "Diluted NI Availto Com Stockholders": -28111000.0,
        "Net Income Common Stockholders": -28111000.0,
        "Net Income": -28111000.0,
        "Net Income Including Noncontrolling Interests": -28111000.0,
        "Net Income Continuous Operations": -28111000.0,
        "Pretax Income": -28111000.0,
        "Other Income Expense": 848000.0,
        "Other Non Operating Income Expenses": 59000.0,
        "Special Income Charges": 848000.0,
        "Gain On Sale Of Business": NaN,
        "Other Special Charges": NaN,
        "Restructuring And Mergern Acquisition": -848000.0,
        "Net Non Operating Interest Income Expense": -2139000.0,
        "Interest Expense Non Operating": 2207000.0,
        "Interest Income Non Operating": 68000.0,
        "Operating Income": -26820000.0,
        "Operating Expense": 27146000.0,
        "Research And Development": 4473000.0,
        "Selling General And Administration": 22673000.0,
        "Gross Profit": 326000.0,
        "Cost Of Revenue": 1774000.0,
        "Total Revenue": 2100000.0,
        "Operating Revenue": 2100000.0
    },
    "2022-03-31": {
        "Diluted EPS": -22.18,
        "Total Revenue": 1,
        "Gross Profit": 1,
        "Operating Income": -31,
        "EBIT": -30,
        "Net Income": -33
    },
    "2021-12-31": {
        "Diluted EPS": -33.91,
        "Total Revenue": 2,
        "Gross Profit": 0,
        "Operating Income": -47,
        "EBIT": -46,
        "Net Income": -48
    },
    "2021-09-30": {
        "Diluted EPS": -21.41,
        "Total Revenue": 3,
        "Gross Profit": 2,
        "Operating Income": -26,
        "EBIT": -25,
        "Net Income": -28
    },
    "2021-06-30": {
        "Diluted EPS": -28.5,
        "Total Revenue": 3,
        "Gross Profit": 2,
        "Operating Income": -29,
        "EBIT": -28,
        "Net Income": -36
    },
    "2021-03-31": {
        "Diluted EPS": -24.5,
        "Total Revenue": 3,
        "Gross Profit": 3,
        "Operating Income": -28,
        "EBIT": -28,
        "Net Income": -30
    },
    "2020-12-31": {
        "Diluted EPS": -26.5,
        "Total Revenue": 2,
        "Gross Profit": 1,
        "Operating Income": -29,
        "EBIT": -28,
        "Net Income": -31
    },
    "2020-09-30": {
        "Diluted EPS": -25.0,
        "Total Revenue": 2,
        "Gross Profit": 2,
        "Operating Income": -26,
        "EBIT": -25,
        "Net Income": -28
    },
    "2020-06-30": {
        "Diluted EPS": -21.0,
        "Total Revenue": 1,
        "Gross Profit": 0,
        "Operating Income": -21,
        "EBIT": -21,
        "Net Income": -23
    },
    "2020-03-31": {
        "Diluted EPS": -27.0,
        "Total Revenue": 1,
        "Gross Profit": 1,
        "Operating Income": -20,
        "EBIT": -20,
        "Net Income": -22
    },
    "2019-12-31": {
        "Diluted EPS": -31.5,
        "Total Revenue": 1,
        "Gross Profit": 0,
        "Operating Income": -20,
        "EBIT": -20,
        "Net Income": -22
    },
    "2019-09-30": {
        "Diluted EPS": -34.0,
        "Total Revenue": 1,
        "Gross Profit": 1,
        "Operating Income": -22,
        "EBIT": -21,
        "Net Income": -23
    },
    "2019-06-30": {
        "Diluted EPS": -35.0,
        "Total Revenue": 2,
        "Gross Profit": 2,
        "Operating Income": -22,
        "EBIT": -22,
        "Net Income": -24
    },
    "2019-03-31": {
        "Diluted EPS": -37.5,
        "Total Revenue": 1,
        "Gross Profit": 1,
        "Operating Income": -24,
        "EBIT": -24,
        "Net Income": -25
    },
    "2018-12-31": {
        "Diluted EPS": -40.0,
        "Total Revenue": NaN,
        "Gross Profit": NaN,
        "Operating Income": -24,
        "EBIT": -24,
        "Net Income": -25
    },
    "2018-09-30": {
        "Diluted EPS": -31.5,
        "Total Revenue": NaN,
        "Gross Profit": NaN,
        "Operating Income": -15,
        "EBIT": -15,
        "Net Income": -16
    },
    "2018-06-30": {
        "Diluted EPS": -30.0,
        "Total Revenue": NaN,
        "Gross Profit": NaN,
        "Operating Income": -15,
        "EBIT": -14,
        "Net Income": -15
    },
    "2018-03-31": {
        "Diluted EPS": -23.0,
        "Total Revenue": NaN,
        "Gross Profit": NaN,
        "Operating Income": -11,
        "EBIT": -11,
        "Net Income": -11
    },
    "2017-12-31": {
        "Diluted EPS": 720.5,
        "Total Revenue": NaN,
        "Gross Profit": NaN,
        "Operating Income": -11,
        "EBIT": -11,
        "Net Income": -11
    },
    "2017-09-30": {
        "Diluted EPS": -28.0,
        "Total Revenue": NaN,
        "Gross Profit": NaN,
        "Operating Income": -10,
        "EBIT": -9,
        "Net Income": -10
    },
    "2017-06-30": {
        "Diluted EPS": -465.0,
        "Total Revenue": NaN,
        "Gross Profit": NaN,
        "Operating Income": -10,
        "EBIT": -9,
        "Net Income": -11
    },
    "2017-03-31": {
        "Diluted EPS": -413.0,
        "Total Revenue": NaN,
        "Gross Profit": NaN,
        "Operating Income": -10,
        "EBIT": -9,
        "Net Income": -10
    },
    "2016-12-31": {
        "Diluted EPS": 0.0,
        "Total Revenue": NaN,
        "Gross Profit": NaN,
        "Operating Income": NaN,
        "EBIT": NaN,
        "Net Income": NaN
    },
    "2016-09-30": {
        "Diluted EPS": -409.0,
        "Total Revenue": NaN,
        "Gross Profit": NaN,
        "Operating Income": -10,
        "EBIT": -10,
        "Net Income": -10
    },
    "2016-06-30": {
        "Diluted EPS": -417.0,
        "Total Revenue": NaN,
        "Gross Profit": NaN,
        "Operating Income": -10,
        "EBIT": -10,
        "Net Income": -10
    },
    "2015-12-31": {
        "Diluted EPS": 0.0,
        "Total Revenue": NaN,
        "Gross Profit": NaN,
        "Operating Income": NaN,
        "EBIT": NaN,
        "Net Income": NaN
    },
    "2023-06-30": {
        "Tax Effect Of Unusual Items": 0.0,
        "Tax Rate For Calcs": 0.0,
        "Normalized EBITDA": -8564000.0,
        "Total Unusual Items": -359000.0,
        "Total Unusual Items Excluding Goodwill": -359000.0,
        "Net Income From Continuing Operation Net Minority Interest": -10413000.0,
        "Reconciled Depreciation": 77000.0,
        "Reconciled Cost Of Revenue": 0.0,
        "EBITDA": -8923000.0,
        "EBIT": -9000000.0,
        "Net Interest Income": -695000.0,
        "Interest Expense": 1413000.0,
        "Interest Income": 718000.0,
        "Normalized Income": -10054000.0,
        "Net Income From Continuing And Discontinued Operation": -10413000.0,
        "Total Expenses": 9240000.0,
        "Total Operating Income As Reported": -9599000.0,
        "Diluted Average Shares": 2387793.0,
        "Basic Average Shares": 2387793.0,
        "Diluted EPS": -4.36,
        "Basic EPS": -4.36,
        "Diluted NI Availto Com Stockholders": -10413000.0,
        "Net Income Common Stockholders": -10413000.0,
        "Net Income": -10413000.0,
        "Net Income Including Noncontrolling Interests": -10413000.0,
        "Net Income Continuous Operations": -10413000.0,
        "Pretax Income": -10413000.0,
        "Other Income Expense": -478000.0,
        "Other Non Operating Income Expenses": -119000.0,
        "Special Income Charges": -359000.0,
        "Gain On Sale Of Business": NaN,
        "Other Special Charges": NaN,
        "Restructuring And Mergern Acquisition": 359000.0,
        "Net Non Operating Interest Income Expense": -695000.0,
        "Interest Expense Non Operating": 1413000.0,
        "Interest Income Non Operating": 718000.0,
        "Operating Income": -9240000.0,
        "Operating Expense": 9240000.0,
        "Other Operating Expenses": NaN,
        "Research And Development": 4278000.0,
        "Selling General And Administration": 4962000.0,
        "Gross Profit": 0.0,
        "Cost Of Revenue": 0.0,
        "Total Revenue": 0.0,
        "Operating Revenue": 0.0
    },
    "2023-09-30": {
        "Tax Effect Of Unusual Items": 0.0,
        "Tax Rate For Calcs": 0.0,
        "Normalized EBITDA": -8910000.0,
        "Total Unusual Items": 1744000.0,
        "Total Unusual Items Excluding Goodwill": 1744000.0,
        "Net Income From Continuing Operation Net Minority Interest": -8704000.0,
        "Reconciled Depreciation": 79000.0,
        "Reconciled Cost Of Revenue": 0.0,
        "EBITDA": -7166000.0,
        "EBIT": -7245000.0,
        "Net Interest Income": -751000.0,
        "Interest Expense": 1459000.0,
        "Interest Income": 708000.0,
        "Normalized Income": -10448000.0,
        "Net Income From Continuing And Discontinued Operation": -8704000.0,
        "Total Expenses": 7536000.0,
        "Total Operating Income As Reported": -8762000.0,
        "Diluted Average Shares": 2550210.0,
        "Basic Average Shares": 2550210.0,
        "Diluted EPS": -3.41,
        "Basic EPS": -3.41,
        "Diluted NI Availto Com Stockholders": -8704000.0,
        "Net Income Common Stockholders": -8704000.0,
        "Net Income": -8704000.0,
        "Net Income Including Noncontrolling Interests": -8704000.0,
        "Net Income Continuous Operations": -8704000.0,
        "Pretax Income": -8704000.0,
        "Other Income Expense": -417000.0,
        "Other Non Operating Income Expenses": -2161000.0,
        "Special Income Charges": 1744000.0,
        "Gain On Sale Of Business": 0.0,
        "Other Special Charges": NaN,
        "Restructuring And Mergern Acquisition": -1744000.0,
        "Net Non Operating Interest Income Expense": -751000.0,
        "Interest Expense Non Operating": 1459000.0,
        "Interest Income Non Operating": 708000.0,
        "Operating Income": -7536000.0,
        "Operating Expense": 7536000.0,
        "Other Operating Expenses": -2970000.0,
        "Research And Development": 5554000.0,
        "Selling General And Administration": 4952000.0,
        "Gross Profit": 0.0,
        "Cost Of Revenue": 0.0,
        "Total Revenue": 0.0,
        "Operating Revenue": 0.0
    }
}