{
    "2023-04-30": {
        "Tax Effect Of Unusual Items": 0.0,
        "Tax Rate For Calcs": 0.0,
        "Normalized EBITDA": -31867000.0,
        "Total Unusual Items": 327000.0,
        "Total Unusual Items Excluding Goodwill": 327000.0,
        "Net Income From Continuing Operation Net Minority Interest": -26305000.0,
        "Reconciled Depreciation": 188000.0,
        "EBIT": -31728000.0,
        "Net Interest Income": 808000.0,
        "Interest Income": 808000.0,
        "Normalized Income": -26632000.0,
        "Net Income From Continuing And Discontinued Operation": -26305000.0,
        "Total Expenses": 31728000.0,
        "Total Operating Income As Reported": -31728000.0,
        "Diluted Average Shares": 34342664.0,
        "Basic Average Shares": 34342664.0,
        "Diluted EPS": -0.77,
        "Basic EPS": -0.77,
        "Diluted NI Availto Com Stockholders": -26305000.0,
        "Net Income Common Stockholders": -26305000.0,
        "Net Income": -26305000.0,
        "Net Income Including Noncontrolling Interests": -26305000.0,
        "Net Income Continuous Operations": -26305000.0,
        "Pretax Income": -26305000.0,
        "Other Income Expense": 4615000.0,
        "Other Non Operating Income Expenses": 4288000.0,
        "Gain On Sale Of Security": 327000.0,
        "Net Non Operating Interest Income Expense": 808000.0,
        "Interest Income Non Operating": 808000.0,
        "Operating Income": -31728000.0,
        "Operating Expense": 31728000.0,
        "Research And Development": 23951000.0,
        "Selling General And Administration": 7777000.0,
        "General And Administrative Expense": 7777000.0,
        "Other Gand A": 7777000.0,
        "Total Revenue": 0.0,
        "Operating Revenue": 0.0,
        "Gross Profit": NaN
    },
    "2023-01-31": {
        "Tax Effect Of Unusual Items": 0.0,
        "Tax Rate For Calcs": 0.0,
        "Normalized EBITDA": -27542000.0,
        "Total Unusual Items": 597000.0,
        "Total Unusual Items Excluding Goodwill": 597000.0,
        "Net Income From Continuing Operation Net Minority Interest": -21303000.0,
        "Reconciled Depreciation": 199000.0,
        "EBIT": -26945000.0,
        "Net Interest Income": 732000.0,
        "Interest Income": 732000.0,
        "Normalized Income": -21900000.0,
        "Net Income From Continuing And Discontinued Operation": -21303000.0,
        "Total Expenses": 26945000.0,
        "Total Operating Income As Reported": -26945000.0,
        "Diluted Average Shares": 28278453.0,
        "Basic Average Shares": 28278453.0,
        "Diluted EPS": -0.75,
        "Basic EPS": -0.75,
        "Diluted NI Availto Com Stockholders": -21303000.0,
        "Net Income Common Stockholders": -21303000.0,
        "Net Income": -21303000.0,
        "Net Income Including Noncontrolling Interests": -21303000.0,
        "Net Income Continuous Operations": -21303000.0,
        "Pretax Income": -21303000.0,
        "Other Income Expense": 4910000.0,
        "Other Non Operating Income Expenses": 4313000.0,
        "Gain On Sale Of Security": 597000.0,
        "Net Non Operating Interest Income Expense": 732000.0,
        "Interest Income Non Operating": 732000.0,
        "Operating Income": -26945000.0,
        "Operating Expense": 26945000.0,
        "Research And Development": 20063000.0,
        "Selling General And Administration": 6882000.0,
        "General And Administrative Expense": 6882000.0,
        "Other Gand A": 6882000.0,
        "Total Revenue": 0.0,
        "Operating Revenue": 0.0,
        "Gross Profit": NaN
    },
    "2022-10-31": {
        "Tax Effect Of Unusual Items": 0.0,
        "Tax Rate For Calcs": 0.0,
        "Normalized EBITDA": -25393000.0,
        "Total Unusual Items": -317000.0,
        "Total Unusual Items Excluding Goodwill": -317000.0,
        "Net Income From Continuing Operation Net Minority Interest": -22257000.0,
        "Reconciled Depreciation": 173000.0,
        "EBIT": -25883000.0,
        "Net Interest Income": 449000.0,
        "Interest Income": 449000.0,
        "Normalized Income": -21940000.0,
        "Net Income From Continuing And Discontinued Operation": -22257000.0,
        "Total Expenses": 25883000.0,
        "Total Operating Income As Reported": -25883000.0,
        "Diluted Average Shares": 24595039.0,
        "Basic Average Shares": 24595039.0,
        "Diluted EPS": -0.9,
        "Basic EPS": -0.9,
        "Diluted NI Availto Com Stockholders": -22257000.0,
        "Net Income Common Stockholders": -22257000.0,
        "Net Income": -22257000.0,
        "Net Income Including Noncontrolling Interests": -22257000.0,
        "Net Income Continuous Operations": -22257000.0,
        "Pretax Income": -22257000.0,
        "Other Income Expense": 3177000.0,
        "Other Non Operating Income Expenses": 3494000.0,
        "Gain On Sale Of Security": -317000.0,
        "Net Non Operating Interest Income Expense": 449000.0,
        "Interest Income Non Operating": 449000.0,
        "Operating Income": -25883000.0,
        "Operating Expense": 25883000.0,
        "Research And Development": 18077000.0,
        "Selling General And Administration": 7806000.0,
        "General And Administrative Expense": 7806000.0,
        "Other Gand A": 7806000.0,
        "Total Revenue": 0.0,
        "Operating Revenue": 0.0,
        "Gross Profit": NaN
    },
    "2022-07-31": {
        "Tax Effect Of Unusual Items": 0.0,
        "Tax Rate For Calcs": 0.0,
        "Normalized EBITDA": -25641000.0,
        "Total Unusual Items": -517000.0,
        "Total Unusual Items Excluding Goodwill": -517000.0,
        "Net Income From Continuing Operation Net Minority Interest": -23042000.0,
        "Reconciled Depreciation": 158000.0,
        "EBIT": -26316000.0,
        "Net Interest Income": 242000.0,
        "Interest Income": 242000.0,
        "Normalized Income": -22525000.0,
        "Net Income From Continuing And Discontinued Operation": -23042000.0,
        "Total Expenses": 26316000.0,
        "Total Operating Income As Reported": -26316000.0,
        "Diluted Average Shares": 24557615.0,
        "Basic Average Shares": 24557615.0,
        "Diluted EPS": -0.94,
        "Basic EPS": -0.94,
        "Diluted NI Availto Com Stockholders": -23042000.0,
        "Net Income Common Stockholders": -23042000.0,
        "Net Income": -23042000.0,
        "Net Income Including Noncontrolling Interests": -23042000.0,
        "Net Income Continuous Operations": -23042000.0,
        "Pretax Income": -23042000.0,
        "Other Income Expense": 3032000.0,
        "Other Non Operating Income Expenses": 3549000.0,
        "Gain On Sale Of Security": -517000.0,
        "Net Non Operating Interest Income Expense": 242000.0,
        "Interest Income Non Operating": 242000.0,
        "Operating Income": -26316000.0,
        "Operating Expense": 26316000.0,
        "Research And Development": 18186000.0,
        "Selling General And Administration": 8130000.0,
        "General And Administrative Expense": 8130000.0,
        "Other Gand A": 8130000.0,
        "Total Revenue": 0.0,
        "Operating Revenue": 0.0,
        "Gross Profit": NaN
    },
    "2022-04-30": {
        "Diluted EPS": -0.98,
        "Total Revenue": NaN,
        "Gross Profit": NaN,
        "Operating Income": -27,
        "EBIT": -26,
        "Net Income": -24
    },
    "2022-01-31": {
        "Diluted EPS": -0.92,
        "Total Revenue": NaN,
        "Gross Profit": NaN,
        "Operating Income": -27,
        "EBIT": -26,
        "Net Income": -22
    },
    "2021-10-31": {
        "Diluted EPS": -0.8,
        "Total Revenue": NaN,
        "Gross Profit": NaN,
        "Operating Income": -24,
        "EBIT": -23,
        "Net Income": -20
    },
    "2021-07-31": {
        "Diluted EPS": -0.66,
        "Total Revenue": NaN,
        "Gross Profit": NaN,
        "Operating Income": -20,
        "EBIT": -19,
        "Net Income": -16
    },
    "2021-04-30": {
        "Diluted EPS": -0.67,
        "Total Revenue": NaN,
        "Gross Profit": NaN,
        "Operating Income": -18,
        "EBIT": -17,
        "Net Income": -15
    },
    "2021-01-31": {
        "Diluted EPS": -0.56,
        "Total Revenue": NaN,
        "Gross Profit": NaN,
        "Operating Income": -13,
        "EBIT": -12,
        "Net Income": -10
    },
    "2020-10-31": {
        "Diluted EPS": -0.58,
        "Total Revenue": NaN,
        "Gross Profit": NaN,
        "Operating Income": -13,
        "EBIT": -13,
        "Net Income": -10
    },
    "2020-07-31": {
        "Diluted EPS": -0.61,
        "Total Revenue": NaN,
        "Gross Profit": NaN,
        "Operating Income": -14,
        "EBIT": -14,
        "Net Income": -11
    },
    "2020-04-30": {
        "Diluted EPS": -0.37,
        "Total Revenue": 4,
        "Gross Profit": 4,
        "Operating Income": -9,
        "EBIT": -9,
        "Net Income": -7
    },
    "2020-01-31": {
        "Diluted EPS": -0.52,
        "Total Revenue": 2,
        "Gross Profit": 2,
        "Operating Income": -13,
        "EBIT": -13,
        "Net Income": -9
    },
    "2019-10-31": {
        "Diluted EPS": -0.33,
        "Total Revenue": 4,
        "Gross Profit": 4,
        "Operating Income": -9,
        "EBIT": -9,
        "Net Income": -6
    },
    "2019-07-31": {
        "Diluted EPS": -0.42,
        "Total Revenue": 3,
        "Gross Profit": 3,
        "Operating Income": -10,
        "EBIT": -9,
        "Net Income": -7
    },
    "2019-04-30": {
        "Diluted EPS": -0.46,
        "Total Revenue": 3,
        "Gross Profit": 3,
        "Operating Income": -11,
        "EBIT": -11,
        "Net Income": -9
    },
    "2019-01-31": {
        "Diluted EPS": -0.23,
        "Total Revenue": 4,
        "Gross Profit": 4,
        "Operating Income": -7,
        "EBIT": -7,
        "Net Income": -4
    },
    "2018-10-31": {
        "Diluted EPS": -0.22,
        "Total Revenue": 6,
        "Gross Profit": 6,
        "Operating Income": -5,
        "EBIT": -5,
        "Net Income": -3
    },
    "2018-07-31": {
        "Diluted EPS": -0.47,
        "Total Revenue": 4,
        "Gross Profit": 4,
        "Operating Income": -7,
        "EBIT": -7,
        "Net Income": -5
    },
    "2018-04-30": {
        "Diluted EPS": -0.03,
        "Total Revenue": 5,
        "Gross Profit": 5,
        "Operating Income": -3,
        "EBIT": -3,
        "Net Income": -1
    },
    "2018-01-31": {
        "Diluted EPS": -0.49,
        "Total Revenue": 2,
        "Gross Profit": 2,
        "Operating Income": -4,
        "EBIT": -4,
        "Net Income": -5
    },
    "2017-10-31": {
        "Diluted EPS": -0.5,
        "Total Revenue": 1,
        "Gross Profit": 1,
        "Operating Income": -6,
        "EBIT": -6,
        "Net Income": -5
    },
    "2017-07-31": {
        "Diluted EPS": -0.51,
        "Total Revenue": 0,
        "Gross Profit": 0,
        "Operating Income": -5,
        "EBIT": -5,
        "Net Income": -5
    },
    "2017-04-30": {
        "Diluted EPS": 1.74,
        "Total Revenue": 1,
        "Gross Profit": 1,
        "Operating Income": -5,
        "EBIT": -5,
        "Net Income": -3
    },
    "2017-01-31": {
        "Diluted EPS": -1.03,
        "Total Revenue": 0,
        "Gross Profit": 0,
        "Operating Income": -8,
        "EBIT": -8,
        "Net Income": -8
    },
    "2016-10-31": {
        "Diluted EPS": -5.98,
        "Total Revenue": 0,
        "Gross Profit": 0,
        "Operating Income": -4,
        "EBIT": -4,
        "Net Income": -4
    },
    "2016-09-30": {
        "Diluted EPS": -1.26,
        "Total Revenue": 0,
        "Gross Profit": 0,
        "Operating Income": -2,
        "EBIT": -3,
        "Net Income": -2
    },
    "2016-07-31": {
        "Diluted EPS": -6.66,
        "Total Revenue": 1,
        "Gross Profit": 1,
        "Operating Income": -5,
        "EBIT": -5,
        "Net Income": -4
    },
    "2016-06-30": {
        "Diluted EPS": -3.92,
        "Total Revenue": 0,
        "Gross Profit": 0,
        "Operating Income": -7,
        "EBIT": -7,
        "Net Income": -7
    },
    "2016-04-30": {
        "Diluted EPS": -15.16,
        "Total Revenue": 2,
        "Gross Profit": 2,
        "Operating Income": -1,
        "EBIT": -1,
        "Net Income": -1
    },
    "2016-03-31": {
        "Diluted EPS": -3.5,
        "Total Revenue": 0,
        "Gross Profit": 0,
        "Operating Income": -7,
        "EBIT": -6,
        "Net Income": -7
    },
    "2016-01-31": {
        "Diluted EPS": -4.85,
        "Total Revenue": 0,
        "Gross Profit": 0,
        "Operating Income": -4,
        "EBIT": -5,
        "Net Income": -3
    },
    "2015-12-31": {
        "Diluted EPS": 0.0,
        "Total Revenue": 0,
        "Gross Profit": 0,
        "Operating Income": -15,
        "EBIT": -15,
        "Net Income": -10
    },
    "2015-09-30": {
        "Diluted EPS": -2.66,
        "Total Revenue": 0,
        "Gross Profit": 0,
        "Operating Income": -5,
        "EBIT": -4,
        "Net Income": -5
    },
    "2015-06-30": {
        "Diluted EPS": -5.6,
        "Total Revenue": 0,
        "Gross Profit": 0,
        "Operating Income": -6,
        "EBIT": -6,
        "Net Income": -9
    },
    "2015-04-30": {
        "Diluted EPS": 0.0,
        "Total Revenue": 2,
        "Gross Profit": 2,
        "Operating Income": -2,
        "EBIT": -2,
        "Net Income": 5
    },
    "2015-03-31": {
        "Diluted EPS": -103.36,
        "Total Revenue": 0,
        "Gross Profit": 0,
        "Operating Income": -5,
        "EBIT": -5,
        "Net Income": -5
    },
    "2015-01-31": {
        "Diluted EPS": 0.0,
        "Total Revenue": 0,
        "Gross Profit": 0,
        "Operating Income": -1,
        "EBIT": -1,
        "Net Income": -5
    },
    "2014-12-31": {
        "Diluted EPS": 0.0,
        "Total Revenue": NaN,
        "Gross Profit": NaN,
        "Operating Income": NaN,
        "EBIT": NaN,
        "Net Income": NaN
    },
    "2014-10-31": {
        "Diluted EPS": 0.0,
        "Total Revenue": NaN,
        "Gross Profit": NaN,
        "Operating Income": -1,
        "EBIT": -1,
        "Net Income": -4
    },
    "2014-09-30": {
        "Diluted EPS": -82.49,
        "Total Revenue": 0,
        "Gross Profit": 0,
        "Operating Income": -4,
        "EBIT": -4,
        "Net Income": -4
    },
    "2014-07-31": {
        "Diluted EPS": 0.0,
        "Total Revenue": NaN,
        "Gross Profit": NaN,
        "Operating Income": -1,
        "EBIT": -1,
        "Net Income": -4
    },
    "2014-06-30": {
        "Diluted EPS": -59.66,
        "Total Revenue": 0,
        "Gross Profit": 0,
        "Operating Income": -2,
        "EBIT": -2,
        "Net Income": -3
    },
    "2014-04-30": {
        "Diluted EPS": 0.0,
        "Total Revenue": NaN,
        "Gross Profit": NaN,
        "Operating Income": NaN,
        "EBIT": NaN,
        "Net Income": NaN
    },
    "2014-03-31": {
        "Diluted EPS": -61.49,
        "Total Revenue": 0,
        "Gross Profit": 0,
        "Operating Income": -2,
        "EBIT": -2,
        "Net Income": -2
    },
    "2014-01-31": {
        "Diluted EPS": 0.0,
        "Total Revenue": 0,
        "Gross Profit": 0,
        "Operating Income": 0,
        "EBIT": 0,
        "Net Income": -2
    },
    "2013-01-31": {
        "Diluted EPS": 0.0,
        "Total Revenue": NaN,
        "Gross Profit": NaN,
        "Operating Income": NaN,
        "EBIT": NaN,
        "Net Income": NaN
    }
}