{
    "2023-03-31": {
        "Tax Effect Of Unusual Items": NaN,
        "Tax Rate For Calcs": NaN,
        "Total Unusual Items": -956000000.0,
        "Total Unusual Items Excluding Goodwill": -956000000.0,
        "Net Income From Continuing Operation Net Minority Interest": NaN,
        "Reconciled Depreciation": NaN,
        "Net Interest Income": NaN,
        "Interest Expense": NaN,
        "Interest Income": NaN,
        "Normalized Income": NaN,
        "Net Income From Continuing And Discontinued Operation": NaN,
        "Rent Expense Supplemental": 24975000000.0,
        "Diluted Average Shares": NaN,
        "Basic Average Shares": NaN,
        "Diluted EPS": NaN,
        "Basic EPS": NaN,
        "Diluted NI Availto Com Stockholders": NaN,
        "Average Dilution Earnings": 604566012.0,
        "Net Income Common Stockholders": NaN,
        "Otherunder Preferred Stock Dividend": 40704075000.0,
        "Net Income": NaN,
        "Minority Interests": NaN,
        "Net Income Including Noncontrolling Interests": NaN,
        "Net Income Continuous Operations": NaN,
        "Tax Provision": NaN,
        "Pretax Income": NaN,
        "Other Non Operating Income Expenses": NaN,
        "Special Income Charges": -956000000.0,
        "Restructuring And Mergern Acquisition": 956000000.0,
        "Gain On Sale Of Security": NaN,
        "Depreciation Amortization Depletion Income Statement": 378916000000.0,
        "Depreciation And Amortization In Income Statement": 378916000000.0,
        "Depreciation Income Statement": 378916000000.0,
        "Selling General And Administration": NaN,
        "Selling And Marketing Expense": 43992000000.0,
        "General And Administrative Expense": NaN,
        "Other Gand A": NaN,
        "Insurance And Claims": NaN,
        "Rent And Landing Fees": 24975000000.0,
        "Salaries And Wages": 948731000000.0,
        "Total Revenue": NaN,
        "Operating Revenue": NaN,
        "Occupancy And Equipment": 4210000000.0,
        "Other Non Interest Expense": NaN
    },
    "2022-12-31": {
        "Tax Effect Of Unusual Items": NaN,
        "Tax Rate For Calcs": NaN,
        "Total Unusual Items": 159654000000.0,
        "Total Unusual Items Excluding Goodwill": 159654000000.0,
        "Net Income From Continuing Operation Net Minority Interest": NaN,
        "Reconciled Depreciation": 269892000000.0,
        "Net Interest Income": NaN,
        "Interest Expense": NaN,
        "Interest Income": NaN,
        "Normalized Income": NaN,
        "Net Income From Continuing And Discontinued Operation": NaN,
        "Rent Expense Supplemental": 33342000000.0,
        "Diluted Average Shares": NaN,
        "Basic Average Shares": NaN,
        "Diluted EPS": NaN,
        "Basic EPS": NaN,
        "Diluted NI Availto Com Stockholders": NaN,
        "Average Dilution Earnings": NaN,
        "Net Income Common Stockholders": NaN,
        "Otherunder Preferred Stock Dividend": NaN,
        "Net Income": NaN,
        "Minority Interests": NaN,
        "Net Income Including Noncontrolling Interests": NaN,
        "Net Income Continuous Operations": NaN,
        "Tax Provision": NaN,
        "Pretax Income": NaN,
        "Other Non Operating Income Expenses": NaN,
        "Special Income Charges": 159654000000.0,
        "Restructuring And Mergern Acquisition": -6641000000.0,
        "Gain On Sale Of Security": NaN,
        "Depreciation Amortization Depletion Income Statement": 417764000000.0,
        "Depreciation And Amortization In Income Statement": 417764000000.0,
        "Depreciation Income Statement": 417764000000.0,
        "Selling General And Administration": NaN,
        "Selling And Marketing Expense": 85435000000.0,
        "General And Administrative Expense": NaN,
        "Other Gand A": NaN,
        "Insurance And Claims": 436436000000.0,
        "Rent And Landing Fees": 33342000000.0,
        "Salaries And Wages": 1525426000000.0,
        "Total Revenue": NaN,
        "Operating Revenue": NaN,
        "Occupancy And Equipment": 24477000000.0,
        "Other Non Interest Expense": NaN
    },
    "2022-09-30": {
        "Tax Effect Of Unusual Items": NaN,
        "Tax Rate For Calcs": NaN,
        "Total Unusual Items": -3080000000.0,
        "Total Unusual Items Excluding Goodwill": -3080000000.0,
        "Net Income From Continuing Operation Net Minority Interest": NaN,
        "Reconciled Depreciation": 359622000000.0,
        "Net Interest Income": NaN,
        "Interest Expense": NaN,
        "Interest Income": NaN,
        "Normalized Income": NaN,
        "Net Income From Continuing And Discontinued Operation": NaN,
        "Rent Expense Supplemental": 31254000000.0,
        "Diluted Average Shares": NaN,
        "Basic Average Shares": NaN,
        "Diluted EPS": NaN,
        "Basic EPS": NaN,
        "Diluted NI Availto Com Stockholders": NaN,
        "Average Dilution Earnings": 600130825.0,
        "Net Income Common Stockholders": NaN,
        "Otherunder Preferred Stock Dividend": 34514176495.0,
        "Net Income": NaN,
        "Minority Interests": NaN,
        "Net Income Including Noncontrolling Interests": NaN,
        "Net Income Continuous Operations": NaN,
        "Tax Provision": NaN,
        "Pretax Income": NaN,
        "Other Non Operating Income Expenses": NaN,
        "Special Income Charges": -3080000000.0,
        "Restructuring And Mergern Acquisition": 3080000000.0,
        "Gain On Sale Of Security": NaN,
        "Depreciation Amortization Depletion Income Statement": 394691000000.0,
        "Depreciation And Amortization In Income Statement": 394691000000.0,
        "Depreciation Income Statement": 394691000000.0,
        "Selling General And Administration": NaN,
        "Selling And Marketing Expense": 49223000000.0,
        "General And Administrative Expense": NaN,
        "Other Gand A": NaN,
        "Insurance And Claims": 151531000000.0,
        "Rent And Landing Fees": 31254000000.0,
        "Salaries And Wages": 1057509000000.0,
        "Total Revenue": NaN,
        "Operating Revenue": NaN
    },
    "2022-06-30": {
        "Tax Effect Of Unusual Items": -851914136.084752,
        "Tax Rate For Calcs": 0.270106,
        "Total Unusual Items": -3154000000.0,
        "Total Unusual Items Excluding Goodwill": -3154000000.0,
        "Net Income From Continuing Operation Net Minority Interest": 1303469000000.0,
        "Reconciled Depreciation": 248320000000.0,
        "Net Interest Income": 3234729000000.0,
        "Interest Expense": 1460411000000.0,
        "Interest Income": 4695140000000.0,
        "Normalized Income": 1305771085863.9153,
        "Net Income From Continuing And Discontinued Operation": 1303469000000.0,
        "Rent Expense Supplemental": 28162000000.0,
        "Diluted Average Shares": 398346423.0,
        "Basic Average Shares": 389610893.0,
        "Diluted EPS": 2967.0,
        "Basic EPS": 3032.0,
        "Diluted NI Availto Com Stockholders": 1275411268539.0,
        "Average Dilution Earnings": 593607663.0,
        "Net Income Common Stockholders": 1274817660876.0,
        "Otherunder Preferred Stock Dividend": 28651339124.0,
        "Net Income": 1303469000000.0,
        "Minority Interests": -4534000000.0,
        "Net Income Including Noncontrolling Interests": 1308003000000.0,
        "Net Income Continuous Operations": 1308003000000.0,
        "Tax Provision": 484042000000.0,
        "Pretax Income": 1792045000000.0,
        "Other Non Operating Income Expenses": 220073000000.0,
        "Special Income Charges": -3154000000.0,
        "Restructuring And Mergern Acquisition": 3154000000.0,
        "Gain On Sale Of Security": -295569000000.0,
        "Depreciation Amortization Depletion Income Statement": 379880000000.0,
        "Depreciation And Amortization In Income Statement": 379880000000.0,
        "Depreciation Income Statement": 379880000000.0,
        "Selling General And Administration": 1521166000000.0,
        "Selling And Marketing Expense": 64483000000.0,
        "General And Administrative Expense": 1456683000000.0,
        "Other Gand A": 216831000000.0,
        "Insurance And Claims": 150057000000.0,
        "Rent And Landing Fees": 28162000000.0,
        "Salaries And Wages": 1211690000000.0,
        "Total Revenue": 4657052000000.0,
        "Operating Revenue": 4657052000000.0
    },
    "2023-06-30": {
        "Tax Effect Of Unusual Items": NaN,
        "Tax Rate For Calcs": NaN,
        "Total Unusual Items": NaN,
        "Total Unusual Items Excluding Goodwill": NaN,
        "Net Income From Continuing Operation Net Minority Interest": NaN,
        "Reconciled Depreciation": 211331000000.0,
        "Net Interest Income": NaN,
        "Interest Expense": NaN,
        "Interest Income": NaN,
        "Normalized Income": NaN,
        "Net Income From Continuing And Discontinued Operation": NaN,
        "Rent Expense Supplemental": NaN,
        "Diluted Average Shares": 405770439.0,
        "Basic Average Shares": 396958686.0,
        "Diluted EPS": 3694.0,
        "Basic EPS": 3776.0,
        "Diluted NI Availto Com Stockholders": NaN,
        "Average Dilution Earnings": 611283413.0,
        "Net Income Common Stockholders": NaN,
        "Otherunder Preferred Stock Dividend": 48070480253.0,
        "Net Income": NaN,
        "Minority Interests": NaN,
        "Net Income Including Noncontrolling Interests": NaN,
        "Net Income Continuous Operations": NaN,
        "Tax Provision": NaN,
        "Pretax Income": NaN,
        "Other Non Operating Income Expenses": NaN,
        "Special Income Charges": NaN,
        "Restructuring And Mergern Acquisition": NaN,
        "Gain On Sale Of Security": NaN,
        "Depreciation Amortization Depletion Income Statement": 177103000000.0,
        "Depreciation And Amortization In Income Statement": 177103000000.0,
        "Depreciation Income Statement": 177103000000.0,
        "Selling General And Administration": NaN,
        "Selling And Marketing Expense": NaN,
        "General And Administrative Expense": NaN,
        "Other Gand A": NaN,
        "Insurance And Claims": 31785000000.0,
        "Rent And Landing Fees": NaN,
        "Salaries And Wages": NaN,
        "Total Revenue": NaN,
        "Operating Revenue": NaN,
        "Occupancy And Equipment": NaN,
        "Other Non Interest Expense": NaN
    },
    "2023-09-30": {
        "Tax Effect Of Unusual Items": -594797.480713,
        "Tax Rate For Calcs": 0.297399,
        "Total Unusual Items": -2000000.0,
        "Total Unusual Items Excluding Goodwill": -2000000.0,
        "Net Income From Continuing Operation Net Minority Interest": 1368890000000.0,
        "Reconciled Depreciation": 216553000000.0,
        "Net Interest Income": 3124648000000.0,
        "Interest Expense": 4288660000000.0,
        "Interest Income": 7413308000000.0,
        "Normalized Income": 1368891405202.5193,
        "Net Income From Continuing And Discontinued Operation": 1368890000000.0,
        "Rent Expense Supplemental": 23582000000.0,
        "Diluted Average Shares": 406440024.0,
        "Basic Average Shares": 397470964.0,
        "Diluted EPS": 3368.0,
        "Basic EPS": 3444.0,
        "Diluted NI Availto Com Stockholders": 1368890000000.0,
        "Average Dilution Earnings": NaN,
        "Net Income Common Stockholders": 1368890000000.0,
        "Otherunder Preferred Stock Dividend": NaN,
        "Net Income": 1368890000000.0,
        "Minority Interests": 31785000000.0,
        "Net Income Including Noncontrolling Interests": 1337105000000.0,
        "Net Income Continuous Operations": 1337105000000.0,
        "Tax Provision": 565973000000.0,
        "Pretax Income": 1903078000000.0,
        "Other Non Operating Income Expenses": -51079000000.0,
        "Special Income Charges": -2000000.0,
        "Restructuring And Mergern Acquisition": 2000000.0,
        "Gain On Sale Of Security": -76610000000.0,
        "Depreciation Amortization Depletion Income Statement": 398345000000.0,
        "Depreciation And Amortization In Income Statement": 398345000000.0,
        "Depreciation Income Statement": 398345000000.0,
        "Selling General And Administration": 1355462000000.0,
        "Selling And Marketing Expense": 54257000000.0,
        "General And Administrative Expense": 1301205000000.0,
        "Other Gand A": 194926000000.0,
        "Insurance And Claims": 141936000000.0,
        "Rent And Landing Fees": 23582000000.0,
        "Salaries And Wages": 940761000000.0,
        "Total Revenue": 4599116000000.0,
        "Operating Revenue": 4599116000000.0,
        "Occupancy And Equipment": 16144000000.0,
        "Other Non Interest Expense": 433980000000.0
    },
    "2023-12-31": {
        "Tax Effect Of Unusual Items": 0.0,
        "Tax Rate For Calcs": 0.198207,
        "Total Unusual Items": NaN,
        "Total Unusual Items Excluding Goodwill": NaN,
        "Net Income From Continuing Operation Net Minority Interest": 261490000000.0,
        "Reconciled Depreciation": 232510000000.0,
        "Net Interest Income": 3294906000000.0,
        "Interest Expense": 4439622000000.0,
        "Interest Income": 7734528000000.0,
        "Normalized Income": 261490000000.0,
        "Net Income From Continuing And Discontinued Operation": 261490000000.0,
        "Rent Expense Supplemental": NaN,
        "Diluted Average Shares": NaN,
        "Basic Average Shares": NaN,
        "Diluted EPS": NaN,
        "Basic EPS": NaN,
        "Diluted NI Availto Com Stockholders": 261490000000.0,
        "Average Dilution Earnings": NaN,
        "Net Income Common Stockholders": 261490000000.0,
        "Otherunder Preferred Stock Dividend": NaN,
        "Net Income": 261490000000.0,
        "Minority Interests": 44014000000.0,
        "Net Income Including Noncontrolling Interests": 217476000000.0,
        "Net Income Continuous Operations": 217476000000.0,
        "Tax Provision": 53761000000.0,
        "Pretax Income": 271237000000.0,
        "Other Non Operating Income Expenses": -67661000000.0,
        "Special Income Charges": NaN,
        "Restructuring And Mergern Acquisition": NaN,
        "Gain On Sale Of Security": 722259000000.0,
        "Depreciation Amortization Depletion Income Statement": NaN,
        "Depreciation And Amortization In Income Statement": NaN,
        "Depreciation Income Statement": NaN,
        "Selling General And Administration": 1124752000000.0,
        "Selling And Marketing Expense": NaN,
        "General And Administrative Expense": 894560000000.0,
        "Other Gand A": -3843059000000.0,
        "Insurance And Claims": NaN,
        "Rent And Landing Fees": NaN,
        "Salaries And Wages": NaN,
        "Total Revenue": 5568441000000.0,
        "Operating Revenue": 5568441000000.0,
        "Occupancy And Equipment": NaN,
        "Other Non Interest Expense": 868607000000.0
    },
    "2024-03-31": {
        "Tax Effect Of Unusual Items": -554996454.666625,
        "Tax Rate For Calcs": 0.2446,
        "Total Unusual Items": -2269000000.0,
        "Total Unusual Items Excluding Goodwill": -2269000000.0,
        "Net Income From Continuing Operation Net Minority Interest": 1049133000000.0,
        "Reconciled Depreciation": 395322000000.0,
        "Net Interest Income": 3151485000000.0,
        "Interest Expense": 4462477000000.0,
        "Interest Income": 7613962000000.0,
        "Normalized Income": 1050847003545.3334,
        "Net Income From Continuing And Discontinued Operation": 1049133000000.0,
        "Rent Expense Supplemental": 21212000000.0,
        "Diluted Average Shares": 387560164.0,
        "Basic Average Shares": 381106133.0,
        "Diluted EPS": 2584.0,
        "Basic EPS": 2627.0,
        "Diluted NI Availto Com Stockholders": 1001369332685.0,
        "Average Dilution Earnings": 306631690.0,
        "Net Income Common Stockholders": 1001062675000.0,
        "Otherunder Preferred Stock Dividend": 48070325000.0,
        "Net Income": 1049133000000.0,
        "Minority Interests": -14081000000.0,
        "Net Income Including Noncontrolling Interests": 1063214000000.0,
        "Net Income Continuous Operations": 1063214000000.0,
        "Tax Provision": 344270000000.0,
        "Pretax Income": 1407484000000.0,
        "Other Non Operating Income Expenses": -946545000000.0,
        "Special Income Charges": -2269000000.0,
        "Restructuring And Mergern Acquisition": 2269000000.0,
        "Gain On Sale Of Security": 289092000000.0,
        "Depreciation Amortization Depletion Income Statement": 395322000000.0,
        "Depreciation And Amortization In Income Statement": 395322000000.0,
        "Depreciation Income Statement": 395322000000.0,
        "Selling General And Administration": 1501270000000.0,
        "Selling And Marketing Expense": 35318000000.0,
        "General And Administrative Expense": 1465952000000.0,
        "Other Gand A": 199694000000.0,
        "Insurance And Claims": 227232000000.0,
        "Rent And Landing Fees": 21212000000.0,
        "Salaries And Wages": 1017814000000.0,
        "Total Revenue": 5218708000000.0,
        "Operating Revenue": 5218708000000.0,
        "Occupancy And Equipment": 4263000000.0,
        "Other Non Interest Expense": 531866000000.0
    },
    "2024-06-30": {
        "Tax Effect Of Unusual Items": 0.0,
        "Tax Rate For Calcs": 0.277966,
        "Total Unusual Items": NaN,
        "Total Unusual Items Excluding Goodwill": NaN,
        "Net Income From Continuing Operation Net Minority Interest": 1732210000000.0,
        "Reconciled Depreciation": NaN,
        "Net Interest Income": 3206237000000.0,
        "Interest Expense": 4405334000000.0,
        "Interest Income": 7611571000000.0,
        "Normalized Income": 1732210000000.0,
        "Net Income From Continuing And Discontinued Operation": 1732210000000.0,
        "Rent Expense Supplemental": NaN,
        "Diluted Average Shares": 395752799.0,
        "Basic Average Shares": 392168893.0,
        "Diluted EPS": 4377.0,
        "Basic EPS": 4417.0,
        "Diluted NI Availto Com Stockholders": 1732210000000.0,
        "Average Dilution Earnings": NaN,
        "Net Income Common Stockholders": 1732210000000.0,
        "Otherunder Preferred Stock Dividend": NaN,
        "Net Income": 1732210000000.0,
        "Minority Interests": 21545000000.0,
        "Net Income Including Noncontrolling Interests": 1710665000000.0,
        "Net Income Continuous Operations": 1710665000000.0,
        "Tax Provision": 658567000000.0,
        "Pretax Income": 2369232000000.0,
        "Other Non Operating Income Expenses": 67677000000.0,
        "Special Income Charges": NaN,
        "Restructuring And Mergern Acquisition": NaN,
        "Gain On Sale Of Security": 321577000000.0,
        "Depreciation Amortization Depletion Income Statement": NaN,
        "Depreciation And Amortization In Income Statement": NaN,
        "Depreciation Income Statement": NaN,
        "Selling General And Administration": 1786247000000.0,
        "Selling And Marketing Expense": NaN,
        "General And Administrative Expense": 1786247000000.0,
        "Other Gand A": 1593891000000.0,
        "Insurance And Claims": 192356000000.0,
        "Rent And Landing Fees": NaN,
        "Salaries And Wages": NaN,
        "Total Revenue": 4927172000000.0,
        "Operating Revenue": 4927172000000.0,
        "Occupancy And Equipment": NaN,
        "Other Non Interest Expense": 285858000000.0
    },
    "2024-09-30": {
        "Tax Effect Of Unusual Items": -130142177.115261,
        "Tax Rate For Calcs": 0.301255,
        "Total Unusual Items": -432000000.0,
        "Total Unusual Items Excluding Goodwill": -432000000.0,
        "Net Income From Continuing Operation Net Minority Interest": 1613946000000.0,
        "Reconciled Depreciation": 407569000000.0,
        "Net Interest Income": 3164967000000.0,
        "Interest Expense": 4472835000000.0,
        "Interest Income": 7637802000000.0,
        "Normalized Income": 1614247857822.8848,
        "Net Income From Continuing And Discontinued Operation": 1613946000000.0,
        "Rent Expense Supplemental": 23079000000.0,
        "Diluted Average Shares": 394607824.0,
        "Basic Average Shares": 390880601.0,
        "Diluted EPS": 4090.0,
        "Basic EPS": 4129.0,
        "Diluted NI Availto Com Stockholders": 1613946000000.0,
        "Average Dilution Earnings": NaN,
        "Net Income Common Stockholders": 1613946000000.0,
        "Otherunder Preferred Stock Dividend": NaN,
        "Net Income": 1613946000000.0,
        "Minority Interests": 17907000000.0,
        "Net Income Including Noncontrolling Interests": 1596039000000.0,
        "Net Income Continuous Operations": 1596039000000.0,
        "Tax Provision": 688112000000.0,
        "Pretax Income": 2284151000000.0,
        "Other Non Operating Income Expenses": -76170000000.0,
        "Special Income Charges": -432000000.0,
        "Restructuring And Mergern Acquisition": 432000000.0,
        "Gain On Sale Of Security": 797320000000.0,
        "Depreciation Amortization Depletion Income Statement": 407569000000.0,
        "Depreciation And Amortization In Income Statement": 407569000000.0,
        "Depreciation Income Statement": 407569000000.0,
        "Selling General And Administration": 1411124000000.0,
        "Selling And Marketing Expense": 59430000000.0,
        "General And Administrative Expense": 1351694000000.0,
        "Other Gand A": 201420000000.0,
        "Insurance And Claims": 147862000000.0,
        "Rent And Landing Fees": 23079000000.0,
        "Salaries And Wages": 979333000000.0,
        "Total Revenue": 5111427000000.0,
        "Operating Revenue": 5111427000000.0,
        "Occupancy And Equipment": 15182000000.0,
        "Other Non Interest Expense": 421514000000.0
    }
}