{
    "2023-06-30": {
        "Tax Effect Of Unusual Items": -30240000.0,
        "Tax Rate For Calcs": 0.21,
        "Normalized EBITDA": -127000000.0,
        "Total Unusual Items": -144000000.0,
        "Total Unusual Items Excluding Goodwill": -144000000.0,
        "Net Income From Continuing Operation Net Minority Interest": -351000000.0,
        "Reconciled Depreciation": 34000000.0,
        "Reconciled Cost Of Revenue": 1502000000.0,
        "EBITDA": -271000000.0,
        "EBIT": -305000000.0,
        "Net Interest Income": -29000000.0,
        "Interest Expense": 29000000.0,
        "Normalized Income": -237240000.0,
        "Net Income From Continuing And Discontinued Operation": -351000000.0,
        "Total Expenses": 1622000000.0,
        "Total Operating Income As Reported": 10000000.0,
        "Diluted Average Shares": 135000000.0,
        "Basic Average Shares": 134915400.0,
        "Diluted EPS": -2.60163,
        "Basic EPS": -2.60163,
        "Diluted NI Availto Com Stockholders": -351000000.0,
        "Average Dilution Earnings": 0.0,
        "Net Income Common Stockholders": -351000000.0,
        "Otherunder Preferred Stock Dividend": 0.0,
        "Net Income": -351000000.0,
        "Minority Interests": -1000000.0,
        "Net Income Including Noncontrolling Interests": -350000000.0,
        "Net Income Continuous Operations": -350000000.0,
        "Tax Provision": 16000000.0,
        "Pretax Income": -334000000.0,
        "Other Income Expense": -436000000.0,
        "Other Non Operating Income Expenses": -315000000.0,
        "Special Income Charges": -144000000.0,
        "Gain On Sale Of Ppe": 0.0,
        "Other Special Charges": 144000000.0,
        "Earnings From Equity Interest": 23000000.0,
        "Net Non Operating Interest Income Expense": -29000000.0,
        "Interest Expense Non Operating": 29000000.0,
        "Operating Income": 131000000.0,
        "Operating Expense": 120000000.0,
        "Other Operating Expenses": 1000000.0,
        "Selling General And Administration": 119000000.0,
        "Gross Profit": 251000000.0,
        "Cost Of Revenue": 1502000000.0,
        "Total Revenue": 1753000000.0,
        "Operating Revenue": 1753000000.0
    },
    "2023-03-31": {
        "Tax Effect Of Unusual Items": 0.0,
        "Tax Rate For Calcs": 0.26,
        "Normalized EBITDA": 178000000.0,
        "Total Unusual Items": NaN,
        "Total Unusual Items Excluding Goodwill": NaN,
        "Net Income From Continuing Operation Net Minority Interest": 86000000.0,
        "Reconciled Depreciation": 36000000.0,
        "Reconciled Cost Of Revenue": 1458000000.0,
        "EBITDA": 178000000.0,
        "EBIT": 142000000.0,
        "Net Interest Income": -26000000.0,
        "Interest Expense": 26000000.0,
        "Normalized Income": 86000000.0,
        "Net Income From Continuing And Discontinued Operation": 86000000.0,
        "Total Expenses": 1582000000.0,
        "Total Operating Income As Reported": 144000000.0,
        "Diluted Average Shares": 154000000.0,
        "Basic Average Shares": 136039210.0,
        "Diluted EPS": 0.56,
        "Basic EPS": 0.632171,
        "Diluted NI Availto Com Stockholders": 87000000.0,
        "Average Dilution Earnings": 2000000.0,
        "Net Income Common Stockholders": 85000000.0,
        "Otherunder Preferred Stock Dividend": 1000000.0,
        "Net Income": 86000000.0,
        "Minority Interests": 0.0,
        "Net Income Including Noncontrolling Interests": 86000000.0,
        "Net Income Continuous Operations": 86000000.0,
        "Tax Provision": 30000000.0,
        "Pretax Income": 116000000.0,
        "Other Income Expense": 21000000.0,
        "Other Non Operating Income Expenses": -2000000.0,
        "Special Income Charges": NaN,
        "Gain On Sale Of Ppe": NaN,
        "Other Special Charges": NaN,
        "Earnings From Equity Interest": 23000000.0,
        "Net Non Operating Interest Income Expense": -26000000.0,
        "Interest Expense Non Operating": 26000000.0,
        "Operating Income": 121000000.0,
        "Operating Expense": 124000000.0,
        "Other Operating Expenses": NaN,
        "Selling General And Administration": 124000000.0,
        "Gross Profit": 245000000.0,
        "Cost Of Revenue": 1458000000.0,
        "Total Revenue": 1703000000.0,
        "Operating Revenue": 1703000000.0
    },
    "2022-12-31": {
        "Tax Effect Of Unusual Items": -601851.851852,
        "Tax Rate For Calcs": 0.12037,
        "Normalized EBITDA": 174000000.0,
        "Total Unusual Items": -5000000.0,
        "Total Unusual Items Excluding Goodwill": -5000000.0,
        "Net Income From Continuing Operation Net Minority Interest": 93000000.0,
        "Reconciled Depreciation": 38000000.0,
        "Reconciled Cost Of Revenue": 1402000000.0,
        "EBITDA": 169000000.0,
        "EBIT": 131000000.0,
        "Net Interest Income": -23000000.0,
        "Interest Expense": 23000000.0,
        "Normalized Income": 97398148.148148,
        "Net Income From Continuing And Discontinued Operation": 93000000.0,
        "Total Expenses": 1504000000.0,
        "Total Operating Income As Reported": 122000000.0,
        "Diluted Average Shares": 150000000.0,
        "Basic Average Shares": 136505145.0,
        "Diluted EPS": 0.62,
        "Basic EPS": 0.681293,
        "Diluted NI Availto Com Stockholders": 89000000.0,
        "Average Dilution Earnings": NaN,
        "Net Income Common Stockholders": 94000000.0,
        "Otherunder Preferred Stock Dividend": NaN,
        "Net Income": 93000000.0,
        "Minority Interests": -2000000.0,
        "Net Income Including Noncontrolling Interests": 95000000.0,
        "Net Income Continuous Operations": 95000000.0,
        "Tax Provision": 13000000.0,
        "Pretax Income": 108000000.0,
        "Other Income Expense": 27000000.0,
        "Other Non Operating Income Expenses": 9000000.0,
        "Special Income Charges": -5000000.0,
        "Gain On Sale Of Ppe": -3000000.0,
        "Other Special Charges": NaN,
        "Restructuring And Mergern Acquisition": 2000000.0,
        "Earnings From Equity Interest": 23000000.0,
        "Gain On Sale Of Security": 0.0,
        "Net Non Operating Interest Income Expense": -23000000.0,
        "Interest Expense Non Operating": 23000000.0,
        "Operating Income": 104000000.0,
        "Operating Expense": 102000000.0,
        "Other Operating Expenses": NaN,
        "Selling General And Administration": 105000000.0,
        "Gross Profit": 206000000.0,
        "Cost Of Revenue": 1402000000.0,
        "Total Revenue": 1608000000.0,
        "Operating Revenue": 1608000000.0
    },
    "2022-09-30": {
        "Tax Effect Of Unusual Items": -270000.0,
        "Tax Rate For Calcs": 0.27,
        "Normalized EBITDA": 124000000.0,
        "Total Unusual Items": -1000000.0,
        "Total Unusual Items Excluding Goodwill": -1000000.0,
        "Net Income From Continuing Operation Net Minority Interest": 74000000.0,
        "Reconciled Depreciation": 33000000.0,
        "Reconciled Cost Of Revenue": 1401000000.0,
        "EBITDA": 123000000.0,
        "EBIT": 123000000.0,
        "Net Interest Income": -23000000.0,
        "Interest Expense": 23000000.0,
        "Normalized Income": 74730000.0,
        "Net Income From Continuing And Discontinued Operation": 74000000.0,
        "Total Expenses": 1505000000.0,
        "Total Operating Income As Reported": 125000000.0,
        "Diluted Average Shares": 151020408.0,
        "Basic Average Shares": 138082991.0,
        "Diluted EPS": 0.49,
        "Basic EPS": 0.53591,
        "Diluted NI Availto Com Stockholders": 74000000.0,
        "Average Dilution Earnings": 2000000.0,
        "Net Income Common Stockholders": 74000000.0,
        "Otherunder Preferred Stock Dividend": 0.0,
        "Net Income": 74000000.0,
        "Minority Interests": 1000000.0,
        "Net Income Including Noncontrolling Interests": 73000000.0,
        "Net Income Continuous Operations": 73000000.0,
        "Tax Provision": 27000000.0,
        "Pretax Income": 100000000.0,
        "Other Income Expense": 2000000.0,
        "Other Non Operating Income Expenses": -2000000.0,
        "Special Income Charges": -1000000.0,
        "Gain On Sale Of Ppe": 0.0,
        "Other Special Charges": NaN,
        "Restructuring And Mergern Acquisition": 1000000.0,
        "Earnings From Equity Interest": 5000000.0,
        "Gain On Sale Of Security": NaN,
        "Net Non Operating Interest Income Expense": -23000000.0,
        "Interest Expense Non Operating": 23000000.0,
        "Operating Income": 121000000.0,
        "Operating Expense": 104000000.0,
        "Other Operating Expenses": 1000000.0,
        "Selling General And Administration": 103000000.0,
        "Gross Profit": 225000000.0,
        "Cost Of Revenue": 1401000000.0,
        "Total Revenue": 1626000000.0,
        "Operating Revenue": 1626000000.0
    },
    "2022-06-30": {
        "Tax Effect Of Unusual Items": 9880000.0,
        "Tax Rate For Calcs": 0.26,
        "Normalized EBITDA": 143000000.0,
        "Total Unusual Items": 38000000.0,
        "Total Unusual Items Excluding Goodwill": 38000000.0,
        "Net Income From Continuing Operation Net Minority Interest": 94000000.0,
        "Reconciled Depreciation": 33000000.0,
        "Reconciled Cost Of Revenue": 1415000000.0,
        "EBITDA": 181000000.0,
        "EBIT": 148000000.0,
        "Net Interest Income": -21000000.0,
        "Interest Expense": 21000000.0,
        "Normalized Income": 65880000.0,
        "Net Income From Continuing And Discontinued Operation": 94000000.0,
        "Total Expenses": 1520000000.0,
        "Total Operating Income As Reported": 127000000.0,
        "Diluted Average Shares": 156000000.0,
        "Basic Average Shares": 139000000.0,
        "Diluted EPS": 0.61,
        "Basic EPS": 0.68,
        "Diluted NI Availto Com Stockholders": 95000000.0,
        "Average Dilution Earnings": 1000000.0,
        "Net Income Common Stockholders": 94000000.0,
        "Otherunder Preferred Stock Dividend": NaN,
        "Net Income": 94000000.0,
        "Minority Interests": 0.0,
        "Net Income Including Noncontrolling Interests": 94000000.0,
        "Net Income Continuous Operations": 94000000.0,
        "Tax Provision": 33000000.0,
        "Pretax Income": 127000000.0,
        "Other Income Expense": 52000000.0,
        "Other Non Operating Income Expenses": 4000000.0,
        "Special Income Charges": 22000000.0,
        "Gain On Sale Of Ppe": 22000000.0,
        "Other Special Charges": NaN,
        "Restructuring And Mergern Acquisition": 0.0,
        "Earnings From Equity Interest": 10000000.0,
        "Gain On Sale Of Security": 16000000.0,
        "Net Non Operating Interest Income Expense": -21000000.0,
        "Interest Expense Non Operating": 21000000.0,
        "Operating Income": 96000000.0,
        "Operating Expense": 105000000.0,
        "Other Operating Expenses": 1000000.0,
        "Selling General And Administration": 105000000.0,
        "Gross Profit": 201000000.0,
        "Cost Of Revenue": 1415000000.0,
        "Total Revenue": 1616000000.0,
        "Operating Revenue": 1616000000.0
    },
    "2022-03-31": {
        "Diluted EPS": -0.51,
        "Total Revenue": NaN,
        "Gross Profit": 196,
        "Operating Income": -31,
        "EBIT": 2,
        "Net Income": -71
    },
    "2021-12-31": {
        "Diluted EPS": 0.54,
        "Total Revenue": NaN,
        "Gross Profit": 238,
        "Operating Income": 129,
        "EBIT": 161,
        "Net Income": 70
    },
    "2021-09-30": {
        "Diluted EPS": 0.38,
        "Total Revenue": NaN,
        "Gross Profit": 193,
        "Operating Income": 101,
        "EBIT": 139,
        "Net Income": 57
    },
    "2021-06-30": {
        "Diluted EPS": -1.06,
        "Total Revenue": NaN,
        "Gross Profit": 207,
        "Operating Income": -88,
        "EBIT": -50,
        "Net Income": -149
    },
    "2021-03-31": {
        "Diluted EPS": 0.33,
        "Total Revenue": NaN,
        "Gross Profit": 168,
        "Operating Income": 89,
        "EBIT": 127,
        "Net Income": 49
    },
    "2020-12-31": {
        "Diluted EPS": 0.21,
        "Total Revenue": NaN,
        "Gross Profit": 166,
        "Operating Income": 45,
        "EBIT": 86,
        "Net Income": 28
    },
    "2020-09-30": {
        "Diluted EPS": 0.36,
        "Total Revenue": NaN,
        "Gross Profit": 172,
        "Operating Income": 93,
        "EBIT": 119,
        "Net Income": 52
    },
    "2020-06-30": {
        "Diluted EPS": -0.28,
        "Total Revenue": NaN,
        "Gross Profit": 142,
        "Operating Income": -12,
        "EBIT": 46,
        "Net Income": -39
    },
    "2020-03-31": {
        "Diluted EPS": -0.73,
        "Total Revenue": NaN,
        "Gross Profit": 186,
        "Operating Income": -69,
        "EBIT": 20,
        "Net Income": -104
    },
    "2019-12-31": {
        "Diluted EPS": 0.4,
        "Total Revenue": NaN,
        "Gross Profit": 172,
        "Operating Income": 88,
        "EBIT": 116,
        "Net Income": 58
    },
    "2019-09-30": {
        "Diluted EPS": 0.39,
        "Total Revenue": NaN,
        "Gross Profit": 168,
        "Operating Income": 104,
        "EBIT": 132,
        "Net Income": 56
    },
    "2019-06-30": {
        "Diluted EPS": 0.34,
        "Total Revenue": NaN,
        "Gross Profit": 160,
        "Operating Income": 92,
        "EBIT": 115,
        "Net Income": 48
    },
    "2019-03-31": {
        "Diluted EPS": 0.28,
        "Total Revenue": NaN,
        "Gross Profit": 153,
        "Operating Income": 78,
        "EBIT": 103,
        "Net Income": 40
    },
    "2018-12-31": {
        "Diluted EPS": 0.33,
        "Total Revenue": NaN,
        "Gross Profit": 159,
        "Operating Income": 88,
        "EBIT": 104,
        "Net Income": 45
    },
    "2018-09-30": {
        "Diluted EPS": 0.38,
        "Total Revenue": NaN,
        "Gross Profit": 149,
        "Operating Income": 99,
        "EBIT": 116,
        "Net Income": 54
    },
    "2018-06-30": {
        "Diluted EPS": 0.31,
        "Total Revenue": NaN,
        "Gross Profit": 161,
        "Operating Income": 100,
        "EBIT": 117,
        "Net Income": 44
    },
    "2018-03-31": {
        "Diluted EPS": 0.97,
        "Total Revenue": NaN,
        "Gross Profit": 115,
        "Operating Income": 181,
        "EBIT": 194,
        "Net Income": 138
    },
    "2017-12-31": {
        "Diluted EPS": 1.93,
        "Total Revenue": 937,
        "Gross Profit": 162,
        "Operating Income": 25,
        "EBIT": 35,
        "Net Income": 273
    },
    "2017-09-30": {
        "Diluted EPS": 0.32,
        "Total Revenue": NaN,
        "Gross Profit": 87,
        "Operating Income": 73,
        "EBIT": 84,
        "Net Income": 45
    },
    "2017-06-30": {
        "Diluted EPS": 0.54,
        "Total Revenue": NaN,
        "Gross Profit": 108,
        "Operating Income": 103,
        "EBIT": 117,
        "Net Income": 77
    },
    "2017-03-31": {
        "Diluted EPS": 0.26,
        "Total Revenue": NaN,
        "Gross Profit": 82,
        "Operating Income": 63,
        "EBIT": 76,
        "Net Income": 37
    },
    "2016-12-31": {
        "Diluted EPS": -0.61,
        "Total Revenue": NaN,
        "Gross Profit": 6,
        "Operating Income": -33,
        "EBIT": -19,
        "Net Income": -87
    },
    "2016-09-30": {
        "Diluted EPS": -0.44,
        "Total Revenue": NaN,
        "Gross Profit": -36,
        "Operating Income": -67,
        "EBIT": -55,
        "Net Income": -63
    },
    "2016-06-30": {
        "Diluted EPS": 0.32,
        "Total Revenue": NaN,
        "Gross Profit": 74,
        "Operating Income": 63,
        "EBIT": 73,
        "Net Income": 47
    },
    "2016-03-31": {
        "Diluted EPS": 0.3,
        "Total Revenue": 996,
        "Gross Profit": 68,
        "Operating Income": 65,
        "EBIT": 74,
        "Net Income": 42
    },
    "2015-12-31": {
        "Diluted EPS": 0.29,
        "Total Revenue": NaN,
        "Gross Profit": 94,
        "Operating Income": 75,
        "EBIT": 85,
        "Net Income": 42
    },
    "2015-09-30": {
        "Diluted EPS": 0.38,
        "Total Revenue": NaN,
        "Gross Profit": 87,
        "Operating Income": 75,
        "EBIT": 85,
        "Net Income": 55
    },
    "2015-06-30": {
        "Diluted EPS": 0.43,
        "Total Revenue": NaN,
        "Gross Profit": 74,
        "Operating Income": 96,
        "EBIT": 104,
        "Net Income": 62
    },
    "2015-03-31": {
        "Diluted EPS": 0.3,
        "Total Revenue": NaN,
        "Gross Profit": 70,
        "Operating Income": 64,
        "EBIT": 75,
        "Net Income": 44
    },
    "2014-12-31": {
        "Diluted EPS": -8.52,
        "Total Revenue": NaN,
        "Gross Profit": -162,
        "Operating Income": -839,
        "EBIT": -376,
        "Net Income": NaN
    },
    "2014-09-30": {
        "Diluted EPS": 0.21,
        "Total Revenue": NaN,
        "Gross Profit": 30,
        "Operating Income": 10,
        "EBIT": 29,
        "Net Income": 30
    },
    "2014-06-30": {
        "Diluted EPS": -0.06,
        "Total Revenue": NaN,
        "Gross Profit": 28,
        "Operating Income": 25,
        "EBIT": 43,
        "Net Income": -8
    },
    "2014-03-31": {
        "Diluted EPS": -0.29,
        "Total Revenue": NaN,
        "Gross Profit": 39,
        "Operating Income": 10,
        "EBIT": 28,
        "Net Income": -43
    },
    "2013-12-31": {
        "Diluted EPS": -0.38,
        "Total Revenue": NaN,
        "Gross Profit": 7,
        "Operating Income": -27,
        "EBIT": -8,
        "Net Income": -56
    },
    "2013-09-30": {
        "Diluted EPS": -0.32,
        "Total Revenue": NaN,
        "Gross Profit": 114,
        "Operating Income": 79,
        "EBIT": 97,
        "Net Income": -47
    },
    "2013-06-30": {
        "Diluted EPS": 0.61,
        "Total Revenue": NaN,
        "Gross Profit": 140,
        "Operating Income": 123,
        "EBIT": 139,
        "Net Income": 90
    },
    "2013-03-31": {
        "Diluted EPS": 0.59,
        "Total Revenue": NaN,
        "Gross Profit": 156,
        "Operating Income": 133,
        "EBIT": 148,
        "Net Income": 88
    },
    "2012-12-31": {
        "Diluted EPS": 0.21,
        "Total Revenue": NaN,
        "Gross Profit": -53,
        "Operating Income": 69,
        "EBIT": 264,
        "Net Income": 30
    },
    "2012-09-30": {
        "Diluted EPS": -0.55,
        "Total Revenue": NaN,
        "Gross Profit": 225,
        "Operating Income": -11,
        "EBIT": 4,
        "Net Income": -81
    },
    "2012-06-30": {
        "Diluted EPS": 0.7,
        "Total Revenue": NaN,
        "Gross Profit": 183,
        "Operating Income": 129,
        "EBIT": 146,
        "Net Income": 104
    },
    "2012-03-31": {
        "Diluted EPS": 0.61,
        "Total Revenue": NaN,
        "Gross Profit": 163,
        "Operating Income": 112,
        "EBIT": 128,
        "Net Income": 91
    },
    "2011-12-31": {
        "Diluted EPS": 0.6,
        "Total Revenue": NaN,
        "Gross Profit": 28,
        "Operating Income": 136,
        "EBIT": 153,
        "Net Income": 90
    },
    "2011-09-30": {
        "Diluted EPS": 1.22,
        "Total Revenue": NaN,
        "Gross Profit": 199,
        "Operating Income": 138,
        "EBIT": 157,
        "Net Income": 185
    },
    "2011-06-30": {
        "Diluted EPS": 0.65,
        "Total Revenue": NaN,
        "Gross Profit": 226,
        "Operating Income": 169,
        "EBIT": 187,
        "Net Income": 100
    },
    "2011-03-31": {
        "Diluted EPS": 0.69,
        "Total Revenue": NaN,
        "Gross Profit": 187,
        "Operating Income": 144,
        "EBIT": 161,
        "Net Income": 105
    },
    "2010-12-31": {
        "Diluted EPS": 0.5,
        "Total Revenue": NaN,
        "Gross Profit": 205,
        "Operating Income": 148,
        "EBIT": 165,
        "Net Income": 78
    },
    "2010-09-30": {
        "Diluted EPS": 0.62,
        "Total Revenue": NaN,
        "Gross Profit": 217,
        "Operating Income": 163,
        "EBIT": 179,
        "Net Income": 97
    },
    "2010-06-30": {
        "Diluted EPS": 0.66,
        "Total Revenue": NaN,
        "Gross Profit": 256,
        "Operating Income": 199,
        "EBIT": 213,
        "Net Income": 106
    },
    "2010-03-31": {
        "Diluted EPS": 0.29,
        "Total Revenue": NaN,
        "Gross Profit": 148,
        "Operating Income": 99,
        "EBIT": 114,
        "Net Income": 46
    },
    "2009-12-31": {
        "Diluted EPS": 0.44,
        "Total Revenue": NaN,
        "Gross Profit": 183,
        "Operating Income": 124,
        "EBIT": 138,
        "Net Income": 73
    },
    "2009-09-30": {
        "Diluted EPS": 0.45,
        "Total Revenue": NaN,
        "Gross Profit": 192,
        "Operating Income": 131,
        "EBIT": 150,
        "Net Income": 73
    },
    "2009-06-30": {
        "Diluted EPS": 0.42,
        "Total Revenue": NaN,
        "Gross Profit": 191,
        "Operating Income": 137,
        "EBIT": 151,
        "Net Income": 67
    },
    "2009-03-31": {
        "Diluted EPS": 0.48,
        "Total Revenue": NaN,
        "Gross Profit": 191,
        "Operating Income": 144,
        "EBIT": 158,
        "Net Income": 77
    },
    "2023-09-30": {
        "Tax Effect Of Unusual Items": 0.0,
        "Tax Rate For Calcs": 0.21,
        "Normalized EBITDA": 69000000.0,
        "Total Unusual Items": 0.0,
        "Total Unusual Items Excluding Goodwill": 0.0,
        "Net Income From Continuing Operation Net Minority Interest": -21000000.0,
        "Reconciled Depreciation": 34000000.0,
        "Reconciled Cost Of Revenue": 1526000000.0,
        "EBITDA": 69000000.0,
        "EBIT": 35000000.0,
        "Net Interest Income": -30000000.0,
        "Interest Expense": 30000000.0,
        "Normalized Income": -21000000.0,
        "Net Income From Continuing And Discontinued Operation": -21000000.0,
        "Total Expenses": 1655000000.0,
        "Total Operating Income As Reported": 147000000.0,
        "Diluted Average Shares": 135002833.0,
        "Basic Average Shares": 135002833.0,
        "Diluted EPS": -0.16,
        "Basic EPS": -0.155552,
        "Diluted NI Availto Com Stockholders": -21000000.0,
        "Average Dilution Earnings": 0.0,
        "Net Income Common Stockholders": -21000000.0,
        "Otherunder Preferred Stock Dividend": 0.0,
        "Net Income": -21000000.0,
        "Minority Interests": -3000000.0,
        "Net Income Including Noncontrolling Interests": -18000000.0,
        "Net Income Continuous Operations": -18000000.0,
        "Tax Provision": 23000000.0,
        "Pretax Income": 5000000.0,
        "Other Income Expense": -80000000.0,
        "Other Non Operating Income Expenses": -112000000.0,
        "Special Income Charges": 0.0,
        "Gain On Sale Of Ppe": 0.0,
        "Other Special Charges": NaN,
        "Earnings From Equity Interest": 32000000.0,
        "Net Non Operating Interest Income Expense": -30000000.0,
        "Interest Expense Non Operating": 30000000.0,
        "Operating Income": 115000000.0,
        "Operating Expense": 129000000.0,
        "Other Operating Expenses": 2000000.0,
        "Selling General And Administration": 127000000.0,
        "Gross Profit": 244000000.0,
        "Cost Of Revenue": 1526000000.0,
        "Total Revenue": 1770000000.0,
        "Operating Revenue": 1770000000.0
    },
    "2023-12-31": {
        "Tax Effect Of Unusual Items": -1470000.0,
        "Tax Rate For Calcs": 0.21,
        "Normalized EBITDA": 121000000.0,
        "Total Unusual Items": -7000000.0,
        "Total Unusual Items Excluding Goodwill": -7000000.0,
        "Net Income From Continuing Operation Net Minority Interest": 21000000.0,
        "Reconciled Depreciation": 37000000.0,
        "Reconciled Cost Of Revenue": 1493000000.0,
        "EBITDA": 114000000.0,
        "EBIT": 77000000.0,
        "Net Interest Income": -30000000.0,
        "Interest Expense": 30000000.0,
        "Normalized Income": 26530000.0,
        "Net Income From Continuing And Discontinued Operation": 21000000.0,
        "Total Expenses": 1612000000.0,
        "Total Operating Income As Reported": 147000000.0,
        "Diluted Average Shares": 137000000.0,
        "Basic Average Shares": 135067562.0,
        "Diluted EPS": 0.15,
        "Basic EPS": 0.155478,
        "Diluted NI Availto Com Stockholders": 21000000.0,
        "Average Dilution Earnings": NaN,
        "Net Income Common Stockholders": 21000000.0,
        "Otherunder Preferred Stock Dividend": NaN,
        "Net Income": 21000000.0,
        "Minority Interests": 0.0,
        "Net Income Including Noncontrolling Interests": 21000000.0,
        "Net Income Continuous Operations": 21000000.0,
        "Tax Provision": 26000000.0,
        "Pretax Income": 47000000.0,
        "Other Income Expense": -41000000.0,
        "Other Non Operating Income Expenses": -70000000.0,
        "Special Income Charges": -7000000.0,
        "Gain On Sale Of Ppe": -7000000.0,
        "Other Special Charges": 0.0,
        "Earnings From Equity Interest": 36000000.0,
        "Net Non Operating Interest Income Expense": -30000000.0,
        "Interest Expense Non Operating": 30000000.0,
        "Operating Income": 118000000.0,
        "Operating Expense": 119000000.0,
        "Other Operating Expenses": 1000000.0,
        "Selling General And Administration": 118000000.0,
        "Gross Profit": 237000000.0,
        "Cost Of Revenue": 1493000000.0,
        "Total Revenue": 1730000000.0,
        "Operating Revenue": 1730000000.0
    },
    "2024-03-31": {
        "Tax Effect Of Unusual Items": 1627906.976744,
        "Tax Rate For Calcs": 0.271318,
        "Normalized EBITDA": 190000000.0,
        "Total Unusual Items": 6000000.0,
        "Total Unusual Items Excluding Goodwill": 6000000.0,
        "Net Income From Continuing Operation Net Minority Interest": 93000000.0,
        "Reconciled Depreciation": 36000000.0,
        "Reconciled Cost Of Revenue": 1570000000.0,
        "EBITDA": 196000000.0,
        "EBIT": 160000000.0,
        "Net Interest Income": -31000000.0,
        "Interest Expense": 31000000.0,
        "Normalized Income": 88627906.976744,
        "Net Income From Continuing And Discontinued Operation": 93000000.0,
        "Total Expenses": 1688000000.0,
        "Total Operating Income As Reported": 166000000.0,
        "Diluted Average Shares": NaN,
        "Basic Average Shares": NaN,
        "Diluted EPS": NaN,
        "Basic EPS": NaN,
        "Diluted NI Availto Com Stockholders": 93000000.0,
        "Average Dilution Earnings": 0.0,
        "Net Income Common Stockholders": 93000000.0,
        "Otherunder Preferred Stock Dividend": 0.0,
        "Net Income": 93000000.0,
        "Minority Interests": -1000000.0,
        "Net Income Including Noncontrolling Interests": 94000000.0,
        "Net Income Continuous Operations": 94000000.0,
        "Tax Provision": 35000000.0,
        "Pretax Income": 129000000.0,
        "Other Income Expense": 30000000.0,
        "Other Non Operating Income Expenses": -6000000.0,
        "Special Income Charges": 6000000.0,
        "Gain On Sale Of Ppe": 6000000.0,
        "Other Special Charges": NaN,
        "Earnings From Equity Interest": 30000000.0,
        "Net Non Operating Interest Income Expense": -31000000.0,
        "Interest Expense Non Operating": 31000000.0,
        "Operating Income": 130000000.0,
        "Operating Expense": 118000000.0,
        "Other Operating Expenses": -3000000.0,
        "Selling General And Administration": 121000000.0,
        "Gross Profit": 248000000.0,
        "Cost Of Revenue": 1570000000.0,
        "Total Revenue": 1818000000.0,
        "Operating Revenue": 1818000000.0
    }
}