{
    "2023-03-31": {
        "Tax Effect Of Unusual Items": NaN,
        "Tax Rate For Calcs": NaN,
        "Normalized EBITDA": NaN,
        "Total Unusual Items": NaN,
        "Total Unusual Items Excluding Goodwill": NaN,
        "Net Income From Continuing Operation Net Minority Interest": NaN,
        "Reconciled Depreciation": NaN,
        "Reconciled Cost Of Revenue": NaN,
        "EBITDA": NaN,
        "EBIT": NaN,
        "Net Interest Income": NaN,
        "Interest Expense": NaN,
        "Normalized Income": NaN,
        "Net Income From Continuing And Discontinued Operation": NaN,
        "Total Expenses": NaN,
        "Diluted Average Shares": NaN,
        "Basic Average Shares": NaN,
        "Diluted EPS": NaN,
        "Basic EPS": NaN,
        "Diluted NI Availto Com Stockholders": NaN,
        "Net Income Common Stockholders": NaN,
        "Net Income": NaN,
        "Net Income Including Noncontrolling Interests": NaN,
        "Net Income Continuous Operations": NaN,
        "Tax Provision": NaN,
        "Pretax Income": NaN,
        "Other Income Expense": NaN,
        "Other Non Operating Income Expenses": NaN,
        "Special Income Charges": NaN,
        "Impairment Of Capital Assets": 0.0,
        "Restructuring And Mergern Acquisition": NaN,
        "Net Non Operating Interest Income Expense": NaN,
        "Interest Expense Non Operating": NaN,
        "Operating Income": NaN,
        "Operating Expense": NaN,
        "Selling General And Administration": NaN,
        "General And Administrative Expense": 783000000.0,
        "Other Gand A": 783000000.0,
        "Gross Profit": NaN,
        "Cost Of Revenue": NaN,
        "Total Revenue": NaN,
        "Operating Revenue": NaN
    },
    "2022-12-31": {
        "Tax Effect Of Unusual Items": NaN,
        "Tax Rate For Calcs": NaN,
        "Normalized EBITDA": NaN,
        "Total Unusual Items": NaN,
        "Total Unusual Items Excluding Goodwill": NaN,
        "Net Income From Continuing Operation Net Minority Interest": NaN,
        "Reconciled Depreciation": NaN,
        "Reconciled Cost Of Revenue": NaN,
        "EBITDA": NaN,
        "EBIT": NaN,
        "Net Interest Income": NaN,
        "Interest Expense": NaN,
        "Normalized Income": NaN,
        "Net Income From Continuing And Discontinued Operation": NaN,
        "Total Expenses": NaN,
        "Diluted Average Shares": NaN,
        "Basic Average Shares": NaN,
        "Diluted EPS": NaN,
        "Basic EPS": NaN,
        "Diluted NI Availto Com Stockholders": NaN,
        "Net Income Common Stockholders": NaN,
        "Net Income": NaN,
        "Net Income Including Noncontrolling Interests": NaN,
        "Net Income Continuous Operations": NaN,
        "Tax Provision": NaN,
        "Pretax Income": NaN,
        "Other Income Expense": NaN,
        "Other Non Operating Income Expenses": NaN,
        "Special Income Charges": NaN,
        "Impairment Of Capital Assets": 0.0,
        "Restructuring And Mergern Acquisition": NaN,
        "Net Non Operating Interest Income Expense": NaN,
        "Interest Expense Non Operating": NaN,
        "Operating Income": NaN,
        "Operating Expense": NaN,
        "Selling General And Administration": NaN,
        "General And Administrative Expense": 731000000.0,
        "Other Gand A": 731000000.0,
        "Salaries And Wages": 10000000.0,
        "Gross Profit": NaN,
        "Cost Of Revenue": NaN,
        "Total Revenue": NaN,
        "Operating Revenue": NaN
    },
    "2022-09-30": {
        "Tax Effect Of Unusual Items": NaN,
        "Tax Rate For Calcs": NaN,
        "Normalized EBITDA": NaN,
        "Total Unusual Items": NaN,
        "Total Unusual Items Excluding Goodwill": NaN,
        "Net Income From Continuing Operation Net Minority Interest": NaN,
        "Reconciled Depreciation": NaN,
        "Reconciled Cost Of Revenue": NaN,
        "EBITDA": NaN,
        "EBIT": NaN,
        "Net Interest Income": NaN,
        "Interest Expense": NaN,
        "Normalized Income": NaN,
        "Net Income From Continuing And Discontinued Operation": NaN,
        "Total Expenses": NaN,
        "Diluted Average Shares": NaN,
        "Basic Average Shares": NaN,
        "Diluted EPS": NaN,
        "Basic EPS": NaN,
        "Diluted NI Availto Com Stockholders": NaN,
        "Net Income Common Stockholders": NaN,
        "Net Income": NaN,
        "Net Income Including Noncontrolling Interests": NaN,
        "Net Income Continuous Operations": NaN,
        "Tax Provision": NaN,
        "Pretax Income": NaN,
        "Other Income Expense": NaN,
        "Other Non Operating Income Expenses": NaN,
        "Special Income Charges": NaN,
        "Impairment Of Capital Assets": NaN,
        "Restructuring And Mergern Acquisition": NaN,
        "Net Non Operating Interest Income Expense": NaN,
        "Interest Expense Non Operating": NaN,
        "Operating Income": NaN,
        "Operating Expense": NaN,
        "Selling General And Administration": NaN,
        "General And Administrative Expense": 706000000.0,
        "Other Gand A": 706000000.0,
        "Salaries And Wages": 3000000.0,
        "Gross Profit": NaN,
        "Cost Of Revenue": NaN,
        "Total Revenue": NaN,
        "Operating Revenue": NaN
    },
    "2022-06-30": {
        "Tax Effect Of Unusual Items": -42800000.0,
        "Tax Rate For Calcs": 0.4,
        "Normalized EBITDA": 249000000.0,
        "Total Unusual Items": -107000000.0,
        "Total Unusual Items Excluding Goodwill": -107000000.0,
        "Net Income From Continuing Operation Net Minority Interest": -250000000.0,
        "Reconciled Depreciation": 327000000.0,
        "Reconciled Cost Of Revenue": 3677000000.0,
        "EBITDA": 142000000.0,
        "EBIT": -185000000.0,
        "Net Interest Income": -20000000.0,
        "Interest Expense": 20000000.0,
        "Normalized Income": -185800000.0,
        "Net Income From Continuing And Discontinued Operation": -250000000.0,
        "Total Expenses": 4371000000.0,
        "Diluted Average Shares": 225300000.0,
        "Basic Average Shares": 225300000.0,
        "Diluted EPS": -1.11,
        "Basic EPS": -1.11,
        "Diluted NI Availto Com Stockholders": -250000000.0,
        "Net Income Common Stockholders": -250000000.0,
        "Net Income": -250000000.0,
        "Net Income Including Noncontrolling Interests": -250000000.0,
        "Net Income Continuous Operations": -250000000.0,
        "Tax Provision": 45000000.0,
        "Pretax Income": -205000000.0,
        "Other Income Expense": -104000000.0,
        "Other Non Operating Income Expenses": 3000000.0,
        "Special Income Charges": -107000000.0,
        "Impairment Of Capital Assets": NaN,
        "Restructuring And Mergern Acquisition": 107000000.0,
        "Net Non Operating Interest Income Expense": -20000000.0,
        "Interest Expense Non Operating": 20000000.0,
        "Operating Income": -83000000.0,
        "Operating Expense": 694000000.0,
        "Selling General And Administration": 694000000.0,
        "General And Administrative Expense": 694000000.0,
        "Other Gand A": 694000000.0,
        "Salaries And Wages": 4000000.0,
        "Gross Profit": 611000000.0,
        "Cost Of Revenue": 3677000000.0,
        "Total Revenue": 4288000000.0,
        "Operating Revenue": 4288000000.0
    },
    "2023-06-30": {
        "Tax Effect Of Unusual Items": NaN,
        "Tax Rate For Calcs": NaN,
        "Normalized EBITDA": NaN,
        "Total Unusual Items": NaN,
        "Total Unusual Items Excluding Goodwill": NaN,
        "Net Income From Continuing Operation Net Minority Interest": NaN,
        "Reconciled Depreciation": NaN,
        "Reconciled Cost Of Revenue": NaN,
        "EBITDA": NaN,
        "EBIT": NaN,
        "Net Interest Income": NaN,
        "Interest Expense": NaN,
        "Normalized Income": NaN,
        "Net Income From Continuing And Discontinued Operation": NaN,
        "Total Expenses": NaN,
        "Diluted Average Shares": NaN,
        "Basic Average Shares": NaN,
        "Diluted EPS": NaN,
        "Basic EPS": NaN,
        "Diluted NI Availto Com Stockholders": NaN,
        "Net Income Common Stockholders": NaN,
        "Net Income": NaN,
        "Net Income Including Noncontrolling Interests": NaN,
        "Net Income Continuous Operations": NaN,
        "Tax Provision": NaN,
        "Pretax Income": NaN,
        "Other Income Expense": NaN,
        "Other Non Operating Income Expenses": -5000000.0,
        "Special Income Charges": NaN,
        "Restructuring And Mergern Acquisition": NaN,
        "Net Non Operating Interest Income Expense": NaN,
        "Interest Expense Non Operating": NaN,
        "Operating Income": NaN,
        "Operating Expense": NaN,
        "Selling General And Administration": NaN,
        "Gross Profit": NaN,
        "Cost Of Revenue": NaN,
        "Total Revenue": NaN,
        "Operating Revenue": NaN
    },
    "2023-09-30": {
        "Tax Effect Of Unusual Items": NaN,
        "Tax Rate For Calcs": NaN,
        "Normalized EBITDA": NaN,
        "Total Unusual Items": NaN,
        "Total Unusual Items Excluding Goodwill": NaN,
        "Net Income From Continuing Operation Net Minority Interest": NaN,
        "Reconciled Depreciation": NaN,
        "Reconciled Cost Of Revenue": NaN,
        "EBITDA": NaN,
        "EBIT": NaN,
        "Net Interest Income": NaN,
        "Interest Expense": NaN,
        "Normalized Income": NaN,
        "Net Income From Continuing And Discontinued Operation": NaN,
        "Total Expenses": NaN,
        "Diluted Average Shares": NaN,
        "Basic Average Shares": NaN,
        "Diluted EPS": NaN,
        "Basic EPS": NaN,
        "Diluted NI Availto Com Stockholders": NaN,
        "Net Income Common Stockholders": NaN,
        "Net Income": NaN,
        "Net Income Including Noncontrolling Interests": NaN,
        "Net Income Continuous Operations": NaN,
        "Tax Provision": NaN,
        "Pretax Income": NaN,
        "Other Income Expense": NaN,
        "Other Non Operating Income Expenses": -8000000.0,
        "Special Income Charges": NaN,
        "Restructuring And Mergern Acquisition": NaN,
        "Net Non Operating Interest Income Expense": NaN,
        "Interest Expense Non Operating": NaN,
        "Operating Income": NaN,
        "Operating Expense": NaN,
        "Selling General And Administration": NaN,
        "Gross Profit": NaN,
        "Cost Of Revenue": NaN,
        "Total Revenue": NaN,
        "Operating Revenue": NaN
    },
    "2023-12-31": {
        "Tax Effect Of Unusual Items": 12180000.0,
        "Tax Rate For Calcs": 0.21,
        "Normalized EBITDA": 320000000.0,
        "Total Unusual Items": 58000000.0,
        "Total Unusual Items Excluding Goodwill": 58000000.0,
        "Net Income From Continuing Operation Net Minority Interest": -12000000.0,
        "Reconciled Depreciation": 294000000.0,
        "Reconciled Cost Of Revenue": 3184000000.0,
        "EBITDA": 378000000.0,
        "EBIT": 84000000.0,
        "Net Interest Income": -31000000.0,
        "Interest Expense": 31000000.0,
        "Normalized Income": -57820000.0,
        "Net Income From Continuing And Discontinued Operation": -12000000.0,
        "Total Expenses": 3889000000.0,
        "Diluted Average Shares": 229600000.0,
        "Basic Average Shares": 229600000.0,
        "Diluted EPS": -0.05,
        "Basic EPS": -0.05,
        "Diluted NI Availto Com Stockholders": -12000000.0,
        "Net Income Common Stockholders": -12000000.0,
        "Net Income": -12000000.0,
        "Net Income Including Noncontrolling Interests": -12000000.0,
        "Net Income Continuous Operations": -12000000.0,
        "Tax Provision": 65000000.0,
        "Pretax Income": 53000000.0,
        "Other Income Expense": 37000000.0,
        "Other Non Operating Income Expenses": -21000000.0,
        "Special Income Charges": 58000000.0,
        "Restructuring And Mergern Acquisition": -58000000.0,
        "Net Non Operating Interest Income Expense": -31000000.0,
        "Interest Expense Non Operating": 31000000.0,
        "Operating Income": 47000000.0,
        "Operating Expense": 705000000.0,
        "Selling General And Administration": 705000000.0,
        "Gross Profit": 752000000.0,
        "Cost Of Revenue": 3184000000.0,
        "Total Revenue": 3936000000.0,
        "Operating Revenue": 3936000000.0
    },
    "2024-03-31": {
        "Tax Effect Of Unusual Items": 7350000.0,
        "Tax Rate For Calcs": 0.21,
        "Normalized EBITDA": 262000000.0,
        "Total Unusual Items": 35000000.0,
        "Total Unusual Items Excluding Goodwill": 35000000.0,
        "Net Income From Continuing Operation Net Minority Interest": -45000000.0,
        "Reconciled Depreciation": 270000000.0,
        "Reconciled Cost Of Revenue": 3134000000.0,
        "EBITDA": 297000000.0,
        "EBIT": 27000000.0,
        "Net Interest Income": -30000000.0,
        "Interest Expense": 30000000.0,
        "Normalized Income": -72650000.0,
        "Net Income From Continuing And Discontinued Operation": -45000000.0,
        "Total Expenses": 3848000000.0,
        "Diluted Average Shares": 230200000.0,
        "Basic Average Shares": 230200000.0,
        "Diluted EPS": -0.2,
        "Basic EPS": -0.2,
        "Diluted NI Availto Com Stockholders": -45000000.0,
        "Net Income Common Stockholders": -45000000.0,
        "Net Income": -45000000.0,
        "Net Income Including Noncontrolling Interests": -44000000.0,
        "Net Income Continuous Operations": -44000000.0,
        "Tax Provision": 41000000.0,
        "Pretax Income": -3000000.0,
        "Other Income Expense": 24000000.0,
        "Other Non Operating Income Expenses": -11000000.0,
        "Special Income Charges": 35000000.0,
        "Restructuring And Mergern Acquisition": -35000000.0,
        "Net Non Operating Interest Income Expense": -30000000.0,
        "Interest Expense Non Operating": 30000000.0,
        "Operating Income": 2000000.0,
        "Operating Expense": 714000000.0,
        "Selling General And Administration": 714000000.0,
        "Gross Profit": 716000000.0,
        "Cost Of Revenue": 3134000000.0,
        "Total Revenue": 3850000000.0,
        "Operating Revenue": 3850000000.0
    },
    "2024-06-30": {
        "Tax Effect Of Unusual Items": -11760000.0,
        "Tax Rate For Calcs": 0.21,
        "Normalized EBITDA": 352000000.0,
        "Total Unusual Items": -56000000.0,
        "Total Unusual Items Excluding Goodwill": -56000000.0,
        "Net Income From Continuing Operation Net Minority Interest": 11000000.0,
        "Reconciled Depreciation": 204000000.0,
        "Reconciled Cost Of Revenue": 2934000000.0,
        "EBITDA": 296000000.0,
        "EBIT": 92000000.0,
        "Net Interest Income": -28000000.0,
        "Interest Expense": 28000000.0,
        "Normalized Income": 55240000.0,
        "Net Income From Continuing And Discontinued Operation": 11000000.0,
        "Total Expenses": 3591000000.0,
        "Diluted Average Shares": 235800000.0,
        "Basic Average Shares": 230500000.0,
        "Diluted EPS": 0.05,
        "Basic EPS": 0.05,
        "Diluted NI Availto Com Stockholders": 11000000.0,
        "Net Income Common Stockholders": 11000000.0,
        "Net Income": 11000000.0,
        "Net Income Including Noncontrolling Interests": 11000000.0,
        "Net Income Continuous Operations": 11000000.0,
        "Tax Provision": 53000000.0,
        "Pretax Income": 64000000.0,
        "Other Income Expense": -56000000.0,
        "Other Non Operating Income Expenses": NaN,
        "Special Income Charges": -56000000.0,
        "Restructuring And Mergern Acquisition": 56000000.0,
        "Net Non Operating Interest Income Expense": -28000000.0,
        "Interest Expense Non Operating": 28000000.0,
        "Operating Income": 148000000.0,
        "Operating Expense": 657000000.0,
        "Selling General And Administration": 657000000.0,
        "Gross Profit": 805000000.0,
        "Cost Of Revenue": 2934000000.0,
        "Total Revenue": 3739000000.0,
        "Operating Revenue": 3739000000.0
    },
    "2024-09-30": {
        "Tax Effect Of Unusual Items": -8190000.0,
        "Tax Rate For Calcs": 0.21,
        "Normalized EBITDA": 302000000.0,
        "Total Unusual Items": -39000000.0,
        "Total Unusual Items Excluding Goodwill": -39000000.0,
        "Net Income From Continuing Operation Net Minority Interest": -43000000.0,
        "Reconciled Depreciation": 243000000.0,
        "Reconciled Cost Of Revenue": 3024000000.0,
        "EBITDA": 263000000.0,
        "EBIT": 20000000.0,
        "Net Interest Income": -25000000.0,
        "Interest Expense": 25000000.0,
        "Normalized Income": -12190000.0,
        "Net Income From Continuing And Discontinued Operation": -43000000.0,
        "Total Expenses": 3671000000.0,
        "Diluted Average Shares": 231600000.0,
        "Basic Average Shares": 231600000.0,
        "Diluted EPS": -0.19,
        "Basic EPS": -0.19,
        "Diluted NI Availto Com Stockholders": -43000000.0,
        "Net Income Common Stockholders": -43000000.0,
        "Net Income": -43000000.0,
        "Net Income Including Noncontrolling Interests": -43000000.0,
        "Net Income Continuous Operations": -43000000.0,
        "Tax Provision": 38000000.0,
        "Pretax Income": -5000000.0,
        "Other Income Expense": -83000000.0,
        "Other Non Operating Income Expenses": -44000000.0,
        "Special Income Charges": -39000000.0,
        "Restructuring And Mergern Acquisition": 39000000.0,
        "Net Non Operating Interest Income Expense": -25000000.0,
        "Interest Expense Non Operating": 25000000.0,
        "Operating Income": 103000000.0,
        "Operating Expense": 647000000.0,
        "Selling General And Administration": 647000000.0,
        "Gross Profit": 750000000.0,
        "Cost Of Revenue": 3024000000.0,
        "Total Revenue": 3774000000.0,
        "Operating Revenue": 3774000000.0
    },
    "2024-12-31": {
        "Tax Effect Of Unusual Items": 21877000.0,
        "Tax Rate For Calcs": 0.167,
        "Normalized EBITDA": 418000000.0,
        "Total Unusual Items": 131000000.0,
        "Total Unusual Items Excluding Goodwill": 131000000.0,
        "Net Income From Continuing Operation Net Minority Interest": 215000000.0,
        "Reconciled Depreciation": 267000000.0,
        "Reconciled Cost Of Revenue": 2981000000.0,
        "EBITDA": 549000000.0,
        "EBIT": 282000000.0,
        "Net Interest Income": -24000000.0,
        "Interest Expense": 24000000.0,
        "Normalized Income": 105877000.0,
        "Net Income From Continuing And Discontinued Operation": 215000000.0,
        "Total Expenses": 3628000000.0,
        "Diluted Average Shares": 240700000.0,
        "Basic Average Shares": 232200000.0,
        "Diluted EPS": 0.89,
        "Basic EPS": 0.93,
        "Diluted NI Availto Com Stockholders": 215000000.0,
        "Net Income Common Stockholders": 215000000.0,
        "Net Income": 215000000.0,
        "Net Income Including Noncontrolling Interests": 215000000.0,
        "Net Income Continuous Operations": 215000000.0,
        "Tax Provision": 43000000.0,
        "Pretax Income": 258000000.0,
        "Other Income Expense": 166000000.0,
        "Other Non Operating Income Expenses": 35000000.0,
        "Special Income Charges": 131000000.0,
        "Restructuring And Mergern Acquisition": -131000000.0,
        "Net Non Operating Interest Income Expense": -24000000.0,
        "Interest Expense Non Operating": 24000000.0,
        "Operating Income": 116000000.0,
        "Operating Expense": 647000000.0,
        "Selling General And Administration": 647000000.0,
        "Gross Profit": 763000000.0,
        "Cost Of Revenue": 2981000000.0,
        "Total Revenue": 3744000000.0,
        "Operating Revenue": 3744000000.0
    }
}