{
    "2023-03-31": {
        "Tax Effect Of Unusual Items": 0.0,
        "Tax Rate For Calcs": 0.0,
        "Normalized EBITDA": -63035000.0,
        "Total Unusual Items": 2576000.0,
        "Total Unusual Items Excluding Goodwill": 2576000.0,
        "Net Income From Continuing Operation Net Minority Interest": -60177000.0,
        "Reconciled Depreciation": 433000.0,
        "EBIT": -60892000.0,
        "Normalized Income": -62753000.0,
        "Net Income From Continuing And Discontinued Operation": -60177000.0,
        "Total Expenses": 62720000.0,
        "Total Operating Income As Reported": -61418000.0,
        "Diluted Average Shares": 70703000.0,
        "Basic Average Shares": 70703000.0,
        "Diluted EPS": -0.85,
        "Basic EPS": -0.85,
        "Diluted NI Availto Com Stockholders": -60177000.0,
        "Net Income Common Stockholders": -60177000.0,
        "Net Income": -60177000.0,
        "Net Income Including Noncontrolling Interests": -60177000.0,
        "Net Income Continuous Operations": -60177000.0,
        "Earnings From Equity Interest Net Of Tax": -1861000.0,
        "Tax Provision": NaN,
        "Pretax Income": -58316000.0,
        "Other Income Expense": 2576000.0,
        "Other Non Operating Income Expenses": NaN,
        "Special Income Charges": -526000.0,
        "Gain On Sale Of Ppe": NaN,
        "Restructuring And Mergern Acquisition": 526000.0,
        "Gain On Sale Of Security": 3102000.0,
        "Operating Income": -60892000.0,
        "Operating Expense": 62720000.0,
        "Depreciation Amortization Depletion Income Statement": 433000.0,
        "Depreciation And Amortization In Income Statement": 433000.0,
        "Amortization": 433000.0,
        "Amortization Of Intangibles Income Statement": 433000.0,
        "Depreciation Income Statement": NaN,
        "Research And Development": 50883000.0,
        "Selling General And Administration": 11404000.0,
        "General And Administrative Expense": 11404000.0,
        "Other Gand A": 11404000.0,
        "Salaries And Wages": 7851000.0,
        "Total Revenue": 1828000.0,
        "Operating Revenue": 1828000.0
    },
    "2022-12-31": {
        "Tax Effect Of Unusual Items": -1928400.0,
        "Tax Rate For Calcs": 0.4,
        "Normalized EBITDA": -47384000.0,
        "Total Unusual Items": -4821000.0,
        "Total Unusual Items Excluding Goodwill": -4821000.0,
        "Net Income From Continuing Operation Net Minority Interest": -62554000.0,
        "Reconciled Depreciation": 433000.0,
        "EBIT": -52638000.0,
        "Normalized Income": -59661400.0,
        "Net Income From Continuing And Discontinued Operation": -62554000.0,
        "Total Expenses": 53150000.0,
        "Total Operating Income As Reported": -59906000.0,
        "Diluted Average Shares": 69217000.0,
        "Basic Average Shares": 69217000.0,
        "Diluted EPS": -0.9,
        "Basic EPS": -0.9,
        "Diluted NI Availto Com Stockholders": -62554000.0,
        "Net Income Common Stockholders": -62554000.0,
        "Net Income": -62554000.0,
        "Net Income Including Noncontrolling Interests": -62554000.0,
        "Net Income Continuous Operations": -62554000.0,
        "Earnings From Equity Interest Net Of Tax": -754000.0,
        "Tax Provision": 4341000.0,
        "Pretax Income": -57459000.0,
        "Other Income Expense": -4821000.0,
        "Other Non Operating Income Expenses": 2447000.0,
        "Special Income Charges": -7268000.0,
        "Gain On Sale Of Ppe": 0.0,
        "Restructuring And Mergern Acquisition": 7268000.0,
        "Gain On Sale Of Security": 2447000.0,
        "Operating Income": -52638000.0,
        "Operating Expense": 53150000.0,
        "Depreciation Amortization Depletion Income Statement": 433000.0,
        "Depreciation And Amortization In Income Statement": 433000.0,
        "Amortization": 433000.0,
        "Amortization Of Intangibles Income Statement": 433000.0,
        "Depreciation Income Statement": NaN,
        "Research And Development": 42952000.0,
        "Selling General And Administration": 9765000.0,
        "General And Administrative Expense": 9765000.0,
        "Other Gand A": 9765000.0,
        "Salaries And Wages": 6336000.0,
        "Total Revenue": 512000.0,
        "Operating Revenue": 512000.0
    },
    "2022-09-30": {
        "Tax Effect Of Unusual Items": 0.0,
        "Tax Rate For Calcs": 0.0,
        "Normalized EBITDA": -40927000.0,
        "Total Unusual Items": -7741000.0,
        "Total Unusual Items Excluding Goodwill": -7741000.0,
        "Net Income From Continuing Operation Net Minority Interest": -55979000.0,
        "Reconciled Depreciation": 1269000.0,
        "EBIT": -49937000.0,
        "Normalized Income": -48238000.0,
        "Net Income From Continuing And Discontinued Operation": -55979000.0,
        "Total Expenses": 52438000.0,
        "Total Operating Income As Reported": -57678000.0,
        "Diluted Average Shares": 67779000.0,
        "Basic Average Shares": 67779000.0,
        "Diluted EPS": -0.83,
        "Basic EPS": -0.83,
        "Diluted NI Availto Com Stockholders": -55979000.0,
        "Net Income Common Stockholders": -55979000.0,
        "Net Income": -55979000.0,
        "Net Income Including Noncontrolling Interests": -55979000.0,
        "Net Income Continuous Operations": -55979000.0,
        "Earnings From Equity Interest Net Of Tax": 9000.0,
        "Tax Provision": 0.0,
        "Pretax Income": -55988000.0,
        "Other Income Expense": -6051000.0,
        "Other Non Operating Income Expenses": 1690000.0,
        "Special Income Charges": -7741000.0,
        "Gain On Sale Of Ppe": 0.0,
        "Restructuring And Mergern Acquisition": 7741000.0,
        "Gain On Sale Of Security": NaN,
        "Operating Income": -49937000.0,
        "Operating Expense": 52438000.0,
        "Depreciation Amortization Depletion Income Statement": 431000.0,
        "Depreciation And Amortization In Income Statement": 431000.0,
        "Amortization": 431000.0,
        "Amortization Of Intangibles Income Statement": 431000.0,
        "Depreciation Income Statement": NaN,
        "Research And Development": 41984000.0,
        "Selling General And Administration": 10023000.0,
        "General And Administrative Expense": 10023000.0,
        "Other Gand A": 4258000.0,
        "Salaries And Wages": 5765000.0,
        "Total Revenue": 2501000.0,
        "Operating Revenue": 2501000.0
    },
    "2022-06-30": {
        "Tax Effect Of Unusual Items": 0.0,
        "Tax Rate For Calcs": 0.0,
        "Normalized EBITDA": -39388000.0,
        "Total Unusual Items": 1984000.0,
        "Total Unusual Items Excluding Goodwill": 1984000.0,
        "Net Income From Continuing Operation Net Minority Interest": -37648000.0,
        "Reconciled Depreciation": 1265000.0,
        "EBIT": -38669000.0,
        "Normalized Income": -39632000.0,
        "Net Income From Continuing And Discontinued Operation": -37648000.0,
        "Total Expenses": 39087000.0,
        "Total Operating Income As Reported": -36685000.0,
        "Diluted Average Shares": 61983000.0,
        "Basic Average Shares": 61983000.0,
        "Diluted EPS": -0.61,
        "Basic EPS": -0.61,
        "Diluted NI Availto Com Stockholders": -37648000.0,
        "Net Income Common Stockholders": -37648000.0,
        "Net Income": -37648000.0,
        "Net Income Including Noncontrolling Interests": -37648000.0,
        "Net Income Continuous Operations": -37648000.0,
        "Earnings From Equity Interest Net Of Tax": -1730000.0,
        "Tax Provision": 0.0,
        "Pretax Income": -35918000.0,
        "Other Income Expense": 2751000.0,
        "Other Non Operating Income Expenses": 767000.0,
        "Special Income Charges": 1984000.0,
        "Gain On Sale Of Ppe": 0.0,
        "Restructuring And Mergern Acquisition": -1984000.0,
        "Gain On Sale Of Security": 1984000.0,
        "Operating Income": -38669000.0,
        "Operating Expense": 39087000.0,
        "Depreciation Amortization Depletion Income Statement": 429000.0,
        "Depreciation And Amortization In Income Statement": 429000.0,
        "Amortization": 429000.0,
        "Amortization Of Intangibles Income Statement": 429000.0,
        "Depreciation Income Statement": NaN,
        "Research And Development": 30023000.0,
        "Selling General And Administration": 8635000.0,
        "General And Administrative Expense": 8635000.0,
        "Other Gand A": 3808000.0,
        "Salaries And Wages": 4827000.0,
        "Total Revenue": 418000.0,
        "Operating Revenue": 418000.0
    },
    "2022-03-31": {
        "Diluted EPS": -0.54,
        "Total Revenue": 3,
        "Gross Profit": 3,
        "Operating Income": -31,
        "EBIT": -29,
        "Net Income": -32
    },
    "2021-12-31": {
        "Diluted EPS": 0.28,
        "Total Revenue": 51,
        "Gross Profit": 51,
        "Operating Income": 12,
        "EBIT": 14,
        "Net Income": 8
    },
    "2021-09-30": {
        "Diluted EPS": -0.69,
        "Total Revenue": 0,
        "Gross Profit": 0,
        "Operating Income": -31,
        "EBIT": -30,
        "Net Income": -31
    },
    "2021-06-30": {
        "Diluted EPS": -0.97,
        "Total Revenue": 0,
        "Gross Profit": 0,
        "Operating Income": -43,
        "EBIT": -42,
        "Net Income": -43
    },
    "2021-03-31": {
        "Diluted EPS": -0.88,
        "Total Revenue": 0,
        "Gross Profit": 0,
        "Operating Income": -37,
        "EBIT": -36,
        "Net Income": -37
    },
    "2020-12-31": {
        "Diluted EPS": -1.24,
        "Total Revenue": 1,
        "Gross Profit": 1,
        "Operating Income": -34,
        "EBIT": -33,
        "Net Income": -50
    },
    "2020-09-30": {
        "Diluted EPS": -4.5,
        "Total Revenue": NaN,
        "Gross Profit": NaN,
        "Operating Income": -10,
        "EBIT": -10,
        "Net Income": -19
    },
    "2020-06-30": {
        "Diluted EPS": -1.87,
        "Total Revenue": NaN,
        "Gross Profit": NaN,
        "Operating Income": -8,
        "EBIT": -8,
        "Net Income": -8
    },
    "2020-03-31": {
        "Diluted EPS": -1.25,
        "Total Revenue": NaN,
        "Gross Profit": NaN,
        "Operating Income": -4,
        "EBIT": -4,
        "Net Income": -5
    },
    "2019-12-31": {
        "Diluted EPS": -21.57,
        "Total Revenue": NaN,
        "Gross Profit": NaN,
        "Operating Income": 63,
        "EBIT": 56,
        "Net Income": 16
    },
    "2019-09-30": {
        "Diluted EPS": -1.31,
        "Total Revenue": 5,
        "Gross Profit": 5,
        "Operating Income": -25,
        "EBIT": -19,
        "Net Income": -21
    },
    "2019-06-30": {
        "Diluted EPS": -1.15,
        "Total Revenue": 5,
        "Gross Profit": 5,
        "Operating Income": -20,
        "EBIT": -19,
        "Net Income": -19
    },
    "2019-03-31": {
        "Diluted EPS": -1.45,
        "Total Revenue": 4,
        "Gross Profit": 4,
        "Operating Income": -25,
        "EBIT": -24,
        "Net Income": -23
    },
    "2018-12-31": {
        "Diluted EPS": -1.65,
        "Total Revenue": 3,
        "Gross Profit": 3,
        "Operating Income": -28,
        "EBIT": -23,
        "Net Income": -26
    },
    "2018-09-30": {
        "Diluted EPS": -1.45,
        "Total Revenue": 3,
        "Gross Profit": 3,
        "Operating Income": -25,
        "EBIT": -24,
        "Net Income": -23
    },
    "2018-06-30": {
        "Diluted EPS": -1.55,
        "Total Revenue": 3,
        "Gross Profit": 3,
        "Operating Income": -26,
        "EBIT": -25,
        "Net Income": -24
    },
    "2018-03-31": {
        "Diluted EPS": -1.4,
        "Total Revenue": 7,
        "Gross Profit": 7,
        "Operating Income": -23,
        "EBIT": -22,
        "Net Income": -21
    },
    "2017-12-31": {
        "Diluted EPS": -1.7,
        "Total Revenue": 4,
        "Gross Profit": 4,
        "Operating Income": -28,
        "EBIT": -27,
        "Net Income": -26
    },
    "2017-09-30": {
        "Diluted EPS": -1.65,
        "Total Revenue": 4,
        "Gross Profit": 4,
        "Operating Income": -29,
        "EBIT": -28,
        "Net Income": -25
    },
    "2017-06-30": {
        "Diluted EPS": -1.35,
        "Total Revenue": 6,
        "Gross Profit": 6,
        "Operating Income": -24,
        "EBIT": -23,
        "Net Income": -19
    },
    "2017-03-31": {
        "Diluted EPS": -1.6,
        "Total Revenue": 4,
        "Gross Profit": 4,
        "Operating Income": -25,
        "EBIT": -24,
        "Net Income": -22
    },
    "2016-12-31": {
        "Diluted EPS": -2.2,
        "Total Revenue": 4,
        "Gross Profit": 4,
        "Operating Income": -25,
        "EBIT": -24,
        "Net Income": -30
    },
    "2016-09-30": {
        "Diluted EPS": -2.7,
        "Total Revenue": 4,
        "Gross Profit": 4,
        "Operating Income": -24,
        "EBIT": -23,
        "Net Income": -35
    },
    "2016-06-30": {
        "Diluted EPS": 0.15,
        "Total Revenue": 39,
        "Gross Profit": 39,
        "Operating Income": 3,
        "EBIT": 4,
        "Net Income": 2
    },
    "2016-03-31": {
        "Diluted EPS": -2.25,
        "Total Revenue": 4,
        "Gross Profit": 4,
        "Operating Income": -26,
        "EBIT": -25,
        "Net Income": -29
    },
    "2015-12-31": {
        "Diluted EPS": 197.9,
        "Total Revenue": 34,
        "Gross Profit": 34,
        "Operating Income": 3,
        "EBIT": 4,
        "Net Income": 3
    },
    "2015-09-30": {
        "Diluted EPS": 0.05,
        "Total Revenue": 19,
        "Gross Profit": 19,
        "Operating Income": 0,
        "EBIT": 1,
        "Net Income": 1
    },
    "2015-06-30": {
        "Diluted EPS": -2.5,
        "Total Revenue": 10,
        "Gross Profit": 10,
        "Operating Income": -10,
        "EBIT": -9,
        "Net Income": -26
    },
    "2015-03-31": {
        "Diluted EPS": -199.85,
        "Total Revenue": 10,
        "Gross Profit": 10,
        "Operating Income": -7,
        "EBIT": -7,
        "Net Income": -17
    },
    "2014-12-31": {
        "Diluted EPS": -1.05,
        "Total Revenue": 10,
        "Gross Profit": 10,
        "Operating Income": -1,
        "EBIT": -1,
        "Net Income": -1
    },
    "2014-09-30": {
        "Diluted EPS": -71.2,
        "Total Revenue": 2,
        "Gross Profit": 2,
        "Operating Income": -5,
        "EBIT": -5,
        "Net Income": -5
    },
    "2014-06-30": {
        "Diluted EPS": -61.35,
        "Total Revenue": 1,
        "Gross Profit": 1,
        "Operating Income": -7,
        "EBIT": -7,
        "Net Income": -4
    },
    "2014-03-31": {
        "Diluted EPS": -131.7,
        "Total Revenue": 0,
        "Gross Profit": 0,
        "Operating Income": -6,
        "EBIT": -6,
        "Net Income": -8
    },
    "2013-12-31": {
        "Diluted EPS": 0.0,
        "Total Revenue": NaN,
        "Gross Profit": NaN,
        "Operating Income": NaN,
        "EBIT": NaN,
        "Net Income": NaN
    },
    "2023-06-30": {
        "Tax Effect Of Unusual Items": 0.0,
        "Tax Rate For Calcs": 0.0,
        "Normalized EBITDA": -69898000.0,
        "Total Unusual Items": 1427000.0,
        "Total Unusual Items Excluding Goodwill": 1427000.0,
        "Net Income From Continuing Operation Net Minority Interest": -66944000.0,
        "Reconciled Depreciation": 1912000.0,
        "EBIT": -70383000.0,
        "Normalized Income": -68371000.0,
        "Net Income From Continuing And Discontinued Operation": -66944000.0,
        "Total Expenses": 71391000.0,
        "Total Operating Income As Reported": -72626000.0,
        "Diluted Average Shares": 71592000.0,
        "Basic Average Shares": 71592000.0,
        "Diluted EPS": -0.94,
        "Basic EPS": -0.94,
        "Diluted NI Availto Com Stockholders": -66944000.0,
        "Net Income Common Stockholders": -66944000.0,
        "Net Income": -66944000.0,
        "Net Income Including Noncontrolling Interests": -66944000.0,
        "Net Income Continuous Operations": -66944000.0,
        "Earnings From Equity Interest Net Of Tax": 2012000.0,
        "Tax Provision": NaN,
        "Pretax Income": -68956000.0,
        "Other Income Expense": 1427000.0,
        "Other Non Operating Income Expenses": NaN,
        "Special Income Charges": -2243000.0,
        "Gain On Sale Of Ppe": NaN,
        "Restructuring And Mergern Acquisition": 2243000.0,
        "Gain On Sale Of Security": 3670000.0,
        "Operating Income": -70383000.0,
        "Operating Expense": 71391000.0,
        "Depreciation Amortization Depletion Income Statement": 502000.0,
        "Depreciation And Amortization In Income Statement": 502000.0,
        "Amortization": 433000.0,
        "Amortization Of Intangibles Income Statement": 433000.0,
        "Depreciation Income Statement": 69000.0,
        "Research And Development": 57897000.0,
        "Selling General And Administration": 12992000.0,
        "General And Administrative Expense": 12992000.0,
        "Other Gand A": 4554000.0,
        "Salaries And Wages": 8438000.0,
        "Total Revenue": 1008000.0,
        "Operating Revenue": 1008000.0
    }
}