{
    "2023-03-31": {
        "Tax Effect Of Unusual Items": -99212.598425,
        "Tax Rate For Calcs": 0.141732,
        "Normalized EBITDA": 26900000.0,
        "Total Unusual Items": -700000.0,
        "Total Unusual Items Excluding Goodwill": -700000.0,
        "Net Income From Continuing Operation Net Minority Interest": 10900000.0,
        "Reconciled Depreciation": 12700000.0,
        "Reconciled Cost Of Revenue": 1014200000.0,
        "EBITDA": 26200000.0,
        "EBIT": 13500000.0,
        "Net Interest Income": 600000.0,
        "Interest Expense": 800000.0,
        "Interest Income": 1400000.0,
        "Normalized Income": 11500787.401575,
        "Net Income From Continuing And Discontinued Operation": 10900000.0,
        "Total Expenses": 1257600000.0,
        "Total Operating Income As Reported": 10700000.0,
        "Diluted Average Shares": 37400000.0,
        "Basic Average Shares": 37100000.0,
        "Diluted EPS": 0.29,
        "Basic EPS": 0.29,
        "Diluted NI Availto Com Stockholders": 10700000.0,
        "Net Income Common Stockholders": 10700000.0,
        "Otherunder Preferred Stock Dividend": 200000.0,
        "Net Income": 10900000.0,
        "Net Income Including Noncontrolling Interests": 10900000.0,
        "Net Income Continuous Operations": 10900000.0,
        "Earnings From Equity Interest Net Of Tax": 0.0,
        "Tax Provision": 1800000.0,
        "Pretax Income": 12700000.0,
        "Other Income Expense": 1400000.0,
        "Other Non Operating Income Expenses": 2100000.0,
        "Special Income Charges": 0.0,
        "Gain On Sale Of Ppe": 0.0,
        "Gain On Sale Of Business": 0.0,
        "Impairment Of Capital Assets": NaN,
        "Earnings From Equity Interest": 0.0,
        "Gain On Sale Of Security": -700000.0,
        "Net Non Operating Interest Income Expense": 600000.0,
        "Interest Expense Non Operating": 800000.0,
        "Interest Income Non Operating": 1400000.0,
        "Operating Income": 10700000.0,
        "Operating Expense": 243400000.0,
        "Selling General And Administration": 243400000.0,
        "Gross Profit": 254100000.0,
        "Cost Of Revenue": 1014200000.0,
        "Total Revenue": 1268300000.0,
        "Operating Revenue": 1268300000.0
    },
    "2022-12-31": {
        "Tax Effect Of Unusual Items": -2163000.0,
        "Tax Rate For Calcs": 0.21,
        "Normalized EBITDA": 28100000.0,
        "Total Unusual Items": -10300000.0,
        "Total Unusual Items Excluding Goodwill": -10300000.0,
        "Net Income From Continuing Operation Net Minority Interest": -900000.0,
        "Reconciled Depreciation": 13000000.0,
        "Reconciled Cost Of Revenue": 983600000.0,
        "EBITDA": 17800000.0,
        "EBIT": 4800000.0,
        "Net Interest Income": 600000.0,
        "Interest Expense": 500000.0,
        "Interest Income": 1100000.0,
        "Normalized Income": 7237000.0,
        "Net Income From Continuing And Discontinued Operation": -900000.0,
        "Total Expenses": 1219800000.0,
        "Total Operating Income As Reported": 4600000.0,
        "Diluted Average Shares": 37900000.0,
        "Basic Average Shares": 37900000.0,
        "Diluted EPS": -0.02,
        "Basic EPS": -0.02,
        "Diluted NI Availto Com Stockholders": -900000.0,
        "Net Income Common Stockholders": -900000.0,
        "Otherunder Preferred Stock Dividend": 0.0,
        "Net Income": -900000.0,
        "Net Income Including Noncontrolling Interests": -900000.0,
        "Net Income Continuous Operations": -900000.0,
        "Earnings From Equity Interest Net Of Tax": 0.0,
        "Tax Provision": 5200000.0,
        "Pretax Income": 4300000.0,
        "Other Income Expense": -10300000.0,
        "Other Non Operating Income Expenses": 0.0,
        "Special Income Charges": 11000000.0,
        "Gain On Sale Of Ppe": 900000.0,
        "Gain On Sale Of Business": 0.0,
        "Impairment Of Capital Assets": 10300000.0,
        "Earnings From Equity Interest": 0.0,
        "Gain On Sale Of Security": -21300000.0,
        "Net Non Operating Interest Income Expense": 600000.0,
        "Interest Expense Non Operating": 500000.0,
        "Interest Income Non Operating": 1100000.0,
        "Operating Income": 14000000.0,
        "Operating Expense": 236200000.0,
        "Selling General And Administration": 236200000.0,
        "Gross Profit": 250200000.0,
        "Cost Of Revenue": 983600000.0,
        "Total Revenue": 1233800000.0,
        "Operating Revenue": 1233800000.0
    },
    "2022-09-30": {
        "Tax Effect Of Unusual Items": -7264150.943396,
        "Tax Rate For Calcs": 0.235849,
        "Normalized EBITDA": 23100000.0,
        "Total Unusual Items": -30800000.0,
        "Total Unusual Items Excluding Goodwill": -30800000.0,
        "Net Income From Continuing Operation Net Minority Interest": -16200000.0,
        "Reconciled Depreciation": 13000000.0,
        "Reconciled Cost Of Revenue": 927300000.0,
        "EBITDA": -7700000.0,
        "EBIT": -20700000.0,
        "Net Interest Income": 200000.0,
        "Interest Expense": 500000.0,
        "Interest Income": 700000.0,
        "Normalized Income": 7335849.056604,
        "Net Income From Continuing And Discontinued Operation": -16200000.0,
        "Total Expenses": 1158400000.0,
        "Total Operating Income As Reported": -21400000.0,
        "Diluted Average Shares": 37900000.0,
        "Basic Average Shares": 37900000.0,
        "Diluted EPS": -0.43,
        "Basic EPS": -0.43,
        "Diluted NI Availto Com Stockholders": -16200000.0,
        "Net Income Common Stockholders": -16200000.0,
        "Otherunder Preferred Stock Dividend": 0.0,
        "Net Income": -16200000.0,
        "Net Income Including Noncontrolling Interests": -16200000.0,
        "Net Income Continuous Operations": -16200000.0,
        "Earnings From Equity Interest Net Of Tax": 0.0,
        "Tax Provision": -5000000.0,
        "Pretax Income": -21200000.0,
        "Other Income Expense": -30900000.0,
        "Other Non Operating Income Expenses": -100000.0,
        "Special Income Charges": -30900000.0,
        "Gain On Sale Of Ppe": 0.0,
        "Gain On Sale Of Business": -200000.0,
        "Impairment Of Capital Assets": 30700000.0,
        "Earnings From Equity Interest": 0.0,
        "Gain On Sale Of Security": 100000.0,
        "Net Non Operating Interest Income Expense": 200000.0,
        "Interest Expense Non Operating": 500000.0,
        "Interest Income Non Operating": 700000.0,
        "Operating Income": 9500000.0,
        "Operating Expense": 231100000.0,
        "Selling General And Administration": 231100000.0,
        "Gross Profit": 240600000.0,
        "Cost Of Revenue": 927300000.0,
        "Total Revenue": 1167900000.0,
        "Operating Revenue": 1167900000.0
    },
    "2022-06-30": {
        "Tax Effect Of Unusual Items": -5280000.0,
        "Tax Rate For Calcs": 0.4,
        "Normalized EBITDA": 34200000.0,
        "Total Unusual Items": -13200000.0,
        "Total Unusual Items Excluding Goodwill": -13200000.0,
        "Net Income From Continuing Operation Net Minority Interest": 2200000.0,
        "Reconciled Depreciation": 13400000.0,
        "Reconciled Cost Of Revenue": 1004900000.0,
        "EBITDA": 21000000.0,
        "EBIT": 7600000.0,
        "Net Interest Income": -100000.0,
        "Interest Expense": 500000.0,
        "Interest Income": 400000.0,
        "Normalized Income": 10120000.0,
        "Net Income From Continuing And Discontinued Operation": 2200000.0,
        "Total Expenses": 1245000000.0,
        "Total Operating Income As Reported": 8200000.0,
        "Diluted Average Shares": 38200000.0,
        "Basic Average Shares": 37900000.0,
        "Diluted EPS": 0.06,
        "Basic EPS": 0.06,
        "Diluted NI Availto Com Stockholders": 2200000.0,
        "Net Income Common Stockholders": 2200000.0,
        "Otherunder Preferred Stock Dividend": 0.0,
        "Net Income": 2200000.0,
        "Net Income Including Noncontrolling Interests": 2200000.0,
        "Net Income Continuous Operations": 2200000.0,
        "Earnings From Equity Interest Net Of Tax": 0.0,
        "Tax Provision": 4900000.0,
        "Pretax Income": 7100000.0,
        "Other Income Expense": -15100000.0,
        "Other Non Operating Income Expenses": -1900000.0,
        "Special Income Charges": -14100000.0,
        "Gain On Sale Of Ppe": 4400000.0,
        "Gain On Sale Of Business": NaN,
        "Impairment Of Capital Assets": 18500000.0,
        "Earnings From Equity Interest": 0.0,
        "Gain On Sale Of Security": 900000.0,
        "Net Non Operating Interest Income Expense": -100000.0,
        "Interest Expense Non Operating": 500000.0,
        "Interest Income Non Operating": 400000.0,
        "Operating Income": 22300000.0,
        "Operating Expense": 240100000.0,
        "Selling General And Administration": 240100000.0,
        "Gross Profit": 262400000.0,
        "Cost Of Revenue": 1004900000.0,
        "Total Revenue": 1267300000.0,
        "Operating Revenue": 1267300000.0
    },
    "2022-03-31": {
        "Diluted EPS": -1.23,
        "Total Revenue": NaN,
        "Gross Profit": 259,
        "Operating Income": 23,
        "EBIT": 36,
        "Net Income": -48
    },
    "2021-12-31": {
        "Diluted EPS": 1.8,
        "Total Revenue": NaN,
        "Gross Profit": 246,
        "Operating Income": 15,
        "EBIT": 44,
        "Net Income": 70
    },
    "2021-09-30": {
        "Diluted EPS": 0.87,
        "Total Revenue": NaN,
        "Gross Profit": 229,
        "Operating Income": 9,
        "EBIT": 6,
        "Net Income": 35
    },
    "2021-06-30": {
        "Diluted EPS": 0.6,
        "Total Revenue": NaN,
        "Gross Profit": 231,
        "Operating Income": 14,
        "EBIT": 27,
        "Net Income": 24
    },
    "2021-03-31": {
        "Diluted EPS": 0.64,
        "Total Revenue": NaN,
        "Gross Profit": 213,
        "Operating Income": 11,
        "EBIT": 22,
        "Net Income": 26
    },
    "2020-12-31": {
        "Diluted EPS": 0.62,
        "Total Revenue": NaN,
        "Gross Profit": 224,
        "Operating Income": 10,
        "EBIT": 21,
        "Net Income": 24
    },
    "2020-09-30": {
        "Diluted EPS": 0.42,
        "Total Revenue": NaN,
        "Gross Profit": 191,
        "Operating Income": -2,
        "EBIT": 9,
        "Net Income": 17
    },
    "2020-06-30": {
        "Diluted EPS": 1.04,
        "Total Revenue": 975,
        "Gross Profit": 189,
        "Operating Income": 11,
        "EBIT": 22,
        "Net Income": 41
    },
    "2020-03-31": {
        "Diluted EPS": -3.91,
        "Total Revenue": NaN,
        "Gross Profit": 223,
        "Operating Income": -112,
        "EBIT": 47,
        "Net Income": -153
    },
    "2019-12-31": {
        "Diluted EPS": 0.43,
        "Total Revenue": NaN,
        "Gross Profit": 245,
        "Operating Income": 13,
        "EBIT": 26,
        "Net Income": 17
    },
    "2019-09-30": {
        "Diluted EPS": -0.27,
        "Total Revenue": NaN,
        "Gross Profit": 228,
        "Operating Income": 17,
        "EBIT": 31,
        "Net Income": -11
    },
    "2019-06-30": {
        "Diluted EPS": 2.12,
        "Total Revenue": NaN,
        "Gross Profit": 244,
        "Operating Income": 35,
        "EBIT": 49,
        "Net Income": 83
    },
    "2019-03-31": {
        "Diluted EPS": 0.56,
        "Total Revenue": NaN,
        "Gross Profit": 252,
        "Operating Income": 17,
        "EBIT": 30,
        "Net Income": 22
    },
    "2018-12-31": {
        "Diluted EPS": -0.6,
        "Total Revenue": NaN,
        "Gross Profit": 254,
        "Operating Income": 33,
        "EBIT": 40,
        "Net Income": -24
    },
    "2018-09-30": {
        "Diluted EPS": 0.84,
        "Total Revenue": NaN,
        "Gross Profit": 239,
        "Operating Income": 22,
        "EBIT": 29,
        "Net Income": 33
    },
    "2018-06-30": {
        "Diluted EPS": -0.4,
        "Total Revenue": NaN,
        "Gross Profit": 241,
        "Operating Income": 20,
        "EBIT": 27,
        "Net Income": -15
    },
    "2018-03-31": {
        "Diluted EPS": 0.74,
        "Total Revenue": NaN,
        "Gross Profit": 238,
        "Operating Income": 12,
        "EBIT": 18,
        "Net Income": 29
    },
    "2017-12-31": {
        "Diluted EPS": 0.45,
        "Total Revenue": NaN,
        "Gross Profit": 263,
        "Operating Income": 28,
        "EBIT": 35,
        "Net Income": 17
    },
    "2017-09-30": {
        "Diluted EPS": 0.58,
        "Total Revenue": NaN,
        "Gross Profit": 231,
        "Operating Income": 18,
        "EBIT": 24,
        "Net Income": 23
    },
    "2017-06-30": {
        "Diluted EPS": 0.47,
        "Total Revenue": NaN,
        "Gross Profit": 229,
        "Operating Income": 20,
        "EBIT": 26,
        "Net Income": 19
    },
    "2017-03-31": {
        "Diluted EPS": 0.31,
        "Total Revenue": NaN,
        "Gross Profit": 232,
        "Operating Income": 16,
        "EBIT": 22,
        "Net Income": 12
    },
    "2016-12-31": {
        "Diluted EPS": 0.5,
        "Total Revenue": NaN,
        "Gross Profit": 228,
        "Operating Income": 20,
        "EBIT": 25,
        "Net Income": 17
    },
    "2016-09-30": {
        "Diluted EPS": 2.06,
        "Total Revenue": NaN,
        "Gross Profit": 215,
        "Operating Income": 19,
        "EBIT": 24,
        "Net Income": 81
    },
    "2016-06-30": {
        "Diluted EPS": 0.23,
        "Total Revenue": NaN,
        "Gross Profit": 231,
        "Operating Income": 10,
        "EBIT": 15,
        "Net Income": 9
    },
    "2016-03-31": {
        "Diluted EPS": 0.29,
        "Total Revenue": NaN,
        "Gross Profit": 233,
        "Operating Income": 15,
        "EBIT": 20,
        "Net Income": 11
    },
    "2015-12-31": {
        "Diluted EPS": 0.88,
        "Total Revenue": NaN,
        "Gross Profit": 250,
        "Operating Income": 27,
        "EBIT": 32,
        "Net Income": 33
    },
    "2015-09-30": {
        "Diluted EPS": 0.23,
        "Total Revenue": NaN,
        "Gross Profit": 228,
        "Operating Income": 17,
        "EBIT": 22,
        "Net Income": 9
    },
    "2015-06-30": {
        "Diluted EPS": 0.18,
        "Total Revenue": NaN,
        "Gross Profit": 222,
        "Operating Income": 12,
        "EBIT": 17,
        "Net Income": 7
    },
    "2015-03-31": {
        "Diluted EPS": 0.1,
        "Total Revenue": NaN,
        "Gross Profit": 220,
        "Operating Income": 12,
        "EBIT": 18,
        "Net Income": 4
    },
    "2014-12-31": {
        "Diluted EPS": 0.44,
        "Total Revenue": NaN,
        "Gross Profit": 233,
        "Operating Income": 3,
        "EBIT": 8,
        "Net Income": 16
    },
    "2014-09-30": {
        "Diluted EPS": 0.03,
        "Total Revenue": NaN,
        "Gross Profit": 225,
        "Operating Income": 7,
        "EBIT": 13,
        "Net Income": 1
    },
    "2014-06-30": {
        "Diluted EPS": 0.07,
        "Total Revenue": NaN,
        "Gross Profit": 228,
        "Operating Income": 6,
        "EBIT": 11,
        "Net Income": 3
    },
    "2014-03-31": {
        "Diluted EPS": 0.07,
        "Total Revenue": NaN,
        "Gross Profit": 222,
        "Operating Income": 6,
        "EBIT": 12,
        "Net Income": 3
    },
    "2013-12-31": {
        "Diluted EPS": 0.45,
        "Total Revenue": NaN,
        "Gross Profit": 232,
        "Operating Income": 10,
        "EBIT": 15,
        "Net Income": 16
    },
    "2013-09-30": {
        "Diluted EPS": 0.49,
        "Total Revenue": NaN,
        "Gross Profit": 220,
        "Operating Income": 20,
        "EBIT": 25,
        "Net Income": 19
    },
    "2013-06-30": {
        "Diluted EPS": 0.26,
        "Total Revenue": NaN,
        "Gross Profit": 221,
        "Operating Income": 16,
        "EBIT": 22,
        "Net Income": 10
    },
    "2013-03-31": {
        "Diluted EPS": 0.34,
        "Total Revenue": NaN,
        "Gross Profit": 217,
        "Operating Income": 7,
        "EBIT": 12,
        "Net Income": 13
    },
    "2012-12-31": {
        "Diluted EPS": 0.23,
        "Total Revenue": NaN,
        "Gross Profit": 222,
        "Operating Income": 10,
        "EBIT": 15,
        "Net Income": 9
    },
    "2012-09-30": {
        "Diluted EPS": 0.43,
        "Total Revenue": NaN,
        "Gross Profit": 228,
        "Operating Income": 24,
        "EBIT": 29,
        "Net Income": 16
    },
    "2012-06-30": {
        "Diluted EPS": 0.4,
        "Total Revenue": NaN,
        "Gross Profit": 223,
        "Operating Income": 24,
        "EBIT": 30,
        "Net Income": 15
    },
    "2012-03-31": {
        "Diluted EPS": 0.26,
        "Total Revenue": NaN,
        "Gross Profit": 224,
        "Operating Income": 15,
        "EBIT": 20,
        "Net Income": 10
    },
    "2011-12-31": {
        "Diluted EPS": 0.64,
        "Total Revenue": NaN,
        "Gross Profit": 224,
        "Operating Income": 13,
        "EBIT": 20,
        "Net Income": 23
    },
    "2011-09-30": {
        "Diluted EPS": 0.52,
        "Total Revenue": NaN,
        "Gross Profit": 226,
        "Operating Income": 22,
        "EBIT": 30,
        "Net Income": 19
    },
    "2011-06-30": {
        "Diluted EPS": 0.5,
        "Total Revenue": NaN,
        "Gross Profit": 222,
        "Operating Income": 21,
        "EBIT": 29,
        "Net Income": 19
    },
    "2011-03-31": {
        "Diluted EPS": 0.03,
        "Total Revenue": NaN,
        "Gross Profit": 211,
        "Operating Income": 2,
        "EBIT": 10,
        "Net Income": 1
    },
    "2010-12-31": {
        "Diluted EPS": 0.4,
        "Total Revenue": NaN,
        "Gross Profit": 209,
        "Operating Income": 17,
        "EBIT": 25,
        "Net Income": 14
    },
    "2010-09-30": {
        "Diluted EPS": 0.26,
        "Total Revenue": NaN,
        "Gross Profit": 207,
        "Operating Income": 14,
        "EBIT": 23,
        "Net Income": 10
    },
    "2010-06-30": {
        "Diluted EPS": 0.11,
        "Total Revenue": NaN,
        "Gross Profit": 191,
        "Operating Income": 9,
        "EBIT": 17,
        "Net Income": 4
    },
    "2010-03-31": {
        "Diluted EPS": -0.06,
        "Total Revenue": NaN,
        "Gross Profit": 180,
        "Operating Income": -2,
        "EBIT": 8,
        "Net Income": -2
    },
    "2009-12-31": {
        "Diluted EPS": -0.23,
        "Total Revenue": NaN,
        "Gross Profit": 188,
        "Operating Income": -13,
        "EBIT": -3,
        "Net Income": -8
    },
    "2009-09-30": {
        "Diluted EPS": -0.43,
        "Total Revenue": NaN,
        "Gross Profit": 166,
        "Operating Income": -28,
        "EBIT": -18,
        "Net Income": -15
    },
    "2009-06-30": {
        "Diluted EPS": -1.89,
        "Total Revenue": NaN,
        "Gross Profit": 172,
        "Operating Income": -75,
        "EBIT": -64,
        "Net Income": -66
    },
    "2009-03-31": {
        "Diluted EPS": -0.45,
        "Total Revenue": NaN,
        "Gross Profit": 176,
        "Operating Income": -31,
        "EBIT": -20,
        "Net Income": -16
    },
    "2023-06-30": {
        "Tax Effect Of Unusual Items": -777000.0,
        "Tax Rate For Calcs": 0.21,
        "Normalized EBITDA": 22800000.0,
        "Total Unusual Items": -3700000.0,
        "Total Unusual Items Excluding Goodwill": -3700000.0,
        "Net Income From Continuing Operation Net Minority Interest": 7500000.0,
        "Reconciled Depreciation": 12900000.0,
        "Reconciled Cost Of Revenue": 976600000.0,
        "EBITDA": 19100000.0,
        "EBIT": 6200000.0,
        "Net Interest Income": 700000.0,
        "Interest Expense": 600000.0,
        "Interest Income": 1300000.0,
        "Normalized Income": 10423000.0,
        "Net Income From Continuing And Discontinued Operation": 7500000.0,
        "Total Expenses": 1208600000.0,
        "Total Operating Income As Reported": 6200000.0,
        "Diluted Average Shares": 36400000.0,
        "Basic Average Shares": 36000000.0,
        "Diluted EPS": 0.2,
        "Basic EPS": 0.2,
        "Diluted NI Availto Com Stockholders": 7300000.0,
        "Net Income Common Stockholders": 7300000.0,
        "Otherunder Preferred Stock Dividend": 200000.0,
        "Net Income": 7500000.0,
        "Net Income Including Noncontrolling Interests": 7500000.0,
        "Net Income Continuous Operations": 7500000.0,
        "Earnings From Equity Interest Net Of Tax": 0.0,
        "Tax Provision": -1900000.0,
        "Pretax Income": 5600000.0,
        "Other Income Expense": -3700000.0,
        "Other Non Operating Income Expenses": NaN,
        "Special Income Charges": -2400000.0,
        "Gain On Sale Of Ppe": 0.0,
        "Gain On Sale Of Business": NaN,
        "Impairment Of Capital Assets": 2400000.0,
        "Earnings From Equity Interest": 0.0,
        "Gain On Sale Of Security": -1300000.0,
        "Net Non Operating Interest Income Expense": 700000.0,
        "Interest Expense Non Operating": 600000.0,
        "Interest Income Non Operating": 1300000.0,
        "Operating Income": 8600000.0,
        "Operating Expense": 232000000.0,
        "Selling General And Administration": 232000000.0,
        "Gross Profit": 240600000.0,
        "Cost Of Revenue": 976600000.0,
        "Total Revenue": 1217200000.0,
        "Operating Revenue": 1217200000.0
    },
    "2023-09-30": {
        "Tax Effect Of Unusual Items": 105000.0,
        "Tax Rate For Calcs": 0.21,
        "Normalized EBITDA": 14600000.0,
        "Total Unusual Items": 500000.0,
        "Total Unusual Items Excluding Goodwill": 500000.0,
        "Net Income From Continuing Operation Net Minority Interest": 6600000.0,
        "Reconciled Depreciation": 12400000.0,
        "Reconciled Cost Of Revenue": 889500000.0,
        "EBITDA": 15100000.0,
        "EBIT": 2700000.0,
        "Net Interest Income": 1100000.0,
        "Interest Expense": 1000000.0,
        "Interest Income": 2100000.0,
        "Normalized Income": 6205000.0,
        "Net Income From Continuing And Discontinued Operation": 6600000.0,
        "Total Expenses": 1117900000.0,
        "Total Operating Income As Reported": 100000.0,
        "Diluted Average Shares": 35800000.0,
        "Basic Average Shares": 35400000.0,
        "Diluted EPS": 0.18,
        "Basic EPS": 0.18,
        "Diluted NI Availto Com Stockholders": 6500000.0,
        "Net Income Common Stockholders": 6500000.0,
        "Otherunder Preferred Stock Dividend": 100000.0,
        "Net Income": 6600000.0,
        "Net Income Including Noncontrolling Interests": 6600000.0,
        "Net Income Continuous Operations": 6600000.0,
        "Earnings From Equity Interest Net Of Tax": 0.0,
        "Tax Provision": -4900000.0,
        "Pretax Income": 1700000.0,
        "Other Income Expense": 500000.0,
        "Other Non Operating Income Expenses": NaN,
        "Special Income Charges": 0.0,
        "Gain On Sale Of Ppe": 0.0,
        "Gain On Sale Of Business": 0.0,
        "Impairment Of Capital Assets": 0.0,
        "Earnings From Equity Interest": 0.0,
        "Gain On Sale Of Security": 500000.0,
        "Net Non Operating Interest Income Expense": 1100000.0,
        "Interest Expense Non Operating": 1000000.0,
        "Interest Income Non Operating": 2100000.0,
        "Operating Income": 100000.0,
        "Operating Expense": 228400000.0,
        "Selling General And Administration": 228400000.0,
        "Gross Profit": 228500000.0,
        "Cost Of Revenue": 889500000.0,
        "Total Revenue": 1118000000.0,
        "Operating Revenue": 1118000000.0
    },
    "2023-12-31": {
        "Tax Effect Of Unusual Items": -756000.0,
        "Tax Rate For Calcs": 0.21,
        "Normalized EBITDA": 21400000.0,
        "Total Unusual Items": -3600000.0,
        "Total Unusual Items Excluding Goodwill": -3600000.0,
        "Net Income From Continuing Operation Net Minority Interest": 11400000.0,
        "Reconciled Depreciation": 12100000.0,
        "Reconciled Cost Of Revenue": 994000000.0,
        "EBITDA": 17800000.0,
        "EBIT": 5700000.0,
        "Net Interest Income": 1100000.0,
        "Interest Expense": 800000.0,
        "Interest Income": 1900000.0,
        "Normalized Income": 14244000.0,
        "Net Income From Continuing And Discontinued Operation": 11400000.0,
        "Total Expenses": 1224900000.0,
        "Total Operating Income As Reported": 7300000.0,
        "Diluted Average Shares": 35700000.0,
        "Basic Average Shares": 35300000.0,
        "Diluted EPS": 0.31,
        "Basic EPS": 0.32,
        "Diluted NI Availto Com Stockholders": 11200000.0,
        "Net Income Common Stockholders": 11200000.0,
        "Otherunder Preferred Stock Dividend": 200000.0,
        "Net Income": 11400000.0,
        "Net Income Including Noncontrolling Interests": 11400000.0,
        "Net Income Continuous Operations": 11400000.0,
        "Earnings From Equity Interest Net Of Tax": 0.0,
        "Tax Provision": -6500000.0,
        "Pretax Income": 4900000.0,
        "Other Income Expense": -3500000.0,
        "Other Non Operating Income Expenses": 100000.0,
        "Special Income Charges": 0.0,
        "Gain On Sale Of Ppe": 0.0,
        "Gain On Sale Of Business": 0.0,
        "Impairment Of Capital Assets": 0.0,
        "Earnings From Equity Interest": 0.0,
        "Gain On Sale Of Security": -3600000.0,
        "Net Non Operating Interest Income Expense": 1100000.0,
        "Interest Expense Non Operating": 800000.0,
        "Interest Income Non Operating": 1900000.0,
        "Operating Income": 7300000.0,
        "Operating Expense": 230900000.0,
        "Selling General And Administration": 230900000.0,
        "Gross Profit": 238200000.0,
        "Cost Of Revenue": 994000000.0,
        "Total Revenue": 1232200000.0,
        "Operating Revenue": 1232200000.0
    },
    "2024-03-31": {
        "Tax Effect Of Unusual Items": 1718120.805369,
        "Tax Rate For Calcs": 0.134228,
        "Normalized EBITDA": 27700000.0,
        "Total Unusual Items": 12800000.0,
        "Total Unusual Items Excluding Goodwill": 12800000.0,
        "Net Income From Continuing Operation Net Minority Interest": 25800000.0,
        "Reconciled Depreciation": 10200000.0,
        "Reconciled Cost Of Revenue": 839400000.0,
        "EBITDA": 40500000.0,
        "EBIT": 30300000.0,
        "Net Interest Income": 2300000.0,
        "Interest Expense": 500000.0,
        "Interest Income": 2800000.0,
        "Normalized Income": 14718120.805369,
        "Net Income From Continuing And Discontinued Operation": 25800000.0,
        "Total Expenses": 1029900000.0,
        "Total Operating Income As Reported": 26800000.0,
        "Diluted Average Shares": 35800000.0,
        "Basic Average Shares": 35400000.0,
        "Diluted EPS": 0.7,
        "Basic EPS": 0.71,
        "Diluted NI Availto Com Stockholders": 25200000.0,
        "Net Income Common Stockholders": 25200000.0,
        "Otherunder Preferred Stock Dividend": 600000.0,
        "Net Income": 25800000.0,
        "Net Income Including Noncontrolling Interests": 25800000.0,
        "Net Income Continuous Operations": 25800000.0,
        "Earnings From Equity Interest Net Of Tax": NaN,
        "Tax Provision": 4000000.0,
        "Pretax Income": 29800000.0,
        "Other Income Expense": 12300000.0,
        "Other Non Operating Income Expenses": -500000.0,
        "Special Income Charges": 11600000.0,
        "Gain On Sale Of Ppe": NaN,
        "Gain On Sale Of Business": 11600000.0,
        "Impairment Of Capital Assets": NaN,
        "Earnings From Equity Interest": NaN,
        "Gain On Sale Of Security": 1200000.0,
        "Net Non Operating Interest Income Expense": 2300000.0,
        "Interest Expense Non Operating": 500000.0,
        "Interest Income Non Operating": 2800000.0,
        "Operating Income": 15200000.0,
        "Operating Expense": 190500000.0,
        "Selling General And Administration": 190500000.0,
        "Gross Profit": 205700000.0,
        "Cost Of Revenue": 839400000.0,
        "Total Revenue": 1045100000.0,
        "Operating Revenue": 1045100000.0
    }
}