{
    "2023-03-31": {
        "Tax Effect Of Unusual Items": NaN,
        "Tax Rate For Calcs": NaN,
        "Normalized EBITDA": NaN,
        "Total Unusual Items": -74243000000.0,
        "Total Unusual Items Excluding Goodwill": -74243000000.0,
        "Net Income From Continuing Operation Net Minority Interest": NaN,
        "Reconciled Depreciation": 3249384000000.0,
        "Reconciled Cost Of Revenue": 23915933000000.0,
        "EBITDA": NaN,
        "EBIT": NaN,
        "Net Interest Income": -944952000000.0,
        "Interest Expense": 1048078000000.0,
        "Interest Income": 102946000000.0,
        "Normalized Income": NaN,
        "Net Income From Continuing And Discontinued Operation": NaN,
        "Total Expenses": 27752953000000.0,
        "Rent Expense Supplemental": 10682000000.0,
        "Total Operating Income As Reported": NaN,
        "Diluted Average Shares": NaN,
        "Basic Average Shares": NaN,
        "Diluted EPS": NaN,
        "Basic EPS": NaN,
        "Diluted NI Availto Com Stockholders": NaN,
        "Net Income Common Stockholders": NaN,
        "Net Income": NaN,
        "Minority Interests": -35270000000.0,
        "Net Income Including Noncontrolling Interests": NaN,
        "Net Income Continuous Operations": NaN,
        "Tax Provision": -1943614000000.0,
        "Pretax Income": NaN,
        "Other Income Expense": 249036000000.0,
        "Other Non Operating Income Expenses": 91368000000.0,
        "Special Income Charges": 578000000.0,
        "Gain On Sale Of Ppe": -4794000000.0,
        "Gain On Sale Of Business": 9473000000.0,
        "Other Special Charges": 10129000000.0,
        "Write Off": 1797000000.0,
        "Impairment Of Capital Assets": 2304000000.0,
        "Earnings From Equity Interest": 231911000000.0,
        "Gain On Sale Of Security": -74821000000.0,
        "Net Non Operating Interest Income Expense": -944952000000.0,
        "Total Other Finance Cost": -180000000.0,
        "Interest Expense Non Operating": 1048078000000.0,
        "Interest Income Non Operating": 102946000000.0,
        "Operating Income": NaN,
        "Operating Expense": 672959000000.0,
        "Other Operating Expenses": 8281000000.0,
        "Other Taxes": 17285000000.0,
        "Provision For Doubtful Accounts": NaN,
        "Depreciation Amortization Depletion Income Statement": 85323000000.0,
        "Depreciation And Amortization In Income Statement": 85323000000.0,
        "Amortization": 21010000000.0,
        "Amortization Of Intangibles Income Statement": 21010000000.0,
        "Depreciation Income Statement": 64313000000.0,
        "Selling General And Administration": 562070000000.0,
        "Selling And Marketing Expense": 16944000000.0,
        "General And Administrative Expense": 545126000000.0,
        "Other Gand A": 191207000000.0,
        "Insurance And Claims": 8060000000.0,
        "Rent And Landing Fees": 10682000000.0,
        "Salaries And Wages": 335177000000.0,
        "Gross Profit": -5485972000000.0,
        "Cost Of Revenue": 27079994000000.0,
        "Total Revenue": NaN,
        "Operating Revenue": NaN
    },
    "2022-12-31": {
        "Tax Effect Of Unusual Items": NaN,
        "Tax Rate For Calcs": NaN,
        "Normalized EBITDA": NaN,
        "Total Unusual Items": 326516000000.0,
        "Total Unusual Items Excluding Goodwill": 326516000000.0,
        "Net Income From Continuing Operation Net Minority Interest": NaN,
        "Reconciled Depreciation": NaN,
        "Reconciled Cost Of Revenue": 26469806000000.0,
        "EBITDA": NaN,
        "EBIT": NaN,
        "Net Interest Income": -802531000000.0,
        "Interest Expense": NaN,
        "Interest Income": NaN,
        "Normalized Income": NaN,
        "Net Income From Continuing And Discontinued Operation": NaN,
        "Total Expenses": 29604070000000.0,
        "Rent Expense Supplemental": NaN,
        "Total Operating Income As Reported": NaN,
        "Diluted Average Shares": NaN,
        "Basic Average Shares": NaN,
        "Diluted EPS": NaN,
        "Basic EPS": NaN,
        "Diluted NI Availto Com Stockholders": NaN,
        "Net Income Common Stockholders": NaN,
        "Net Income": NaN,
        "Minority Interests": NaN,
        "Net Income Including Noncontrolling Interests": NaN,
        "Net Income Continuous Operations": NaN,
        "Tax Provision": NaN,
        "Pretax Income": NaN,
        "Other Income Expense": 822674000000.0,
        "Other Non Operating Income Expenses": 107326000000.0,
        "Special Income Charges": 61151000000.0,
        "Gain On Sale Of Ppe": NaN,
        "Gain On Sale Of Business": NaN,
        "Other Special Charges": -17203000000.0,
        "Write Off": NaN,
        "Impairment Of Capital Assets": NaN,
        "Earnings From Equity Interest": NaN,
        "Gain On Sale Of Security": 265365000000.0,
        "Net Non Operating Interest Income Expense": -802531000000.0,
        "Total Other Finance Cost": 22272000000.0,
        "Interest Expense Non Operating": NaN,
        "Interest Income Non Operating": NaN,
        "Operating Income": NaN,
        "Operating Expense": 180342000000.0,
        "Other Operating Expenses": -658099000000.0,
        "Other Taxes": NaN,
        "Provision For Doubtful Accounts": 4518000000.0,
        "Depreciation Amortization Depletion Income Statement": 99440000000.0,
        "Depreciation And Amortization In Income Statement": 99440000000.0,
        "Amortization": NaN,
        "Amortization Of Intangibles Income Statement": NaN,
        "Depreciation Income Statement": NaN,
        "Selling General And Administration": 622354000000.0,
        "Selling And Marketing Expense": NaN,
        "General And Administrative Expense": 610037000000.0,
        "Other Gand A": 168324000000.0,
        "Insurance And Claims": NaN,
        "Rent And Landing Fees": NaN,
        "Salaries And Wages": 424132000000.0,
        "Gross Profit": -10642767000000.0,
        "Cost Of Revenue": 29423728000000.0,
        "Total Revenue": NaN,
        "Operating Revenue": NaN
    },
    "2022-09-30": {
        "Tax Effect Of Unusual Items": NaN,
        "Tax Rate For Calcs": NaN,
        "Normalized EBITDA": NaN,
        "Total Unusual Items": -446833000000.0,
        "Total Unusual Items Excluding Goodwill": -446833000000.0,
        "Net Income From Continuing Operation Net Minority Interest": NaN,
        "Reconciled Depreciation": NaN,
        "Reconciled Cost Of Revenue": 26602040000000.0,
        "EBITDA": NaN,
        "EBIT": NaN,
        "Net Interest Income": -632920000000.0,
        "Interest Expense": NaN,
        "Interest Income": NaN,
        "Normalized Income": NaN,
        "Net Income From Continuing And Discontinued Operation": NaN,
        "Total Expenses": 27277569000000.0,
        "Rent Expense Supplemental": NaN,
        "Total Operating Income As Reported": NaN,
        "Diluted Average Shares": NaN,
        "Basic Average Shares": NaN,
        "Diluted EPS": NaN,
        "Basic EPS": NaN,
        "Diluted NI Availto Com Stockholders": NaN,
        "Net Income Common Stockholders": NaN,
        "Net Income": NaN,
        "Minority Interests": NaN,
        "Net Income Including Noncontrolling Interests": NaN,
        "Net Income Continuous Operations": NaN,
        "Tax Provision": NaN,
        "Pretax Income": NaN,
        "Other Income Expense": 14172000000.0,
        "Other Non Operating Income Expenses": 121588000000.0,
        "Special Income Charges": -33384000000.0,
        "Gain On Sale Of Ppe": NaN,
        "Gain On Sale Of Business": NaN,
        "Other Special Charges": 66614000000.0,
        "Write Off": NaN,
        "Impairment Of Capital Assets": NaN,
        "Earnings From Equity Interest": NaN,
        "Gain On Sale Of Security": -413449000000.0,
        "Net Non Operating Interest Income Expense": -632920000000.0,
        "Total Other Finance Cost": 770000000.0,
        "Interest Expense Non Operating": NaN,
        "Interest Income Non Operating": NaN,
        "Operating Income": NaN,
        "Operating Expense": 675529000000.0,
        "Other Operating Expenses": 31934000000.0,
        "Other Taxes": NaN,
        "Provision For Doubtful Accounts": -10168000000.0,
        "Depreciation Amortization Depletion Income Statement": 80973000000.0,
        "Depreciation And Amortization In Income Statement": 80973000000.0,
        "Amortization": NaN,
        "Amortization Of Intangibles Income Statement": NaN,
        "Depreciation Income Statement": NaN,
        "Selling General And Administration": 567811000000.0,
        "Selling And Marketing Expense": NaN,
        "General And Administrative Expense": 472687000000.0,
        "Other Gand A": 108428000000.0,
        "Insurance And Claims": NaN,
        "Rent And Landing Fees": NaN,
        "Salaries And Wages": 343508000000.0,
        "Gross Profit": -6829082000000.0,
        "Cost Of Revenue": 26602040000000.0,
        "Total Revenue": NaN,
        "Operating Revenue": NaN
    },
    "2022-06-30": {
        "Tax Effect Of Unusual Items": -44134756379.20252,
        "Tax Rate For Calcs": 0.290101,
        "Normalized EBITDA": -2897637000000.0,
        "Total Unusual Items": -152136000000.0,
        "Total Unusual Items Excluding Goodwill": -152136000000.0,
        "Net Income From Continuing Operation Net Minority Interest": -4837193000000.0,
        "Reconciled Depreciation": 3122463000000.0,
        "Reconciled Cost Of Revenue": 18233461000000.0,
        "EBITDA": -3049773000000.0,
        "EBIT": -6172236000000.0,
        "Net Interest Income": -563305000000.0,
        "Interest Expense": 639744000000.0,
        "Interest Income": 77002000000.0,
        "Normalized Income": -4729191756379.202,
        "Net Income From Continuing And Discontinued Operation": -4837193000000.0,
        "Total Expenses": 22053902000000.0,
        "Rent Expense Supplemental": 9241000000.0,
        "Total Operating Income As Reported": -6516348000000.0,
        "Diluted Average Shares": 1283928154.0,
        "Basic Average Shares": 1283928154.0,
        "Diluted EPS": -3767.344758,
        "Basic EPS": -3767.344758,
        "Diluted NI Availto Com Stockholders": -4837193000000.0,
        "Net Income Common Stockholders": -4837193000000.0,
        "Net Income": -4837193000000.0,
        "Minority Interests": -1373000000.0,
        "Net Income Including Noncontrolling Interests": -4835820000000.0,
        "Net Income Continuous Operations": -4835820000000.0,
        "Tax Provision": -1976160000000.0,
        "Pretax Income": -6811980000000.0,
        "Other Income Expense": 277192000000.0,
        "Other Non Operating Income Expenses": 123761000000.0,
        "Special Income Charges": 9886000000.0,
        "Gain On Sale Of Ppe": 49253000000.0,
        "Gain On Sale Of Business": -31138000000.0,
        "Other Special Charges": 15333000000.0,
        "Write Off": -7118000000.0,
        "Impairment Of Capital Assets": 14000000.0,
        "Earnings From Equity Interest": 305567000000.0,
        "Gain On Sale Of Security": -162022000000.0,
        "Net Non Operating Interest Income Expense": -563305000000.0,
        "Total Other Finance Cost": 563000000.0,
        "Interest Expense Non Operating": 639744000000.0,
        "Interest Income Non Operating": 77002000000.0,
        "Operating Income": -6525867000000.0,
        "Operating Expense": 778914000000.0,
        "Other Operating Expenses": 43908000000.0,
        "Other Taxes": 83341000000.0,
        "Provision For Doubtful Accounts": 0.0,
        "Depreciation Amortization Depletion Income Statement": 80936000000.0,
        "Depreciation And Amortization In Income Statement": 80936000000.0,
        "Amortization": 22558000000.0,
        "Amortization Of Intangibles Income Statement": 22558000000.0,
        "Depreciation Income Statement": 58378000000.0,
        "Selling General And Administration": 570729000000.0,
        "Selling And Marketing Expense": 124381000000.0,
        "General And Administrative Expense": 446348000000.0,
        "Other Gand A": 92519000000.0,
        "Insurance And Claims": 4535000000.0,
        "Rent And Landing Fees": 9241000000.0,
        "Salaries And Wages": 340053000000.0,
        "Gross Profit": -5746953000000.0,
        "Cost Of Revenue": 21274988000000.0,
        "Total Revenue": 15528035000000.0,
        "Operating Revenue": 15528035000000.0
    },
    "2022-03-31": {
        "Diluted EPS": -3.71,
        "Total Revenue": NaN,
        "Gross Profit": NaN,
        "Operating Income": NaN,
        "EBIT": NaN,
        "Net Income": NaN
    },
    "2021-12-31": {
        "Diluted EPS": -2.57,
        "Total Revenue": NaN,
        "Gross Profit": NaN,
        "Operating Income": NaN,
        "EBIT": NaN,
        "Net Income": NaN
    },
    "2021-09-30": {
        "Diluted EPS": -0.73,
        "Total Revenue": NaN,
        "Gross Profit": -185,
        "Operating Income": -843,
        "EBIT": NaN,
        "Net Income": -941
    },
    "2021-06-30": {
        "Diluted EPS": -0.49,
        "Total Revenue": NaN,
        "Gross Profit": -66,
        "Operating Income": -688,
        "EBIT": NaN,
        "Net Income": -626
    },
    "2021-03-31": {
        "Diluted EPS": 0.06,
        "Total Revenue": NaN,
        "Gross Profit": NaN,
        "Operating Income": 514,
        "EBIT": NaN,
        "Net Income": 77
    },
    "2020-12-31": {
        "Diluted EPS": 0.35,
        "Total Revenue": NaN,
        "Gross Profit": 833,
        "Operating Income": 755,
        "EBIT": NaN,
        "Net Income": 453
    },
    "2020-09-30": {
        "Diluted EPS": 0.77,
        "Total Revenue": NaN,
        "Gross Profit": NaN,
        "Operating Income": NaN,
        "EBIT": NaN,
        "Net Income": 989
    },
    "2020-06-30": {
        "Diluted EPS": 0.1,
        "Total Revenue": NaN,
        "Gross Profit": 883,
        "Operating Income": 312,
        "EBIT": NaN,
        "Net Income": 133
    },
    "2020-03-31": {
        "Diluted EPS": 0.01,
        "Total Revenue": NaN,
        "Gross Profit": 797,
        "Operating Income": 344,
        "EBIT": NaN,
        "Net Income": 18
    },
    "2019-12-31": {
        "Diluted EPS": -0.74,
        "Total Revenue": NaN,
        "Gross Profit": NaN,
        "Operating Income": NaN,
        "EBIT": 898,
        "Net Income": -943
    },
    "2019-09-30": {
        "Diluted EPS": 0.14,
        "Total Revenue": NaN,
        "Gross Profit": NaN,
        "Operating Income": 991,
        "EBIT": NaN,
        "Net Income": 178
    },
    "2019-06-30": {
        "Diluted EPS": -0.31,
        "Total Revenue": NaN,
        "Gross Profit": 323,
        "Operating Income": -269,
        "EBIT": NaN,
        "Net Income": -403
    },
    "2019-03-31": {
        "Diluted EPS": -0.55,
        "Total Revenue": NaN,
        "Gross Profit": -3,
        "Operating Income": -567,
        "EBIT": NaN,
        "Net Income": -709
    },
    "2018-12-31": {
        "Diluted EPS": -1.12,
        "Total Revenue": NaN,
        "Gross Profit": NaN,
        "Operating Income": NaN,
        "EBIT": -58,
        "Net Income": NaN
    },
    "2018-09-30": {
        "Diluted EPS": 1.05,
        "Total Revenue": NaN,
        "Gross Profit": NaN,
        "Operating Income": NaN,
        "EBIT": NaN,
        "Net Income": NaN
    },
    "2018-06-30": {
        "Diluted EPS": -0.67,
        "Total Revenue": NaN,
        "Gross Profit": -38,
        "Operating Income": -618,
        "EBIT": NaN,
        "Net Income": -854
    },
    "2018-03-31": {
        "Diluted EPS": -0.19,
        "Total Revenue": NaN,
        "Gross Profit": 434,
        "Operating Income": -115,
        "EBIT": NaN,
        "Net Income": -250
    },
    "2017-12-31": {
        "Diluted EPS": -0.97,
        "Total Revenue": NaN,
        "Gross Profit": 303,
        "Operating Income": 214,
        "EBIT": NaN,
        "Net Income": NaN
    },
    "2017-09-30": {
        "Diluted EPS": 1.05,
        "Total Revenue": NaN,
        "Gross Profit": NaN,
        "Operating Income": NaN,
        "EBIT": NaN,
        "Net Income": NaN
    },
    "2017-06-30": {
        "Diluted EPS": 0.23,
        "Total Revenue": NaN,
        "Gross Profit": NaN,
        "Operating Income": 762,
        "EBIT": NaN,
        "Net Income": 294
    },
    "2017-03-31": {
        "Diluted EPS": 0.61,
        "Total Revenue": NaN,
        "Gross Profit": NaN,
        "Operating Income": NaN,
        "EBIT": NaN,
        "Net Income": 780
    },
    "2016-12-31": {
        "Diluted EPS": 0.36,
        "Total Revenue": NaN,
        "Gross Profit": NaN,
        "Operating Income": NaN,
        "EBIT": NaN,
        "Net Income": 460
    },
    "2016-09-30": {
        "Diluted EPS": 2.04,
        "Total Revenue": NaN,
        "Gross Profit": NaN,
        "Operating Income": NaN,
        "EBIT": NaN,
        "Net Income": NaN
    },
    "2016-06-30": {
        "Diluted EPS": 1.21,
        "Total Revenue": NaN,
        "Gross Profit": NaN,
        "Operating Income": NaN,
        "EBIT": NaN,
        "Net Income": NaN
    },
    "2016-03-31": {
        "Diluted EPS": 1.33,
        "Total Revenue": NaN,
        "Gross Profit": NaN,
        "Operating Income": NaN,
        "EBIT": NaN,
        "Net Income": NaN
    },
    "2015-12-31": {
        "Diluted EPS": 1.09,
        "Total Revenue": NaN,
        "Gross Profit": NaN,
        "Operating Income": NaN,
        "EBIT": NaN,
        "Net Income": NaN
    },
    "2015-09-30": {
        "Diluted EPS": 6.47,
        "Total Revenue": NaN,
        "Gross Profit": NaN,
        "Operating Income": NaN,
        "EBIT": NaN,
        "Net Income": NaN
    },
    "2015-06-30": {
        "Diluted EPS": 0.92,
        "Total Revenue": NaN,
        "Gross Profit": NaN,
        "Operating Income": NaN,
        "EBIT": NaN,
        "Net Income": NaN
    },
    "2015-03-31": {
        "Diluted EPS": 0.84,
        "Total Revenue": NaN,
        "Gross Profit": NaN,
        "Operating Income": NaN,
        "EBIT": NaN,
        "Net Income": NaN
    },
    "2014-12-31": {
        "Diluted EPS": 0.4,
        "Total Revenue": NaN,
        "Gross Profit": NaN,
        "Operating Income": NaN,
        "EBIT": NaN,
        "Net Income": 510
    },
    "2014-09-30": {
        "Diluted EPS": 1.24,
        "Total Revenue": NaN,
        "Gross Profit": NaN,
        "Operating Income": NaN,
        "EBIT": NaN,
        "Net Income": NaN
    },
    "2014-06-30": {
        "Diluted EPS": 0.12,
        "Total Revenue": NaN,
        "Gross Profit": NaN,
        "Operating Income": 852,
        "EBIT": NaN,
        "Net Income": 150
    },
    "2014-03-31": {
        "Diluted EPS": 0.38,
        "Total Revenue": NaN,
        "Gross Profit": NaN,
        "Operating Income": NaN,
        "EBIT": NaN,
        "Net Income": 479
    },
    "2013-12-31": {
        "Diluted EPS": 0.43,
        "Total Revenue": NaN,
        "Gross Profit": 572,
        "Operating Income": 656,
        "EBIT": NaN,
        "Net Income": 533
    },
    "2013-09-30": {
        "Diluted EPS": 0.68,
        "Total Revenue": NaN,
        "Gross Profit": NaN,
        "Operating Income": NaN,
        "EBIT": NaN,
        "Net Income": 851
    },
    "2013-06-30": {
        "Diluted EPS": -1.17,
        "Total Revenue": NaN,
        "Gross Profit": -583,
        "Operating Income": -979,
        "EBIT": 615,
        "Net Income": NaN
    },
    "2013-03-31": {
        "Diluted EPS": 0.1,
        "Total Revenue": NaN,
        "Gross Profit": NaN,
        "Operating Income": 641,
        "EBIT": NaN,
        "Net Income": 124
    },
    "2012-12-31": {
        "Diluted EPS": 0.0,
        "Total Revenue": NaN,
        "Gross Profit": NaN,
        "Operating Income": NaN,
        "EBIT": NaN,
        "Net Income": NaN
    },
    "2012-09-30": {
        "Diluted EPS": 0.0,
        "Total Revenue": NaN,
        "Gross Profit": NaN,
        "Operating Income": NaN,
        "EBIT": NaN,
        "Net Income": 851
    },
    "2012-06-30": {
        "Diluted EPS": 0.0,
        "Total Revenue": NaN,
        "Gross Profit": NaN,
        "Operating Income": NaN,
        "EBIT": NaN,
        "Net Income": NaN
    },
    "2012-03-31": {
        "Diluted EPS": 0.0,
        "Total Revenue": NaN,
        "Gross Profit": NaN,
        "Operating Income": -280,
        "EBIT": -280,
        "Net Income": -457
    },
    "2011-12-31": {
        "Diluted EPS": 0.0,
        "Total Revenue": NaN,
        "Gross Profit": NaN,
        "Operating Income": NaN,
        "EBIT": NaN,
        "Net Income": NaN
    },
    "2010-12-31": {
        "Diluted EPS": 0.0,
        "Total Revenue": NaN,
        "Gross Profit": NaN,
        "Operating Income": NaN,
        "EBIT": NaN,
        "Net Income": NaN
    },
    "2010-03-31": {
        "Diluted EPS": 0.0,
        "Total Revenue": NaN,
        "Gross Profit": 55,
        "Operating Income": -950,
        "EBIT": -950,
        "Net Income": -73
    },
    "2009-12-31": {
        "Diluted EPS": -0.06,
        "Total Revenue": NaN,
        "Gross Profit": NaN,
        "Operating Income": NaN,
        "EBIT": NaN,
        "Net Income": -67
    },
    "2009-06-30": {
        "Diluted EPS": 0.0,
        "Total Revenue": NaN,
        "Gross Profit": NaN,
        "Operating Income": NaN,
        "EBIT": NaN,
        "Net Income": NaN
    },
    "2009-03-31": {
        "Diluted EPS": 0.0,
        "Total Revenue": NaN,
        "Gross Profit": -618,
        "Operating Income": NaN,
        "EBIT": NaN,
        "Net Income": -883
    },
    "2023-06-30": {
        "Tax Effect Of Unusual Items": 0.0,
        "Tax Rate For Calcs": 0.0,
        "Normalized EBITDA": 977942000000.0,
        "Total Unusual Items": 4124000000.0,
        "Total Unusual Items Excluding Goodwill": 4124000000.0,
        "Net Income From Continuing Operation Net Minority Interest": -1903000000000.0,
        "Reconciled Depreciation": 3249942000000.0,
        "Reconciled Cost Of Revenue": 18007981000000.0,
        "EBITDA": 977942000000.0,
        "EBIT": -2272000000000.0,
        "Net Interest Income": -1007501000000.0,
        "Interest Expense": 1109135000000.0,
        "Interest Income": 100961000000.0,
        "Normalized Income": -1903000000000.0,
        "Net Income From Continuing And Discontinued Operation": -1903000000000.0,
        "Total Expenses": 21855234000000.0,
        "Rent Expense Supplemental": 9878000000.0,
        "Total Operating Income As Reported": -2272000000000.0,
        "Diluted Average Shares": 1283928154.0,
        "Basic Average Shares": 1283928154.0,
        "Diluted EPS": -1482.170162,
        "Basic EPS": -1482.170162,
        "Diluted NI Availto Com Stockholders": -1903000000000.0,
        "Net Income Common Stockholders": -1903000000000.0,
        "Net Income": -1903000000000.0,
        "Minority Interests": 1567000000.0,
        "Net Income Including Noncontrolling Interests": -1904000000000.0,
        "Net Income Continuous Operations": -2955000000000.0,
        "Tax Provision": -1050714000000.0,
        "Pretax Income": -2955000000000.0,
        "Other Income Expense": 285175000000.0,
        "Other Non Operating Income Expenses": 43896000000.0,
        "Special Income Charges": -46923000000.0,
        "Gain On Sale Of Ppe": -15739000000.0,
        "Gain On Sale Of Business": 6941000000.0,
        "Other Special Charges": 91295000000.0,
        "Write Off": 33979000000.0,
        "Impairment Of Capital Assets": 4146000000.0,
        "Earnings From Equity Interest": 237155000000.0,
        "Gain On Sale Of Security": 51047000000.0,
        "Net Non Operating Interest Income Expense": -1007501000000.0,
        "Total Other Finance Cost": -673000000.0,
        "Interest Expense Non Operating": 1109135000000.0,
        "Interest Income Non Operating": 100961000000.0,
        "Operating Income": -2272000000000.0,
        "Operating Expense": 686171000000.0,
        "Other Operating Expenses": 22667000000.0,
        "Other Taxes": 74123000000.0,
        "Provision For Doubtful Accounts": NaN,
        "Depreciation Amortization Depletion Income Statement": 88860000000.0,
        "Depreciation And Amortization In Income Statement": 88860000000.0,
        "Amortization": 23686000000.0,
        "Amortization Of Intangibles Income Statement": 23686000000.0,
        "Depreciation Income Statement": 65174000000.0,
        "Selling General And Administration": 500521000000.0,
        "Selling And Marketing Expense": 8050000000.0,
        "General And Administrative Expense": 492471000000.0,
        "Other Gand A": 191056000000.0,
        "Insurance And Claims": 6389000000.0,
        "Rent And Landing Fees": 9878000000.0,
        "Salaries And Wages": 285148000000.0,
        "Gross Profit": -1546568000000.0,
        "Cost Of Revenue": 21169063000000.0,
        "Total Revenue": 19622000000000.0,
        "Operating Revenue": 19622000000000.0
    },
    "2023-09-30": {
        "Tax Effect Of Unusual Items": 0.0,
        "Tax Rate For Calcs": 0.331952,
        "Normalized EBITDA": 5744983000000.0,
        "Total Unusual Items": NaN,
        "Total Unusual Items Excluding Goodwill": NaN,
        "Net Income From Continuing Operation Net Minority Interest": 793947000000.0,
        "Reconciled Depreciation": 3344423000000.0,
        "Reconciled Cost Of Revenue": NaN,
        "EBITDA": 5744983000000.0,
        "EBIT": 2400560000000.0,
        "Net Interest Income": NaN,
        "Interest Expense": 1153217000000.0,
        "Interest Income": 107464000000.0,
        "Normalized Income": 793947000000.0,
        "Net Income From Continuing And Discontinued Operation": 793947000000.0,
        "Total Expenses": NaN,
        "Rent Expense Supplemental": 13919000000.0,
        "Total Operating Income As Reported": 1996572000000.0,
        "Diluted Average Shares": 1283928154.0,
        "Basic Average Shares": 1283928154.0,
        "Diluted EPS": 618.5,
        "Basic EPS": 618.5,
        "Diluted NI Availto Com Stockholders": 793947000000.0,
        "Net Income Common Stockholders": 793947000000.0,
        "Net Income": 793947000000.0,
        "Minority Interests": -39338000000.0,
        "Net Income Including Noncontrolling Interests": 833285000000.0,
        "Net Income Continuous Operations": 833285000000.0,
        "Tax Provision": 414058000000.0,
        "Pretax Income": 1247343000000.0,
        "Other Income Expense": NaN,
        "Other Non Operating Income Expenses": NaN,
        "Special Income Charges": NaN,
        "Gain On Sale Of Ppe": 7882000000.0,
        "Gain On Sale Of Business": 93000000.0,
        "Other Special Charges": NaN,
        "Write Off": 12314000000.0,
        "Impairment Of Capital Assets": 0.0,
        "Earnings From Equity Interest": 113482000000.0,
        "Gain On Sale Of Security": NaN,
        "Net Non Operating Interest Income Expense": NaN,
        "Total Other Finance Cost": NaN,
        "Interest Expense Non Operating": 1153217000000.0,
        "Interest Income Non Operating": 107464000000.0,
        "Operating Income": 1996572000000.0,
        "Operating Expense": NaN,
        "Other Operating Expenses": NaN,
        "Other Taxes": 7567000000.0,
        "Provision For Doubtful Accounts": -487000000.0,
        "Depreciation Amortization Depletion Income Statement": NaN,
        "Depreciation And Amortization In Income Statement": NaN,
        "Amortization": 22444000000.0,
        "Amortization Of Intangibles Income Statement": 22444000000.0,
        "Depreciation Income Statement": 57740000000.0,
        "Selling General And Administration": NaN,
        "Selling And Marketing Expense": 6173000000.0,
        "General And Administrative Expense": NaN,
        "Other Gand A": NaN,
        "Insurance And Claims": 3710000000.0,
        "Rent And Landing Fees": 13919000000.0,
        "Salaries And Wages": NaN,
        "Gross Profit": NaN,
        "Cost Of Revenue": NaN,
        "Total Revenue": 24469974000000.0,
        "Operating Revenue": 24469974000000.0
    },
    "2023-12-31": {
        "Tax Effect Of Unusual Items": 0.0,
        "Tax Rate For Calcs": 0.24,
        "Normalized EBITDA": 5338335000000.0,
        "Total Unusual Items": NaN,
        "Total Unusual Items Excluding Goodwill": NaN,
        "Net Income From Continuing Operation Net Minority Interest": 1232791000000.0,
        "Reconciled Depreciation": 3188514000000.0,
        "Reconciled Cost Of Revenue": NaN,
        "EBITDA": 5338335000000.0,
        "EBIT": 2149821000000.0,
        "Net Interest Income": NaN,
        "Interest Expense": 1141229000000.0,
        "Interest Income": 118249000000.0,
        "Normalized Income": 1232791000000.0,
        "Net Income From Continuing And Discontinued Operation": 1232791000000.0,
        "Total Expenses": NaN,
        "Rent Expense Supplemental": 10328000000.0,
        "Total Operating Income As Reported": 2208369000000.0,
        "Diluted Average Shares": 1283928154.0,
        "Basic Average Shares": 1283928154.0,
        "Diluted EPS": 1007.844556,
        "Basic EPS": 1007.844556,
        "Diluted NI Availto Com Stockholders": 1232791000000.0,
        "Net Income Common Stockholders": 1232791000000.0,
        "Net Income": 1232791000000.0,
        "Minority Interests": -33364000000.0,
        "Net Income Including Noncontrolling Interests": 1266155000000.0,
        "Net Income Continuous Operations": 1266155000000.0,
        "Tax Provision": -257563000000.0,
        "Pretax Income": 1008592000000.0,
        "Other Income Expense": NaN,
        "Other Non Operating Income Expenses": NaN,
        "Special Income Charges": NaN,
        "Gain On Sale Of Ppe": -58679000000.0,
        "Gain On Sale Of Business": 1135000000.0,
        "Other Special Charges": NaN,
        "Write Off": 63871000000.0,
        "Impairment Of Capital Assets": -2589000000.0,
        "Earnings From Equity Interest": 12508000000.0,
        "Gain On Sale Of Security": NaN,
        "Net Non Operating Interest Income Expense": NaN,
        "Total Other Finance Cost": NaN,
        "Interest Expense Non Operating": 1141229000000.0,
        "Interest Income Non Operating": 118249000000.0,
        "Operating Income": 2063150000000.0,
        "Operating Expense": NaN,
        "Other Operating Expenses": NaN,
        "Other Taxes": 15035000000.0,
        "Provision For Doubtful Accounts": -1454000000.0,
        "Depreciation Amortization Depletion Income Statement": NaN,
        "Depreciation And Amortization In Income Statement": NaN,
        "Amortization": 21508000000.0,
        "Amortization Of Intangibles Income Statement": 21508000000.0,
        "Depreciation Income Statement": 58482000000.0,
        "Selling General And Administration": NaN,
        "Selling And Marketing Expense": 4978000000.0,
        "General And Administrative Expense": NaN,
        "Other Gand A": NaN,
        "Insurance And Claims": 9567000000.0,
        "Rent And Landing Fees": 10328000000.0,
        "Salaries And Wages": NaN,
        "Gross Profit": NaN,
        "Cost Of Revenue": NaN,
        "Total Revenue": 21789919000000.0,
        "Operating Revenue": 21789919000000.0
    },
    "2024-03-31": {
        "Tax Effect Of Unusual Items": 36686032500.0,
        "Tax Rate For Calcs": 0.1923,
        "Normalized EBITDA": 5251538000000.0,
        "Total Unusual Items": 190775000000.0,
        "Total Unusual Items Excluding Goodwill": 190775000000.0,
        "Net Income From Continuing Operation Net Minority Interest": 561462000000.0,
        "Reconciled Depreciation": 3552799000000.0,
        "Reconciled Cost Of Revenue": 17830654000000.0,
        "EBITDA": 5442313000000.0,
        "EBIT": 1889514000000.0,
        "Net Interest Income": -1037642000000.0,
        "Interest Expense": 1151729000000.0,
        "Interest Income": 118441000000.0,
        "Normalized Income": 407373032500.0,
        "Net Income From Continuing And Discontinued Operation": 561462000000.0,
        "Total Expenses": 22014444000000.0,
        "Rent Expense Supplemental": 11313000000.0,
        "Total Operating Income As Reported": 1299343000000.0,
        "Diluted Average Shares": 1283928154.0,
        "Basic Average Shares": 1283928154.0,
        "Diluted EPS": 437.5,
        "Basic EPS": 437.5,
        "Diluted NI Availto Com Stockholders": 561462000000.0,
        "Net Income Common Stockholders": 561462000000.0,
        "Net Income": 561462000000.0,
        "Minority Interests": -34473000000.0,
        "Net Income Including Noncontrolling Interests": 595935000000.0,
        "Net Income Continuous Operations": 595935000000.0,
        "Tax Provision": 141850000000.0,
        "Pretax Income": 737785000000.0,
        "Other Income Expense": 497128000000.0,
        "Other Non Operating Income Expenses": 87165000000.0,
        "Special Income Charges": 188589000000.0,
        "Gain On Sale Of Ppe": 15971000000.0,
        "Gain On Sale Of Business": 185339000000.0,
        "Other Special Charges": NaN,
        "Write Off": 12721000000.0,
        "Impairment Of Capital Assets": 0.0,
        "Earnings From Equity Interest": 219188000000.0,
        "Gain On Sale Of Security": 2186000000.0,
        "Net Non Operating Interest Income Expense": -1037642000000.0,
        "Total Other Finance Cost": 4354000000.0,
        "Interest Expense Non Operating": 1151729000000.0,
        "Interest Income Non Operating": 118441000000.0,
        "Operating Income": 1278299000000.0,
        "Operating Expense": 711257000000.0,
        "Other Operating Expenses": 69604000000.0,
        "Other Taxes": 9434000000.0,
        "Provision For Doubtful Accounts": NaN,
        "Depreciation Amortization Depletion Income Statement": 80266000000.0,
        "Depreciation And Amortization In Income Statement": 80266000000.0,
        "Amortization": 21875000000.0,
        "Amortization Of Intangibles Income Statement": 21875000000.0,
        "Depreciation Income Statement": 58391000000.0,
        "Selling General And Administration": 551953000000.0,
        "Selling And Marketing Expense": 11971000000.0,
        "General And Administrative Expense": 539982000000.0,
        "Other Gand A": 183378000000.0,
        "Insurance And Claims": 7345000000.0,
        "Rent And Landing Fees": 11313000000.0,
        "Salaries And Wages": 337946000000.0,
        "Gross Profit": 1989556000000.0,
        "Cost Of Revenue": 21303187000000.0,
        "Total Revenue": 23292743000000.0,
        "Operating Revenue": 23292743000000.0
    },
    "2024-06-30": {
        "Tax Effect Of Unusual Items": 0.0,
        "Tax Rate For Calcs": 0.24,
        "Normalized EBITDA": 1250000000000.0,
        "Total Unusual Items": NaN,
        "Total Unusual Items Excluding Goodwill": NaN,
        "Net Income From Continuing Operation Net Minority Interest": 65000000000.0,
        "Reconciled Depreciation": NaN,
        "Reconciled Cost Of Revenue": NaN,
        "EBITDA": 1250000000000.0,
        "EBIT": 1250000000000.0,
        "Net Interest Income": NaN,
        "Interest Expense": NaN,
        "Interest Income": NaN,
        "Normalized Income": 65000000000.0,
        "Net Income From Continuing And Discontinued Operation": 65000000000.0,
        "Total Expenses": NaN,
        "Rent Expense Supplemental": NaN,
        "Total Operating Income As Reported": 1250000000000.0,
        "Diluted Average Shares": 1283928154.0,
        "Basic Average Shares": 1283928154.0,
        "Diluted EPS": 50.625886,
        "Basic EPS": 50.625886,
        "Diluted NI Availto Com Stockholders": 65000000000.0,
        "Net Income Common Stockholders": 65000000000.0,
        "Net Income": 65000000000.0,
        "Minority Interests": NaN,
        "Net Income Including Noncontrolling Interests": 114000000000.0,
        "Net Income Continuous Operations": 349000000000.0,
        "Tax Provision": NaN,
        "Pretax Income": 349000000000.0,
        "Other Income Expense": NaN,
        "Other Non Operating Income Expenses": NaN,
        "Special Income Charges": NaN,
        "Gain On Sale Of Ppe": NaN,
        "Gain On Sale Of Business": NaN,
        "Other Special Charges": NaN,
        "Write Off": NaN,
        "Impairment Of Capital Assets": NaN,
        "Earnings From Equity Interest": NaN,
        "Gain On Sale Of Security": NaN,
        "Net Non Operating Interest Income Expense": NaN,
        "Total Other Finance Cost": NaN,
        "Interest Expense Non Operating": NaN,
        "Interest Income Non Operating": NaN,
        "Operating Income": 1250000000000.0,
        "Operating Expense": NaN,
        "Other Operating Expenses": NaN,
        "Other Taxes": NaN,
        "Provision For Doubtful Accounts": NaN,
        "Depreciation Amortization Depletion Income Statement": NaN,
        "Depreciation And Amortization In Income Statement": NaN,
        "Amortization": NaN,
        "Amortization Of Intangibles Income Statement": NaN,
        "Depreciation Income Statement": NaN,
        "Selling General And Administration": NaN,
        "Selling And Marketing Expense": NaN,
        "General And Administrative Expense": NaN,
        "Other Gand A": NaN,
        "Insurance And Claims": NaN,
        "Rent And Landing Fees": NaN,
        "Salaries And Wages": NaN,
        "Gross Profit": NaN,
        "Cost Of Revenue": NaN,
        "Total Revenue": 20474000000000.0,
        "Operating Revenue": 20474000000000.0
    }
}