{
    "2023-03-31": {
        "Tax Effect Of Unusual Items": 0.0,
        "Tax Rate For Calcs": 0.0,
        "Normalized EBITDA": -1612755.0,
        "Total Unusual Items": 0.0,
        "Total Unusual Items Excluding Goodwill": 0.0,
        "Net Income From Continuing Operation Net Minority Interest": -2571831.0,
        "Reconciled Depreciation": 316303.0,
        "Reconciled Cost Of Revenue": 1026574.0,
        "EBITDA": -1612755.0,
        "EBIT": -1929058.0,
        "Net Interest Income": -487316.0,
        "Interest Expense": NaN,
        "Normalized Income": -2571831.0,
        "Net Income From Continuing And Discontinued Operation": -2474628.0,
        "Total Expenses": 4531747.0,
        "Total Operating Income As Reported": -1929058.0,
        "Diluted Average Shares": 5354366.0,
        "Basic Average Shares": 5354366.0,
        "Diluted EPS": -0.46,
        "Basic EPS": -0.46,
        "Diluted NI Availto Com Stockholders": -2474628.0,
        "Net Income Common Stockholders": -2474628.0,
        "Preferred Stock Dividends": NaN,
        "Net Income": -2474628.0,
        "Net Income Including Noncontrolling Interests": -2474628.0,
        "Net Income Discontinuous Operations": 97203.0,
        "Net Income Continuous Operations": -2571831.0,
        "Earnings From Equity Interest Net Of Tax": NaN,
        "Tax Provision": 0.0,
        "Pretax Income": -2571831.0,
        "Other Income Expense": -155457.0,
        "Other Non Operating Income Expenses": -155457.0,
        "Special Income Charges": 0.0,
        "Impairment Of Capital Assets": 0.0,
        "Gain On Sale Of Security": -155457.0,
        "Net Non Operating Interest Income Expense": -487316.0,
        "Total Other Finance Cost": 487316.0,
        "Interest Expense Non Operating": NaN,
        "Operating Income": -1929058.0,
        "Operating Expense": 3480666.0,
        "Depreciation Amortization Depletion Income Statement": 291796.0,
        "Depreciation And Amortization In Income Statement": 291796.0,
        "Research And Development": 845478.0,
        "Selling General And Administration": 2343392.0,
        "Selling And Marketing Expense": 781491.0,
        "General And Administrative Expense": 1561901.0,
        "Other Gand A": 1561901.0,
        "Gross Profit": 1551608.0,
        "Cost Of Revenue": 1051081.0,
        "Total Revenue": 2602689.0,
        "Operating Revenue": 2596762.0
    },
    "2022-12-31": {
        "Tax Effect Of Unusual Items": -310235.829848,
        "Tax Rate For Calcs": 0.03676,
        "Normalized EBITDA": -2356438.0,
        "Total Unusual Items": -8439599.0,
        "Total Unusual Items Excluding Goodwill": -8439599.0,
        "Net Income From Continuing Operation Net Minority Interest": -11739389.0,
        "Reconciled Depreciation": 1146789.0,
        "Reconciled Cost Of Revenue": 1237332.0,
        "EBITDA": -10796037.0,
        "EBIT": -11942826.0,
        "Net Interest Income": -244566.0,
        "Interest Expense": 244566.0,
        "Normalized Income": -3610025.829848,
        "Net Income From Continuing And Discontinued Operation": -25234682.0,
        "Total Expenses": 6128021.0,
        "Total Operating Income As Reported": -11686477.0,
        "Diluted Average Shares": 4515021.0,
        "Basic Average Shares": 4515021.0,
        "Diluted EPS": -5.8,
        "Basic EPS": -5.8,
        "Diluted NI Availto Com Stockholders": -26190182.0,
        "Net Income Common Stockholders": -26190182.0,
        "Preferred Stock Dividends": 955500.0,
        "Net Income": -25234682.0,
        "Net Income Including Noncontrolling Interests": -25234682.0,
        "Net Income Discontinuous Operations": -13495293.0,
        "Net Income Continuous Operations": -11739389.0,
        "Earnings From Equity Interest Net Of Tax": 0.0,
        "Tax Provision": -448003.0,
        "Pretax Income": -12187392.0,
        "Other Income Expense": -8660700.0,
        "Other Non Operating Income Expenses": -221101.0,
        "Special Income Charges": -8404351.0,
        "Impairment Of Capital Assets": 8404351.0,
        "Gain On Sale Of Security": -35248.0,
        "Net Non Operating Interest Income Expense": -244566.0,
        "Total Other Finance Cost": NaN,
        "Interest Expense Non Operating": 244566.0,
        "Operating Income": -3282126.0,
        "Operating Expense": 4890689.0,
        "Depreciation Amortization Depletion Income Statement": 1146789.0,
        "Depreciation And Amortization In Income Statement": 1146789.0,
        "Research And Development": 740662.0,
        "Selling General And Administration": 3003238.0,
        "Selling And Marketing Expense": 1068189.0,
        "General And Administrative Expense": 1935049.0,
        "Other Gand A": 1935049.0,
        "Gross Profit": 1608563.0,
        "Cost Of Revenue": 1237332.0,
        "Total Revenue": 2845895.0,
        "Operating Revenue": 2834136.0
    },
    "2022-09-30": {
        "Tax Effect Of Unusual Items": 52069.318357,
        "Tax Rate For Calcs": 0.017343,
        "Normalized EBITDA": -4721505.0,
        "Total Unusual Items": 3002256.0,
        "Total Unusual Items Excluding Goodwill": 3002256.0,
        "Net Income From Continuing Operation Net Minority Interest": -2304088.0,
        "Reconciled Depreciation": 2118739.0,
        "Reconciled Cost Of Revenue": 2051862.0,
        "EBITDA": -1719249.0,
        "EBIT": -3837988.0,
        "Net Interest Income": -396022.0,
        "Interest Expense": NaN,
        "Normalized Income": -5254274.681643,
        "Net Income From Continuing And Discontinued Operation": -2304088.0,
        "Total Expenses": 9250790.0,
        "Total Operating Income As Reported": -837988.0,
        "Diluted Average Shares": 3883847.0,
        "Basic Average Shares": 3883847.0,
        "Diluted EPS": -0.59,
        "Basic EPS": -0.59,
        "Diluted NI Availto Com Stockholders": -2304088.0,
        "Net Income Common Stockholders": -2304088.0,
        "Preferred Stock Dividends": NaN,
        "Net Income": -2304088.0,
        "Net Income Including Noncontrolling Interests": -2304088.0,
        "Net Income Discontinuous Operations": NaN,
        "Net Income Continuous Operations": -2304088.0,
        "Earnings From Equity Interest Net Of Tax": 0.0,
        "Tax Provision": -40666.0,
        "Pretax Income": -2344754.0,
        "Other Income Expense": 1889256.0,
        "Other Non Operating Income Expenses": -1113000.0,
        "Special Income Charges": 3000000.0,
        "Impairment Of Capital Assets": 0.0,
        "Restructuring And Mergern Acquisition": -3000000.0,
        "Gain On Sale Of Security": 2256.0,
        "Net Non Operating Interest Income Expense": -396022.0,
        "Total Other Finance Cost": 396022.0,
        "Interest Expense Non Operating": NaN,
        "Operating Income": -3837988.0,
        "Operating Expense": 7198928.0,
        "Depreciation Amortization Depletion Income Statement": 2118739.0,
        "Depreciation And Amortization In Income Statement": 2118739.0,
        "Research And Development": 1374133.0,
        "Selling General And Administration": 3706056.0,
        "Selling And Marketing Expense": 1882980.0,
        "General And Administrative Expense": 1823076.0,
        "Other Gand A": 1823076.0,
        "Gross Profit": 3360940.0,
        "Cost Of Revenue": 2051862.0,
        "Total Revenue": 5412802.0,
        "Operating Revenue": 5403330.0
    },
    "2022-06-30": {
        "Tax Effect Of Unusual Items": -103869.641539,
        "Tax Rate For Calcs": 0.004312,
        "Normalized EBITDA": 20972270.0,
        "Total Unusual Items": -24088221.0,
        "Total Unusual Items Excluding Goodwill": -24088221.0,
        "Net Income From Continuing Operation Net Minority Interest": -29565947.0,
        "Reconciled Depreciation": 1982833.0,
        "Reconciled Cost Of Revenue": 1835977.0,
        "EBITDA": -3115951.0,
        "EBIT": -5098784.0,
        "Net Interest Income": -212984.0,
        "Interest Expense": NaN,
        "Normalized Income": -5581595.641539,
        "Net Income From Continuing And Discontinued Operation": -29565947.0,
        "Total Expenses": 11184665.0,
        "Total Operating Income As Reported": -29220850.0,
        "Diluted Average Shares": 1773889.0,
        "Basic Average Shares": 1773889.0,
        "Diluted EPS": -16.67,
        "Basic EPS": -16.67,
        "Diluted NI Availto Com Stockholders": -29565947.0,
        "Net Income Common Stockholders": -29565947.0,
        "Preferred Stock Dividends": NaN,
        "Net Income": -29565947.0,
        "Net Income Including Noncontrolling Interests": -29565947.0,
        "Net Income Discontinuous Operations": NaN,
        "Net Income Continuous Operations": -29565947.0,
        "Earnings From Equity Interest Net Of Tax": 0.0,
        "Tax Provision": -128042.0,
        "Pretax Income": -29693989.0,
        "Other Income Expense": -24382221.0,
        "Other Non Operating Income Expenses": -294000.0,
        "Special Income Charges": -24122066.0,
        "Impairment Of Capital Assets": 24122066.0,
        "Restructuring And Mergern Acquisition": NaN,
        "Gain On Sale Of Security": 33845.0,
        "Net Non Operating Interest Income Expense": -212984.0,
        "Total Other Finance Cost": 212984.0,
        "Interest Expense Non Operating": NaN,
        "Operating Income": -5098784.0,
        "Operating Expense": 9348688.0,
        "Depreciation Amortization Depletion Income Statement": 1982833.0,
        "Depreciation And Amortization In Income Statement": 1982833.0,
        "Research And Development": 1761428.0,
        "Selling General And Administration": 5604427.0,
        "Selling And Marketing Expense": 3185318.0,
        "General And Administrative Expense": 2419109.0,
        "Other Gand A": 2419109.0,
        "Gross Profit": 4249904.0,
        "Cost Of Revenue": 1835977.0,
        "Total Revenue": 6085881.0,
        "Operating Revenue": 6036229.0
    },
    "2022-03-31": {
        "Diluted EPS": -13.89,
        "Total Revenue": 4,
        "Gross Profit": 3,
        "Operating Income": -20,
        "EBIT": -18,
        "Net Income": -22
    },
    "2021-12-31": {
        "Diluted EPS": -12.47,
        "Total Revenue": 4,
        "Gross Profit": 1,
        "Operating Income": -20,
        "EBIT": -18,
        "Net Income": -17
    },
    "2021-09-30": {
        "Diluted EPS": -1.17,
        "Total Revenue": 5,
        "Gross Profit": 3,
        "Operating Income": -4,
        "EBIT": -2,
        "Net Income": -2
    },
    "2021-06-30": {
        "Diluted EPS": -5.0,
        "Total Revenue": 5,
        "Gross Profit": 3,
        "Operating Income": -6,
        "EBIT": -5,
        "Net Income": -6
    },
    "2021-03-31": {
        "Diluted EPS": -5.8,
        "Total Revenue": 4,
        "Gross Profit": 3,
        "Operating Income": -4,
        "EBIT": -2,
        "Net Income": -6
    },
    "2020-12-31": {
        "Diluted EPS": 0.0,
        "Total Revenue": NaN,
        "Gross Profit": NaN,
        "Operating Income": NaN,
        "EBIT": NaN,
        "Net Income": NaN
    },
    "2020-09-30": {
        "Diluted EPS": -5.8,
        "Total Revenue": 4,
        "Gross Profit": 2,
        "Operating Income": -6,
        "EBIT": -4,
        "Net Income": -4
    },
    "2020-06-30": {
        "Diluted EPS": -9.2,
        "Total Revenue": 3,
        "Gross Profit": 1,
        "Operating Income": -6,
        "EBIT": -5,
        "Net Income": -5
    },
    "2020-03-31": {
        "Diluted EPS": -7.2,
        "Total Revenue": 3,
        "Gross Profit": 2,
        "Operating Income": -5,
        "EBIT": -5,
        "Net Income": -5
    },
    "2019-12-31": {
        "Diluted EPS": -8.0,
        "Total Revenue": 3,
        "Gross Profit": 2,
        "Operating Income": 3,
        "EBIT": 3,
        "Net Income": -4
    },
    "2019-09-30": {
        "Diluted EPS": -4.2,
        "Total Revenue": 3,
        "Gross Profit": 2,
        "Operating Income": -2,
        "EBIT": -2,
        "Net Income": -2
    },
    "2019-06-30": {
        "Diluted EPS": 0.0,
        "Total Revenue": NaN,
        "Gross Profit": NaN,
        "Operating Income": NaN,
        "EBIT": NaN,
        "Net Income": NaN
    },
    "2019-03-31": {
        "Diluted EPS": -8.2,
        "Total Revenue": 2,
        "Gross Profit": 1,
        "Operating Income": -3,
        "EBIT": -3,
        "Net Income": -2
    },
    "2018-12-31": {
        "Diluted EPS": -8.0,
        "Total Revenue": 3,
        "Gross Profit": 1,
        "Operating Income": -2,
        "EBIT": -2,
        "Net Income": -2
    },
    "2018-09-30": {
        "Diluted EPS": -6.2,
        "Total Revenue": 2,
        "Gross Profit": 1,
        "Operating Income": -2,
        "EBIT": -2,
        "Net Income": -2
    },
    "2018-06-30": {
        "Diluted EPS": -0.6,
        "Total Revenue": NaN,
        "Gross Profit": NaN,
        "Operating Income": 0,
        "EBIT": 0,
        "Net Income": 0
    },
    "2018-03-31": {
        "Diluted EPS": -0.8,
        "Total Revenue": NaN,
        "Gross Profit": NaN,
        "Operating Income": 0,
        "EBIT": 0,
        "Net Income": 0
    },
    "2017-12-31": {
        "Diluted EPS": 0.0,
        "Total Revenue": NaN,
        "Gross Profit": NaN,
        "Operating Income": NaN,
        "EBIT": NaN,
        "Net Income": NaN
    },
    "2023-06-30": {
        "Tax Effect Of Unusual Items": 0.0,
        "Tax Rate For Calcs": 0.0,
        "Normalized EBITDA": -587620.0,
        "Total Unusual Items": -893000.0,
        "Total Unusual Items Excluding Goodwill": -893000.0,
        "Net Income From Continuing Operation Net Minority Interest": -3081951.0,
        "Reconciled Depreciation": 278456.0,
        "Reconciled Cost Of Revenue": 962896.0,
        "EBITDA": -1480620.0,
        "EBIT": -1759076.0,
        "Net Interest Income": -227055.0,
        "Interest Expense": NaN,
        "Normalized Income": -2188951.0,
        "Net Income From Continuing And Discontinued Operation": -3081951.0,
        "Total Expenses": 4046944.0,
        "Total Operating Income As Reported": -1759076.0,
        "Diluted Average Shares": 5969086.0,
        "Basic Average Shares": 5969086.0,
        "Diluted EPS": -0.52,
        "Basic EPS": -0.52,
        "Diluted NI Availto Com Stockholders": -3081951.0,
        "Net Income Common Stockholders": -3081951.0,
        "Preferred Stock Dividends": NaN,
        "Net Income": -3081951.0,
        "Net Income Including Noncontrolling Interests": -3081951.0,
        "Net Income Discontinuous Operations": 0.0,
        "Net Income Continuous Operations": -3081951.0,
        "Earnings From Equity Interest Net Of Tax": NaN,
        "Tax Provision": 0.0,
        "Pretax Income": -3081951.0,
        "Other Income Expense": -1095820.0,
        "Other Non Operating Income Expenses": -202820.0,
        "Special Income Charges": 0.0,
        "Impairment Of Capital Assets": 0.0,
        "Gain On Sale Of Security": -893000.0,
        "Net Non Operating Interest Income Expense": -227055.0,
        "Total Other Finance Cost": 227055.0,
        "Interest Expense Non Operating": NaN,
        "Operating Income": -1759076.0,
        "Operating Expense": 3084048.0,
        "Depreciation Amortization Depletion Income Statement": 278456.0,
        "Depreciation And Amortization In Income Statement": 278456.0,
        "Research And Development": 659287.0,
        "Selling General And Administration": 2146305.0,
        "Selling And Marketing Expense": 650358.0,
        "General And Administrative Expense": 1495947.0,
        "Other Gand A": 1495947.0,
        "Gross Profit": 1324972.0,
        "Cost Of Revenue": 962896.0,
        "Total Revenue": 2287868.0,
        "Operating Revenue": 2282592.0
    },
    "2023-09-30": {
        "Tax Effect Of Unusual Items": 0.0,
        "Tax Rate For Calcs": 0.0,
        "Normalized EBITDA": -801373.0,
        "Total Unusual Items": -707103.0,
        "Total Unusual Items Excluding Goodwill": -707103.0,
        "Net Income From Continuing Operation Net Minority Interest": -2594938.0,
        "Reconciled Depreciation": 176714.0,
        "Reconciled Cost Of Revenue": 974712.0,
        "EBITDA": -1508476.0,
        "EBIT": -1685191.0,
        "Net Interest Income": -202644.0,
        "Interest Expense": NaN,
        "Normalized Income": -1887835.0,
        "Net Income From Continuing And Discontinued Operation": -2594938.0,
        "Total Expenses": 3767744.0,
        "Total Operating Income As Reported": -2577294.0,
        "Diluted Average Shares": 8195393.0,
        "Basic Average Shares": 8195393.0,
        "Diluted EPS": -0.32,
        "Basic EPS": -0.32,
        "Diluted NI Availto Com Stockholders": -2594938.0,
        "Net Income Common Stockholders": -2594938.0,
        "Preferred Stock Dividends": NaN,
        "Net Income": -2594938.0,
        "Net Income Including Noncontrolling Interests": -2594938.0,
        "Net Income Discontinuous Operations": 0.0,
        "Net Income Continuous Operations": -2594938.0,
        "Earnings From Equity Interest Net Of Tax": NaN,
        "Tax Provision": 0.0,
        "Pretax Income": -2594938.0,
        "Other Income Expense": -707103.0,
        "Other Non Operating Income Expenses": NaN,
        "Special Income Charges": -892103.0,
        "Impairment Of Capital Assets": 892103.0,
        "Gain On Sale Of Security": 185000.0,
        "Net Non Operating Interest Income Expense": -202644.0,
        "Total Other Finance Cost": 202644.0,
        "Interest Expense Non Operating": NaN,
        "Operating Income": -1685191.0,
        "Operating Expense": 2793033.0,
        "Depreciation Amortization Depletion Income Statement": 176715.0,
        "Depreciation And Amortization In Income Statement": 176715.0,
        "Research And Development": 649070.0,
        "Selling General And Administration": 1967248.0,
        "Selling And Marketing Expense": 566147.0,
        "General And Administrative Expense": 1401101.0,
        "Other Gand A": 1401101.0,
        "Gross Profit": 1107842.0,
        "Cost Of Revenue": 974711.0,
        "Total Revenue": 2082553.0,
        "Operating Revenue": 2076045.0
    }
}