{
    "2023-06-30": {
        "Tax Effect Of Unusual Items": 0.0,
        "Tax Rate For Calcs": 0.167,
        "Total Unusual Items": NaN,
        "Total Unusual Items Excluding Goodwill": NaN,
        "Net Income From Continuing Operation Net Minority Interest": 286000000.0,
        "Reconciled Depreciation": 35000000.0,
        "Net Interest Income": 978000000.0,
        "Interest Expense": 1032000000.0,
        "Interest Income": 2010000000.0,
        "Normalized Income": 286000000.0,
        "Net Income From Continuing And Discontinued Operation": 287000000.0,
        "Rent Expense Supplemental": 21000000.0,
        "Diluted Average Shares": 930454000.0,
        "Basic Average Shares": 926741000.0,
        "Diluted EPS": 0.27,
        "Basic EPS": 0.27,
        "Diluted NI Availto Com Stockholders": 251000000.0,
        "Net Income Common Stockholders": 251000000.0,
        "Preferred Stock Dividends": 36000000.0,
        "Net Income": 287000000.0,
        "Minority Interests": 0.0,
        "Net Income Including Noncontrolling Interests": 287000000.0,
        "Net Income Discontinuous Operations": 1000000.0,
        "Net Income Continuous Operations": 286000000.0,
        "Tax Provision": 58000000.0,
        "Pretax Income": 344000000.0,
        "Special Income Charges": NaN,
        "Other Special Charges": NaN,
        "Gain On Sale Of Security": NaN,
        "Selling General And Administration": 672000000.0,
        "Selling And Marketing Expense": 29000000.0,
        "General And Administrative Expense": 643000000.0,
        "Rent And Landing Fees": 21000000.0,
        "Salaries And Wages": 622000000.0,
        "Total Revenue": 1546000000.0,
        "Operating Revenue": 1546000000.0
    },
    "2023-03-31": {
        "Tax Effect Of Unusual Items": 0.0,
        "Tax Rate For Calcs": 0.207,
        "Total Unusual Items": NaN,
        "Total Unusual Items Excluding Goodwill": NaN,
        "Net Income From Continuing Operation Net Minority Interest": 311000000.0,
        "Reconciled Depreciation": 36000000.0,
        "Net Interest Income": 1099000000.0,
        "Interest Expense": 725000000.0,
        "Interest Income": 1824000000.0,
        "Normalized Income": 311000000.0,
        "Net Income From Continuing And Discontinued Operation": 312000000.0,
        "Rent Expense Supplemental": 20000000.0,
        "Diluted Average Shares": 933804000.0,
        "Basic Average Shares": 926490000.0,
        "Diluted EPS": 0.3,
        "Basic EPS": 0.3,
        "Diluted NI Availto Com Stockholders": 276000000.0,
        "Net Income Common Stockholders": 276000000.0,
        "Preferred Stock Dividends": 36000000.0,
        "Net Income": 312000000.0,
        "Minority Interests": 0.0,
        "Net Income Including Noncontrolling Interests": 312000000.0,
        "Net Income Discontinuous Operations": 1000000.0,
        "Net Income Continuous Operations": 311000000.0,
        "Tax Provision": 81000000.0,
        "Pretax Income": 392000000.0,
        "Special Income Charges": NaN,
        "Other Special Charges": NaN,
        "Gain On Sale Of Security": NaN,
        "Selling General And Administration": 742000000.0,
        "Selling And Marketing Expense": 21000000.0,
        "General And Administrative Expense": 721000000.0,
        "Rent And Landing Fees": 20000000.0,
        "Salaries And Wages": 701000000.0,
        "Total Revenue": 1662000000.0,
        "Operating Revenue": 1662000000.0
    },
    "2022-12-31": {
        "Tax Effect Of Unusual Items": -1293617.021277,
        "Tax Rate For Calcs": 0.161702,
        "Total Unusual Items": -8000000.0,
        "Total Unusual Items Excluding Goodwill": -8000000.0,
        "Net Income From Continuing Operation Net Minority Interest": 394000000.0,
        "Reconciled Depreciation": 37000000.0,
        "Net Interest Income": 1220000000.0,
        "Interest Expense": 475000000.0,
        "Interest Income": 1695000000.0,
        "Normalized Income": 400706382.978723,
        "Net Income From Continuing And Discontinued Operation": 394000000.0,
        "Rent Expense Supplemental": 22000000.0,
        "Diluted Average Shares": 933724000.0,
        "Basic Average Shares": 924974000.0,
        "Diluted EPS": 0.38,
        "Basic EPS": 0.38,
        "Diluted NI Availto Com Stockholders": 356000000.0,
        "Net Income Common Stockholders": 356000000.0,
        "Preferred Stock Dividends": 38000000.0,
        "Net Income": 394000000.0,
        "Minority Interests": 0.0,
        "Net Income Including Noncontrolling Interests": 394000000.0,
        "Net Income Discontinuous Operations": 0.0,
        "Net Income Continuous Operations": 394000000.0,
        "Tax Provision": 76000000.0,
        "Pretax Income": 470000000.0,
        "Special Income Charges": -8000000.0,
        "Other Special Charges": -2000000.0,
        "Gain On Sale Of Security": -18000000.0,
        "Selling General And Administration": 717000000.0,
        "Selling And Marketing Expense": 31000000.0,
        "General And Administrative Expense": 686000000.0,
        "Rent And Landing Fees": 22000000.0,
        "Salaries And Wages": 664000000.0,
        "Total Revenue": 1829000000.0,
        "Operating Revenue": 1829000000.0
    },
    "2022-09-30": {
        "Tax Effect Of Unusual Items": -373493.975904,
        "Tax Rate For Calcs": 0.186747,
        "Total Unusual Items": -2000000.0,
        "Total Unusual Items Excluding Goodwill": -2000000.0,
        "Net Income From Continuing Operation Net Minority Interest": 540000000.0,
        "Reconciled Depreciation": 26000000.0,
        "Net Interest Income": 1196000000.0,
        "Interest Expense": 248000000.0,
        "Interest Income": 1444000000.0,
        "Normalized Income": 541626506.024096,
        "Net Income From Continuing And Discontinued Operation": 542000000.0,
        "Rent Expense Supplemental": 24000000.0,
        "Diluted Average Shares": 932455000.0,
        "Basic Average Shares": 924594000.0,
        "Diluted EPS": 0.55,
        "Basic EPS": 0.55,
        "Diluted NI Availto Com Stockholders": 515000000.0,
        "Net Income Common Stockholders": 515000000.0,
        "Otherunder Preferred Stock Dividend": 27000000.0,
        "Preferred Stock Dividends": 27000000.0,
        "Net Income": 542000000.0,
        "Minority Interests": 0.0,
        "Net Income Including Noncontrolling Interests": 542000000.0,
        "Net Income Discontinuous Operations": 2000000.0,
        "Net Income Continuous Operations": 540000000.0,
        "Tax Provision": 124000000.0,
        "Pretax Income": 664000000.0,
        "Special Income Charges": -2000000.0,
        "Other Special Charges": NaN,
        "Restructuring And Mergern Acquisition": 2000000.0,
        "Gain On Sale Of Security": 9000000.0,
        "Selling General And Administration": 707000000.0,
        "Selling And Marketing Expense": 30000000.0,
        "General And Administrative Expense": 677000000.0,
        "Rent And Landing Fees": 24000000.0,
        "Salaries And Wages": 653000000.0,
        "Total Revenue": 1832000000.0,
        "Operating Revenue": 1832000000.0
    },
    "2022-06-30": {
        "Tax Effect Of Unusual Items": -797583.081571,
        "Tax Rate For Calcs": 0.199396,
        "Total Unusual Items": -4000000.0,
        "Total Unusual Items Excluding Goodwill": -4000000.0,
        "Net Income From Continuing Operation Net Minority Interest": 530000000.0,
        "Reconciled Depreciation": 34000000.0,
        "Net Interest Income": 1097000000.0,
        "Interest Expense": 96000000.0,
        "Interest Income": 1193000000.0,
        "Normalized Income": 533202416.918429,
        "Net Income From Continuing And Discontinued Operation": 533000000.0,
        "Rent Expense Supplemental": 27000000.0,
        "Diluted Average Shares": 931808000.0,
        "Basic Average Shares": 924302000.0,
        "Diluted EPS": 0.54,
        "Basic EPS": 0.55,
        "Diluted NI Availto Com Stockholders": 507000000.0,
        "Net Income Common Stockholders": 507000000.0,
        "Otherunder Preferred Stock Dividend": 26000000.0,
        "Preferred Stock Dividends": 26000000.0,
        "Net Income": 533000000.0,
        "Minority Interests": 0.0,
        "Net Income Including Noncontrolling Interests": 533000000.0,
        "Net Income Discontinuous Operations": 3000000.0,
        "Net Income Continuous Operations": 530000000.0,
        "Tax Provision": 132000000.0,
        "Pretax Income": 662000000.0,
        "Special Income Charges": -4000000.0,
        "Other Special Charges": -4000000.0,
        "Restructuring And Mergern Acquisition": 4000000.0,
        "Gain On Sale Of Security": NaN,
        "Selling General And Administration": 664000000.0,
        "Selling And Marketing Expense": 34000000.0,
        "General And Administrative Expense": 630000000.0,
        "Rent And Landing Fees": 27000000.0,
        "Salaries And Wages": 603000000.0,
        "Total Revenue": 1733000000.0,
        "Operating Revenue": 1733000000.0
    },
    "2022-03-31": {
        "Diluted EPS": 0.45,
        "Total Revenue": NaN,
        "Gross Profit": NaN,
        "Operating Income": 537,
        "EBIT": NaN,
        "Net Income": 421
    },
    "2021-12-31": {
        "Diluted EPS": 0.64,
        "Total Revenue": NaN,
        "Gross Profit": NaN,
        "Operating Income": 768,
        "EBIT": NaN,
        "Net Income": 603
    },
    "2021-09-30": {
        "Diluted EPS": 0.65,
        "Total Revenue": NaN,
        "Gross Profit": NaN,
        "Operating Income": 808,
        "EBIT": NaN,
        "Net Income": 618
    },
    "2021-06-30": {
        "Diluted EPS": 0.73,
        "Total Revenue": NaN,
        "Gross Profit": NaN,
        "Operating Income": 913,
        "EBIT": NaN,
        "Net Income": 703
    },
    "2021-03-31": {
        "Diluted EPS": 0.61,
        "Total Revenue": NaN,
        "Gross Profit": NaN,
        "Operating Income": 765,
        "EBIT": NaN,
        "Net Income": 595
    },
    "2020-12-31": {
        "Diluted EPS": 0.57,
        "Total Revenue": NaN,
        "Gross Profit": NaN,
        "Operating Income": 639,
        "EBIT": NaN,
        "Net Income": 556
    },
    "2020-09-30": {
        "Diluted EPS": 0.41,
        "Total Revenue": NaN,
        "Gross Profit": NaN,
        "Operating Income": 484,
        "EBIT": NaN,
        "Net Income": 401
    },
    "2020-06-30": {
        "Diluted EPS": 0.17,
        "Total Revenue": NaN,
        "Gross Profit": NaN,
        "Operating Income": 215,
        "EBIT": NaN,
        "Net Income": 161
    },
    "2020-03-31": {
        "Diluted EPS": 0.12,
        "Total Revenue": NaN,
        "Gross Profit": NaN,
        "Operating Income": 168,
        "EBIT": NaN,
        "Net Income": 119
    },
    "2019-12-31": {
        "Diluted EPS": 0.45,
        "Total Revenue": NaN,
        "Gross Profit": NaN,
        "Operating Income": 508,
        "EBIT": NaN,
        "Net Income": 442
    },
    "2019-09-30": {
        "Diluted EPS": 0.39,
        "Total Revenue": NaN,
        "Gross Profit": NaN,
        "Operating Income": 483,
        "EBIT": NaN,
        "Net Income": 386
    },
    "2019-06-30": {
        "Diluted EPS": 0.4,
        "Total Revenue": NaN,
        "Gross Profit": NaN,
        "Operating Income": 510,
        "EBIT": NaN,
        "Net Income": 405
    },
    "2019-03-31": {
        "Diluted EPS": 0.38,
        "Total Revenue": NaN,
        "Gross Profit": NaN,
        "Operating Income": 488,
        "EBIT": NaN,
        "Net Income": 387
    },
    "2018-12-31": {
        "Diluted EPS": 0.44,
        "Total Revenue": NaN,
        "Gross Profit": NaN,
        "Operating Income": 574,
        "EBIT": NaN,
        "Net Income": 461
    },
    "2018-09-30": {
        "Diluted EPS": 0.45,
        "Total Revenue": NaN,
        "Gross Profit": NaN,
        "Operating Income": 569,
        "EBIT": NaN,
        "Net Income": 468
    },
    "2018-06-30": {
        "Diluted EPS": 0.44,
        "Total Revenue": NaN,
        "Gross Profit": NaN,
        "Operating Income": 582,
        "EBIT": NaN,
        "Net Income": 467
    },
    "2018-03-31": {
        "Diluted EPS": 0.38,
        "Total Revenue": NaN,
        "Gross Profit": NaN,
        "Operating Income": 478,
        "EBIT": NaN,
        "Net Income": 404
    },
    "2017-12-31": {
        "Diluted EPS": 0.18,
        "Total Revenue": NaN,
        "Gross Profit": NaN,
        "Operating Income": 447,
        "EBIT": NaN,
        "Net Income": 182
    },
    "2017-09-30": {
        "Diluted EPS": 0.32,
        "Total Revenue": NaN,
        "Gross Profit": NaN,
        "Operating Income": 497,
        "EBIT": NaN,
        "Net Income": 350
    },
    "2017-06-30": {
        "Diluted EPS": 0.36,
        "Total Revenue": NaN,
        "Gross Profit": NaN,
        "Operating Income": 565,
        "EBIT": NaN,
        "Net Income": 398
    },
    "2017-03-31": {
        "Diluted EPS": 0.27,
        "Total Revenue": NaN,
        "Gross Profit": NaN,
        "Operating Income": 419,
        "EBIT": NaN,
        "Net Income": 296
    },
    "2016-12-31": {
        "Diluted EPS": 0.18,
        "Total Revenue": NaN,
        "Gross Profit": NaN,
        "Operating Income": 270,
        "EBIT": NaN,
        "Net Income": 209
    },
    "2016-09-30": {
        "Diluted EPS": 0.17,
        "Total Revenue": NaN,
        "Gross Profit": NaN,
        "Operating Income": 188,
        "EBIT": NaN,
        "Net Income": 166
    },
    "2016-06-30": {
        "Diluted EPS": 0.23,
        "Total Revenue": NaN,
        "Gross Profit": NaN,
        "Operating Income": 267,
        "EBIT": NaN,
        "Net Income": 196
    },
    "2016-03-31": {
        "Diluted EPS": 0.22,
        "Total Revenue": NaN,
        "Gross Profit": NaN,
        "Operating Income": 243,
        "EBIT": NaN,
        "Net Income": 183
    },
    "2015-12-31": {
        "Diluted EPS": 0.27,
        "Total Revenue": NaN,
        "Gross Profit": NaN,
        "Operating Income": 297,
        "EBIT": NaN,
        "Net Income": 220
    },
    "2015-09-30": {
        "Diluted EPS": 0.25,
        "Total Revenue": NaN,
        "Gross Profit": NaN,
        "Operating Income": 301,
        "EBIT": NaN,
        "Net Income": 213
    },
    "2015-06-30": {
        "Diluted EPS": 0.27,
        "Total Revenue": NaN,
        "Gross Profit": NaN,
        "Operating Income": 320,
        "EBIT": NaN,
        "Net Income": 233
    },
    "2015-03-31": {
        "Diluted EPS": 0.26,
        "Total Revenue": NaN,
        "Gross Profit": NaN,
        "Operating Income": 304,
        "EBIT": NaN,
        "Net Income": 227
    },
    "2014-12-31": {
        "Diluted EPS": 0.28,
        "Total Revenue": NaN,
        "Gross Profit": NaN,
        "Operating Income": 336,
        "EBIT": NaN,
        "Net Income": 248
    },
    "2014-09-30": {
        "Diluted EPS": 0.21,
        "Total Revenue": NaN,
        "Gross Profit": 992,
        "Operating Income": 267,
        "EBIT": NaN,
        "Net Income": 180
    },
    "2014-06-30": {
        "Diluted EPS": 0.24,
        "Total Revenue": NaN,
        "Gross Profit": NaN,
        "Operating Income": 329,
        "EBIT": NaN,
        "Net Income": 214
    },
    "2014-03-31": {
        "Diluted EPS": 0.26,
        "Total Revenue": NaN,
        "Gross Profit": 998,
        "Operating Income": 340,
        "EBIT": NaN,
        "Net Income": 236
    },
    "2013-12-31": {
        "Diluted EPS": 0.25,
        "Total Revenue": NaN,
        "Gross Profit": NaN,
        "Operating Income": 294,
        "EBIT": NaN,
        "Net Income": 224
    },
    "2013-09-30": {
        "Diluted EPS": 0.29,
        "Total Revenue": NaN,
        "Gross Profit": NaN,
        "Operating Income": 296,
        "EBIT": NaN,
        "Net Income": 266
    },
    "2013-06-30": {
        "Diluted EPS": 0.22,
        "Total Revenue": NaN,
        "Gross Profit": NaN,
        "Operating Income": 276,
        "EBIT": NaN,
        "Net Income": 198
    },
    "2013-03-31": {
        "Diluted EPS": 0.21,
        "Total Revenue": NaN,
        "Gross Profit": NaN,
        "Operating Income": 275,
        "EBIT": NaN,
        "Net Income": 199
    },
    "2012-12-31": {
        "Diluted EPS": 0.22,
        "Total Revenue": NaN,
        "Gross Profit": NaN,
        "Operating Income": 247,
        "EBIT": NaN,
        "Net Income": 192
    },
    "2012-09-30": {
        "Diluted EPS": 0.23,
        "Total Revenue": NaN,
        "Gross Profit": NaN,
        "Operating Income": 267,
        "EBIT": NaN,
        "Net Income": 219
    },
    "2012-06-30": {
        "Diluted EPS": 0.24,
        "Total Revenue": NaN,
        "Gross Profit": 995,
        "Operating Income": 287,
        "EBIT": NaN,
        "Net Income": 231
    },
    "2012-03-31": {
        "Diluted EPS": 0.2,
        "Total Revenue": NaN,
        "Gross Profit": 995,
        "Operating Income": 274,
        "EBIT": NaN,
        "Net Income": 194
    },
    "2011-12-31": {
        "Diluted EPS": 0.21,
        "Total Revenue": 992,
        "Gross Profit": 851,
        "Operating Income": 251,
        "EBIT": NaN,
        "Net Income": 194
    },
    "2011-09-30": {
        "Diluted EPS": 0.22,
        "Total Revenue": NaN,
        "Gross Profit": NaN,
        "Operating Income": 329,
        "EBIT": NaN,
        "Net Income": 212
    },
    "2011-06-30": {
        "Diluted EPS": 0.25,
        "Total Revenue": NaN,
        "Gross Profit": NaN,
        "Operating Income": 334,
        "EBIT": NaN,
        "Net Income": 234
    },
    "2011-03-31": {
        "Diluted EPS": 0.19,
        "Total Revenue": NaN,
        "Gross Profit": NaN,
        "Operating Income": 389,
        "EBIT": NaN,
        "Net Income": 173
    },
    "2010-12-31": {
        "Diluted EPS": 0.32,
        "Total Revenue": NaN,
        "Gross Profit": NaN,
        "Operating Income": 496,
        "EBIT": NaN,
        "Net Income": 279
    },
    "2010-09-30": {
        "Diluted EPS": 0.2,
        "Total Revenue": NaN,
        "Gross Profit": NaN,
        "Operating Income": 286,
        "EBIT": NaN,
        "Net Income": 178
    },
    "2010-06-30": {
        "Diluted EPS": 0.03,
        "Total Revenue": NaN,
        "Gross Profit": NaN,
        "Operating Income": 102,
        "EBIT": NaN,
        "Net Income": 29
    },
    "2010-03-31": {
        "Diluted EPS": -0.11,
        "Total Revenue": NaN,
        "Gross Profit": NaN,
        "Operating Income": -125,
        "EBIT": NaN,
        "Net Income": -96
    },
    "2009-12-31": {
        "Diluted EPS": -0.05,
        "Total Revenue": NaN,
        "Gross Profit": NaN,
        "Operating Income": -501,
        "EBIT": NaN,
        "Net Income": -265
    },
    "2009-09-30": {
        "Diluted EPS": -0.52,
        "Total Revenue": NaN,
        "Gross Profit": 974,
        "Operating Income": -586,
        "EBIT": NaN,
        "Net Income": -438
    },
    "2009-06-30": {
        "Diluted EPS": -0.68,
        "Total Revenue": NaN,
        "Gross Profit": NaN,
        "Operating Income": -392,
        "EBIT": NaN,
        "Net Income": -390
    },
    "2009-03-31": {
        "Diluted EPS": -1.09,
        "Total Revenue": NaN,
        "Gross Profit": NaN,
        "Operating Income": -511,
        "EBIT": NaN,
        "Net Income": -536
    },
    "2023-09-30": {
        "Tax Effect Of Unusual Items": 0.0,
        "Tax Rate For Calcs": 0.178,
        "Total Unusual Items": NaN,
        "Total Unusual Items Excluding Goodwill": NaN,
        "Net Income From Continuing Operation Net Minority Interest": 302000000.0,
        "Reconciled Depreciation": 35000000.0,
        "Net Interest Income": 915000000.0,
        "Interest Expense": 1128000000.0,
        "Interest Income": 2043000000.0,
        "Normalized Income": 302000000.0,
        "Net Income From Continuing And Discontinued Operation": 303000000.0,
        "Rent Expense Supplemental": 18000000.0,
        "Diluted Average Shares": 931744000.0,
        "Basic Average Shares": 927131000.0,
        "Diluted EPS": 0.29,
        "Basic EPS": 0.29,
        "Diluted NI Availto Com Stockholders": 267000000.0,
        "Net Income Common Stockholders": 267000000.0,
        "Preferred Stock Dividends": 36000000.0,
        "Net Income": 303000000.0,
        "Minority Interests": 0.0,
        "Net Income Including Noncontrolling Interests": 303000000.0,
        "Net Income Discontinuous Operations": 1000000.0,
        "Net Income Continuous Operations": 302000000.0,
        "Tax Provision": 65000000.0,
        "Pretax Income": 367000000.0,
        "Special Income Charges": NaN,
        "Other Special Charges": NaN,
        "Gain On Sale Of Security": NaN,
        "Selling General And Administration": 709000000.0,
        "Selling And Marketing Expense": 28000000.0,
        "General And Administrative Expense": 681000000.0,
        "Rent And Landing Fees": 18000000.0,
        "Salaries And Wages": 663000000.0,
        "Total Revenue": 1520000000.0,
        "Operating Revenue": 1520000000.0
    },
    "2023-12-31": {
        "Tax Effect Of Unusual Items": NaN,
        "Tax Rate For Calcs": NaN,
        "Total Unusual Items": NaN,
        "Total Unusual Items Excluding Goodwill": NaN,
        "Net Income From Continuing Operation Net Minority Interest": NaN,
        "Reconciled Depreciation": NaN,
        "Net Interest Income": NaN,
        "Interest Expense": NaN,
        "Interest Income": NaN,
        "Normalized Income": NaN,
        "Net Income From Continuing And Discontinued Operation": NaN,
        "Rent Expense Supplemental": NaN,
        "Diluted Average Shares": 934046000.0,
        "Basic Average Shares": 927517000.0,
        "Diluted EPS": 0.03,
        "Basic EPS": 0.03,
        "Diluted NI Availto Com Stockholders": NaN,
        "Net Income Common Stockholders": NaN,
        "Preferred Stock Dividends": NaN,
        "Net Income": NaN,
        "Minority Interests": NaN,
        "Net Income Including Noncontrolling Interests": NaN,
        "Net Income Discontinuous Operations": NaN,
        "Net Income Continuous Operations": NaN,
        "Tax Provision": NaN,
        "Pretax Income": NaN,
        "Special Income Charges": NaN,
        "Other Special Charges": NaN,
        "Gain On Sale Of Security": NaN,
        "Selling General And Administration": NaN,
        "Selling And Marketing Expense": NaN,
        "General And Administrative Expense": NaN,
        "Rent And Landing Fees": NaN,
        "Salaries And Wages": NaN,
        "Total Revenue": NaN,
        "Operating Revenue": NaN
    }
}