{
    "2023-03-31": {
        "Tax Effect Of Unusual Items": NaN,
        "Tax Rate For Calcs": NaN,
        "Normalized EBITDA": NaN,
        "Total Unusual Items": NaN,
        "Total Unusual Items Excluding Goodwill": NaN,
        "Net Income From Continuing Operation Net Minority Interest": NaN,
        "Reconciled Depreciation": NaN,
        "Reconciled Cost Of Revenue": NaN,
        "EBITDA": NaN,
        "EBIT": NaN,
        "Net Interest Income": NaN,
        "Interest Expense": NaN,
        "Interest Income": NaN,
        "Normalized Income": NaN,
        "Net Income From Continuing And Discontinued Operation": NaN,
        "Total Expenses": NaN,
        "Total Operating Income As Reported": NaN,
        "Diluted Average Shares": NaN,
        "Basic Average Shares": NaN,
        "Diluted EPS": NaN,
        "Basic EPS": NaN,
        "Diluted NI Availto Com Stockholders": NaN,
        "Net Income Common Stockholders": NaN,
        "Net Income": NaN,
        "Minority Interests": NaN,
        "Net Income Including Noncontrolling Interests": NaN,
        "Net Income Continuous Operations": NaN,
        "Tax Provision": NaN,
        "Pretax Income": NaN,
        "Other Income Expense": NaN,
        "Other Non Operating Income Expenses": NaN,
        "Special Income Charges": NaN,
        "Gain On Sale Of Business": NaN,
        "Impairment Of Capital Assets": NaN,
        "Gain On Sale Of Security": NaN,
        "Net Non Operating Interest Income Expense": NaN,
        "Interest Expense Non Operating": NaN,
        "Interest Income Non Operating": NaN,
        "Operating Income": NaN,
        "Operating Expense": NaN,
        "Selling General And Administration": NaN,
        "Selling And Marketing Expense": 870000000.0,
        "General And Administrative Expense": NaN,
        "Other Gand A": NaN,
        "Salaries And Wages": NaN,
        "Gross Profit": NaN,
        "Cost Of Revenue": NaN,
        "Total Revenue": NaN,
        "Operating Revenue": NaN
    },
    "2022-12-31": {
        "Tax Effect Of Unusual Items": NaN,
        "Tax Rate For Calcs": NaN,
        "Normalized EBITDA": NaN,
        "Total Unusual Items": NaN,
        "Total Unusual Items Excluding Goodwill": NaN,
        "Net Income From Continuing Operation Net Minority Interest": NaN,
        "Reconciled Depreciation": NaN,
        "Reconciled Cost Of Revenue": NaN,
        "EBITDA": NaN,
        "EBIT": NaN,
        "Net Interest Income": NaN,
        "Interest Expense": NaN,
        "Interest Income": NaN,
        "Normalized Income": NaN,
        "Net Income From Continuing And Discontinued Operation": NaN,
        "Total Expenses": NaN,
        "Total Operating Income As Reported": NaN,
        "Diluted Average Shares": NaN,
        "Basic Average Shares": NaN,
        "Diluted EPS": NaN,
        "Basic EPS": NaN,
        "Diluted NI Availto Com Stockholders": NaN,
        "Net Income Common Stockholders": NaN,
        "Net Income": NaN,
        "Minority Interests": NaN,
        "Net Income Including Noncontrolling Interests": NaN,
        "Net Income Continuous Operations": NaN,
        "Tax Provision": NaN,
        "Pretax Income": NaN,
        "Other Income Expense": NaN,
        "Other Non Operating Income Expenses": NaN,
        "Special Income Charges": NaN,
        "Gain On Sale Of Business": NaN,
        "Impairment Of Capital Assets": NaN,
        "Gain On Sale Of Security": NaN,
        "Net Non Operating Interest Income Expense": NaN,
        "Interest Expense Non Operating": NaN,
        "Interest Income Non Operating": NaN,
        "Operating Income": NaN,
        "Operating Expense": NaN,
        "Selling General And Administration": NaN,
        "Selling And Marketing Expense": 1138000000.0,
        "General And Administrative Expense": NaN,
        "Other Gand A": NaN,
        "Salaries And Wages": NaN,
        "Gross Profit": NaN,
        "Cost Of Revenue": NaN,
        "Total Revenue": NaN,
        "Operating Revenue": NaN
    },
    "2022-09-30": {
        "Tax Effect Of Unusual Items": -59339449.541284,
        "Tax Rate For Calcs": 0.201835,
        "Normalized EBITDA": 1296000000.0,
        "Total Unusual Items": -294000000.0,
        "Total Unusual Items Excluding Goodwill": -294000000.0,
        "Net Income From Continuing Operation Net Minority Interest": 432000000.0,
        "Reconciled Depreciation": 229000000.0,
        "Reconciled Cost Of Revenue": 4662000000.0,
        "EBITDA": 1002000000.0,
        "EBIT": 773000000.0,
        "Net Interest Income": -228000000.0,
        "Interest Expense": 228000000.0,
        "Interest Income": 7000000.0,
        "Normalized Income": 666660550.458716,
        "Net Income From Continuing And Discontinued Operation": 432000000.0,
        "Total Expenses": 5460000000.0,
        "Total Operating Income As Reported": -751000000.0,
        "Diluted Average Shares": 1235000000.0,
        "Basic Average Shares": 1227000000.0,
        "Diluted EPS": 0.35,
        "Basic EPS": 0.35,
        "Diluted NI Availto Com Stockholders": 432000000.0,
        "Net Income Common Stockholders": 432000000.0,
        "Net Income": 432000000.0,
        "Minority Interests": -3000000.0,
        "Net Income Including Noncontrolling Interests": 435000000.0,
        "Net Income Continuous Operations": 435000000.0,
        "Tax Provision": 110000000.0,
        "Pretax Income": 545000000.0,
        "Other Income Expense": -272000000.0,
        "Other Non Operating Income Expenses": 22000000.0,
        "Special Income Charges": -294000000.0,
        "Gain On Sale Of Business": 0.0,
        "Impairment Of Capital Assets": 294000000.0,
        "Gain On Sale Of Security": -17000000.0,
        "Net Non Operating Interest Income Expense": -228000000.0,
        "Interest Expense Non Operating": 228000000.0,
        "Interest Income Non Operating": 7000000.0,
        "Operating Income": 1045000000.0,
        "Operating Expense": 798000000.0,
        "Selling General And Administration": 798000000.0,
        "Selling And Marketing Expense": 798000000.0,
        "General And Administrative Expense": -28000000.0,
        "Salaries And Wages": -28000000.0,
        "Gross Profit": 1843000000.0,
        "Cost Of Revenue": 4662000000.0,
        "Total Revenue": 6505000000.0,
        "Operating Revenue": 6505000000.0
    },
    "2022-06-30": {
        "Tax Effect Of Unusual Items": -211578947.368421,
        "Tax Rate For Calcs": 0.33584,
        "Normalized EBITDA": 1499000000.0,
        "Total Unusual Items": -630000000.0,
        "Total Unusual Items Excluding Goodwill": -630000000.0,
        "Net Income From Continuing Operation Net Minority Interest": 265000000.0,
        "Reconciled Depreciation": 236000000.0,
        "Reconciled Cost Of Revenue": 4570000000.0,
        "EBITDA": 869000000.0,
        "EBIT": 633000000.0,
        "Net Interest Income": -234000000.0,
        "Interest Expense": 234000000.0,
        "Interest Income": 6000000.0,
        "Normalized Income": 683421052.631579,
        "Net Income From Continuing And Discontinued Operation": 265000000.0,
        "Total Expenses": 5382000000.0,
        "Total Operating Income As Reported": 542000000.0,
        "Diluted Average Shares": 1235000000.0,
        "Basic Average Shares": 1225000000.0,
        "Diluted EPS": 0.21,
        "Basic EPS": 0.22,
        "Diluted NI Availto Com Stockholders": 265000000.0,
        "Net Income Common Stockholders": 265000000.0,
        "Net Income": 265000000.0,
        "Minority Interests": 0.0,
        "Net Income Including Noncontrolling Interests": 265000000.0,
        "Net Income Continuous Operations": 265000000.0,
        "Tax Provision": 134000000.0,
        "Pretax Income": 399000000.0,
        "Other Income Expense": -539000000.0,
        "Other Non Operating Income Expenses": 91000000.0,
        "Special Income Charges": -630000000.0,
        "Gain On Sale Of Business": 2000000.0,
        "Impairment Of Capital Assets": 630000000.0,
        "Gain On Sale Of Security": 33000000.0,
        "Net Non Operating Interest Income Expense": -234000000.0,
        "Interest Expense Non Operating": 234000000.0,
        "Interest Income Non Operating": 6000000.0,
        "Operating Income": 1172000000.0,
        "Operating Expense": 812000000.0,
        "Selling General And Administration": 812000000.0,
        "Selling And Marketing Expense": 812000000.0,
        "General And Administrative Expense": -46000000.0,
        "Salaries And Wages": -46000000.0,
        "Gross Profit": 1984000000.0,
        "Cost Of Revenue": 4570000000.0,
        "Total Revenue": 6554000000.0,
        "Operating Revenue": 6554000000.0
    },
    "2023-06-30": {
        "Tax Effect Of Unusual Items": NaN,
        "Tax Rate For Calcs": NaN,
        "Normalized EBITDA": NaN,
        "Total Unusual Items": NaN,
        "Total Unusual Items Excluding Goodwill": NaN,
        "Net Income From Continuing Operation Net Minority Interest": NaN,
        "Reconciled Depreciation": NaN,
        "Reconciled Cost Of Revenue": NaN,
        "EBITDA": NaN,
        "EBIT": NaN,
        "Net Interest Income": NaN,
        "Interest Expense": NaN,
        "Interest Income": NaN,
        "Normalized Income": NaN,
        "Net Income From Continuing And Discontinued Operation": NaN,
        "Total Expenses": NaN,
        "Total Operating Income As Reported": NaN,
        "Diluted Average Shares": NaN,
        "Basic Average Shares": NaN,
        "Diluted EPS": NaN,
        "Basic EPS": NaN,
        "Diluted NI Availto Com Stockholders": NaN,
        "Net Income Common Stockholders": NaN,
        "Net Income": NaN,
        "Minority Interests": NaN,
        "Net Income Including Noncontrolling Interests": NaN,
        "Net Income Continuous Operations": NaN,
        "Tax Provision": NaN,
        "Pretax Income": NaN,
        "Other Income Expense": NaN,
        "Other Non Operating Income Expenses": NaN,
        "Special Income Charges": NaN,
        "Gain On Sale Of Business": NaN,
        "Impairment Of Capital Assets": 0.0,
        "Gain On Sale Of Security": NaN,
        "Net Non Operating Interest Income Expense": NaN,
        "Interest Expense Non Operating": NaN,
        "Interest Income Non Operating": NaN,
        "Operating Income": NaN,
        "Operating Expense": NaN,
        "Selling General And Administration": NaN,
        "Selling And Marketing Expense": 885000000.0,
        "General And Administrative Expense": NaN,
        "Other Gand A": NaN,
        "Salaries And Wages": NaN,
        "Gross Profit": NaN,
        "Cost Of Revenue": NaN,
        "Total Revenue": NaN,
        "Operating Revenue": NaN
    },
    "2022-03-31": {
        "Diluted EPS": 0.63,
        "Total Revenue": NaN,
        "Gross Profit": NaN,
        "Operating Income": NaN,
        "EBIT": NaN,
        "Net Income": 776
    },
    "2021-12-31": {
        "Diluted EPS": -0.21,
        "Total Revenue": NaN,
        "Gross Profit": NaN,
        "Operating Income": -20,
        "EBIT": 211,
        "Net Income": -257
    },
    "2021-09-30": {
        "Diluted EPS": 0.59,
        "Total Revenue": NaN,
        "Gross Profit": NaN,
        "Operating Income": NaN,
        "EBIT": NaN,
        "Net Income": 733
    },
    "2021-06-30": {
        "Diluted EPS": -0.02,
        "Total Revenue": NaN,
        "Gross Profit": NaN,
        "Operating Income": NaN,
        "EBIT": NaN,
        "Net Income": -27
    },
    "2021-03-31": {
        "Diluted EPS": 0.46,
        "Total Revenue": NaN,
        "Gross Profit": NaN,
        "Operating Income": NaN,
        "EBIT": NaN,
        "Net Income": 563
    },
    "2020-12-31": {
        "Diluted EPS": 0.84,
        "Total Revenue": NaN,
        "Gross Profit": NaN,
        "Operating Income": NaN,
        "EBIT": NaN,
        "Net Income": NaN
    },
    "2020-09-30": {
        "Diluted EPS": 0.49,
        "Total Revenue": NaN,
        "Gross Profit": NaN,
        "Operating Income": NaN,
        "EBIT": NaN,
        "Net Income": 597
    },
    "2020-06-30": {
        "Diluted EPS": -1.35,
        "Total Revenue": NaN,
        "Gross Profit": NaN,
        "Operating Income": NaN,
        "EBIT": NaN,
        "Net Income": NaN
    },
    "2020-03-31": {
        "Diluted EPS": 0.31,
        "Total Revenue": NaN,
        "Gross Profit": NaN,
        "Operating Income": 770,
        "EBIT": 982,
        "Net Income": 378
    },
    "2019-12-31": {
        "Diluted EPS": 0.14,
        "Total Revenue": NaN,
        "Gross Profit": NaN,
        "Operating Income": 594,
        "EBIT": 774,
        "Net Income": 182
    },
    "2019-09-30": {
        "Diluted EPS": 0.74,
        "Total Revenue": NaN,
        "Gross Profit": NaN,
        "Operating Income": NaN,
        "EBIT": NaN,
        "Net Income": 899
    },
    "2019-06-30": {
        "Diluted EPS": 0.37,
        "Total Revenue": NaN,
        "Gross Profit": NaN,
        "Operating Income": 734,
        "EBIT": 913,
        "Net Income": 449
    },
    "2019-03-31": {
        "Diluted EPS": 0.33,
        "Total Revenue": NaN,
        "Gross Profit": NaN,
        "Operating Income": 562,
        "EBIT": 724,
        "Net Income": 405
    },
    "2018-12-31": {
        "Diluted EPS": -10.3,
        "Total Revenue": NaN,
        "Gross Profit": NaN,
        "Operating Income": NaN,
        "EBIT": NaN,
        "Net Income": NaN
    },
    "2018-09-30": {
        "Diluted EPS": 0.5,
        "Total Revenue": NaN,
        "Gross Profit": NaN,
        "Operating Income": NaN,
        "EBIT": NaN,
        "Net Income": 619
    },
    "2018-06-30": {
        "Diluted EPS": 0.62,
        "Total Revenue": NaN,
        "Gross Profit": NaN,
        "Operating Income": NaN,
        "EBIT": NaN,
        "Net Income": 754
    },
    "2018-03-31": {
        "Diluted EPS": 0.82,
        "Total Revenue": NaN,
        "Gross Profit": NaN,
        "Operating Income": NaN,
        "EBIT": NaN,
        "Net Income": NaN
    },
    "2017-12-31": {
        "Diluted EPS": 6.47,
        "Total Revenue": NaN,
        "Gross Profit": NaN,
        "Operating Income": NaN,
        "EBIT": NaN,
        "Net Income": NaN
    },
    "2017-09-30": {
        "Diluted EPS": 0.77,
        "Total Revenue": NaN,
        "Gross Profit": NaN,
        "Operating Income": NaN,
        "EBIT": NaN,
        "Net Income": 944
    },
    "2017-06-30": {
        "Diluted EPS": 0.94,
        "Total Revenue": NaN,
        "Gross Profit": NaN,
        "Operating Income": NaN,
        "EBIT": NaN,
        "Net Income": NaN
    },
    "2017-03-31": {
        "Diluted EPS": 0.73,
        "Total Revenue": NaN,
        "Gross Profit": NaN,
        "Operating Income": NaN,
        "EBIT": NaN,
        "Net Income": 893
    },
    "2016-12-31": {
        "Diluted EPS": 0.73,
        "Total Revenue": NaN,
        "Gross Profit": NaN,
        "Operating Income": NaN,
        "EBIT": NaN,
        "Net Income": 908
    },
    "2016-09-30": {
        "Diluted EPS": 0.69,
        "Total Revenue": NaN,
        "Gross Profit": NaN,
        "Operating Income": NaN,
        "EBIT": NaN,
        "Net Income": 842
    },
    "2016-06-30": {
        "Diluted EPS": 0.63,
        "Total Revenue": NaN,
        "Gross Profit": NaN,
        "Operating Income": NaN,
        "EBIT": NaN,
        "Net Income": 770
    },
    "2016-03-31": {
        "Diluted EPS": 0.73,
        "Total Revenue": NaN,
        "Gross Profit": NaN,
        "Operating Income": NaN,
        "EBIT": NaN,
        "Net Income": 896
    },
    "2015-12-31": {
        "Diluted EPS": 0.6,
        "Total Revenue": NaN,
        "Gross Profit": NaN,
        "Operating Income": NaN,
        "EBIT": NaN,
        "Net Income": 285
    },
    "2015-09-30": {
        "Diluted EPS": -0.27,
        "Total Revenue": NaN,
        "Gross Profit": NaN,
        "Operating Income": 399,
        "EBIT": 594,
        "Net Income": -303
    },
    "2015-06-30": {
        "Diluted EPS": -0.91,
        "Total Revenue": NaN,
        "Gross Profit": 882,
        "Operating Income": 444,
        "EBIT": 531,
        "Net Income": -344
    },
    "2015-03-31": {
        "Diluted EPS": 0.24,
        "Total Revenue": NaN,
        "Gross Profit": 847,
        "Operating Income": 509,
        "EBIT": 598,
        "Net Income": 96
    },
    "2014-12-31": {
        "Diluted EPS": -0.86,
        "Total Revenue": NaN,
        "Gross Profit": 65,
        "Operating Income": -119,
        "EBIT": -19,
        "Net Income": -515
    },
    "2014-09-30": {
        "Diluted EPS": -0.02,
        "Total Revenue": NaN,
        "Gross Profit": 767,
        "Operating Income": 409,
        "EBIT": 476,
        "Net Income": -8
    },
    "2014-06-30": {
        "Diluted EPS": -0.14,
        "Total Revenue": NaN,
        "Gross Profit": 885,
        "Operating Income": 374,
        "EBIT": 635,
        "Net Income": -53
    },
    "2014-03-31": {
        "Diluted EPS": 0.85,
        "Total Revenue": NaN,
        "Gross Profit": NaN,
        "Operating Income": 904,
        "EBIT": NaN,
        "Net Income": 513
    },
    "2013-12-31": {
        "Diluted EPS": 0.17,
        "Total Revenue": NaN,
        "Gross Profit": NaN,
        "Operating Income": NaN,
        "EBIT": NaN,
        "Net Income": -765
    },
    "2013-09-30": {
        "Diluted EPS": 0.83,
        "Total Revenue": NaN,
        "Gross Profit": NaN,
        "Operating Income": 870,
        "EBIT": 962,
        "Net Income": 497
    },
    "2013-06-30": {
        "Diluted EPS": 1.38,
        "Total Revenue": NaN,
        "Gross Profit": NaN,
        "Operating Income": NaN,
        "EBIT": NaN,
        "Net Income": 825
    },
    "2013-03-31": {
        "Diluted EPS": 0.76,
        "Total Revenue": NaN,
        "Gross Profit": NaN,
        "Operating Income": 809,
        "EBIT": 911,
        "Net Income": 456
    },
    "2012-12-31": {
        "Diluted EPS": 0.12,
        "Total Revenue": NaN,
        "Gross Profit": NaN,
        "Operating Income": 261,
        "EBIT": 428,
        "Net Income": 85
    },
    "2012-09-30": {
        "Diluted EPS": 0.79,
        "Total Revenue": NaN,
        "Gross Profit": NaN,
        "Operating Income": 757,
        "EBIT": 849,
        "Net Income": 466
    },
    "2012-06-30": {
        "Diluted EPS": 1.02,
        "Total Revenue": NaN,
        "Gross Profit": NaN,
        "Operating Income": 911,
        "EBIT": NaN,
        "Net Income": 603
    },
    "2012-03-31": {
        "Diluted EPS": 0.82,
        "Total Revenue": NaN,
        "Gross Profit": NaN,
        "Operating Income": 741,
        "EBIT": 820,
        "Net Income": 483
    },
    "2011-12-31": {
        "Diluted EPS": 0.0,
        "Total Revenue": NaN,
        "Gross Profit": NaN,
        "Operating Income": NaN,
        "EBIT": NaN,
        "Net Income": NaN
    },
    "2011-09-30": {
        "Diluted EPS": 0.7,
        "Total Revenue": NaN,
        "Gross Profit": NaN,
        "Operating Income": 708,
        "EBIT": 708,
        "Net Income": 417
    },
    "2010-12-31": {
        "Diluted EPS": 0.0,
        "Total Revenue": NaN,
        "Gross Profit": NaN,
        "Operating Income": NaN,
        "EBIT": NaN,
        "Net Income": NaN
    },
    "2023-09-30": {
        "Tax Effect Of Unusual Items": -140070000.0,
        "Tax Rate For Calcs": 0.21,
        "Normalized EBITDA": 1629000000.0,
        "Total Unusual Items": -667000000.0,
        "Total Unusual Items Excluding Goodwill": -667000000.0,
        "Net Income From Continuing Operation Net Minority Interest": 262000000.0,
        "Reconciled Depreciation": 274000000.0,
        "Reconciled Cost Of Revenue": 4335000000.0,
        "EBITDA": 962000000.0,
        "EBIT": 688000000.0,
        "Net Interest Income": -216000000.0,
        "Interest Expense": 228000000.0,
        "Interest Income": 12000000.0,
        "Normalized Income": 788930000.0,
        "Net Income From Continuing And Discontinued Operation": 262000000.0,
        "Total Expenses": 5230000000.0,
        "Total Operating Income As Reported": 653000000.0,
        "Diluted Average Shares": 1229000000.0,
        "Basic Average Shares": 1229000000.0,
        "Diluted EPS": 0.21,
        "Basic EPS": 0.21,
        "Diluted NI Availto Com Stockholders": 262000000.0,
        "Net Income Common Stockholders": 262000000.0,
        "Net Income": 262000000.0,
        "Minority Interests": 8000000.0,
        "Net Income Including Noncontrolling Interests": 254000000.0,
        "Net Income Continuous Operations": 254000000.0,
        "Tax Provision": 206000000.0,
        "Pretax Income": 460000000.0,
        "Other Income Expense": -664000000.0,
        "Other Non Operating Income Expenses": 3000000.0,
        "Special Income Charges": -662000000.0,
        "Gain On Sale Of Business": 0.0,
        "Impairment Of Capital Assets": 662000000.0,
        "Gain On Sale Of Security": -5000000.0,
        "Net Non Operating Interest Income Expense": -216000000.0,
        "Interest Expense Non Operating": 228000000.0,
        "Interest Income Non Operating": 12000000.0,
        "Operating Income": 1340000000.0,
        "Operating Expense": 895000000.0,
        "Selling General And Administration": 895000000.0,
        "Selling And Marketing Expense": 920000000.0,
        "General And Administrative Expense": 895000000.0,
        "Other Gand A": 920000000.0,
        "Salaries And Wages": -25000000.0,
        "Gross Profit": 2235000000.0,
        "Cost Of Revenue": 4335000000.0,
        "Total Revenue": 6570000000.0,
        "Operating Revenue": 6570000000.0
    },
    "2023-12-31": {
        "Tax Effect Of Unusual Items": 1015789.473684,
        "Tax Rate For Calcs": 0.203158,
        "Normalized EBITDA": 1425000000.0,
        "Total Unusual Items": 5000000.0,
        "Total Unusual Items Excluding Goodwill": 5000000.0,
        "Net Income From Continuing Operation Net Minority Interest": 757000000.0,
        "Reconciled Depreciation": 251000000.0,
        "Reconciled Cost Of Revenue": 4543000000.0,
        "EBITDA": 1430000000.0,
        "EBIT": 1179000000.0,
        "Net Interest Income": -217000000.0,
        "Interest Expense": 229000000.0,
        "Interest Income": 12000000.0,
        "Normalized Income": 753015789.473684,
        "Net Income From Continuing And Discontinued Operation": 757000000.0,
        "Total Expenses": 5691000000.0,
        "Total Operating Income As Reported": 1300000000.0,
        "Diluted Average Shares": 1232000000.0,
        "Basic Average Shares": 1225000000.0,
        "Diluted EPS": 0.61,
        "Basic EPS": 0.62,
        "Diluted NI Availto Com Stockholders": 757000000.0,
        "Net Income Common Stockholders": 757000000.0,
        "Net Income": 757000000.0,
        "Minority Interests": 0.0,
        "Net Income Including Noncontrolling Interests": 757000000.0,
        "Net Income Continuous Operations": 757000000.0,
        "Tax Provision": 193000000.0,
        "Pretax Income": 950000000.0,
        "Other Income Expense": -2000000.0,
        "Other Non Operating Income Expenses": -7000000.0,
        "Special Income Charges": 6000000.0,
        "Gain On Sale Of Business": 6000000.0,
        "Impairment Of Capital Assets": 0.0,
        "Gain On Sale Of Security": -1000000.0,
        "Net Non Operating Interest Income Expense": -217000000.0,
        "Interest Expense Non Operating": 229000000.0,
        "Interest Income Non Operating": 12000000.0,
        "Operating Income": 1169000000.0,
        "Operating Expense": 1148000000.0,
        "Selling General And Administration": 1148000000.0,
        "Selling And Marketing Expense": 1017000000.0,
        "General And Administrative Expense": 1148000000.0,
        "Other Gand A": 1017000000.0,
        "Salaries And Wages": 131000000.0,
        "Gross Profit": 2317000000.0,
        "Cost Of Revenue": 4543000000.0,
        "Total Revenue": 6860000000.0,
        "Operating Revenue": 6860000000.0
    },
    "2024-03-31": {
        "Tax Effect Of Unusual Items": -20148000.0,
        "Tax Rate For Calcs": 0.219,
        "Normalized EBITDA": 1577000000.0,
        "Total Unusual Items": -92000000.0,
        "Total Unusual Items Excluding Goodwill": -92000000.0,
        "Net Income From Continuing Operation Net Minority Interest": 801000000.0,
        "Reconciled Depreciation": 230000000.0,
        "Reconciled Cost Of Revenue": 4168000000.0,
        "EBITDA": 1485000000.0,
        "EBIT": 1255000000.0,
        "Net Interest Income": -210000000.0,
        "Interest Expense": 226000000.0,
        "Interest Income": 16000000.0,
        "Normalized Income": 872852000.0,
        "Net Income From Continuing And Discontinued Operation": 801000000.0,
        "Total Expenses": 5076000000.0,
        "Total Operating Income As Reported": 1302000000.0,
        "Diluted Average Shares": 1223000000.0,
        "Basic Average Shares": 1214000000.0,
        "Diluted EPS": 0.66,
        "Basic EPS": 0.66,
        "Diluted NI Availto Com Stockholders": 801000000.0,
        "Net Income Common Stockholders": 801000000.0,
        "Net Income": 801000000.0,
        "Minority Interests": -3000000.0,
        "Net Income Including Noncontrolling Interests": 804000000.0,
        "Net Income Continuous Operations": 804000000.0,
        "Tax Provision": 225000000.0,
        "Pretax Income": 1029000000.0,
        "Other Income Expense": -96000000.0,
        "Other Non Operating Income Expenses": -4000000.0,
        "Special Income Charges": -80000000.0,
        "Gain On Sale Of Business": -80000000.0,
        "Impairment Of Capital Assets": NaN,
        "Gain On Sale Of Security": -12000000.0,
        "Net Non Operating Interest Income Expense": -210000000.0,
        "Interest Expense Non Operating": 226000000.0,
        "Interest Income Non Operating": 16000000.0,
        "Operating Income": 1335000000.0,
        "Operating Expense": 908000000.0,
        "Selling General And Administration": 908000000.0,
        "Selling And Marketing Expense": NaN,
        "General And Administrative Expense": 908000000.0,
        "Other Gand A": 941000000.0,
        "Salaries And Wages": -33000000.0,
        "Gross Profit": 2243000000.0,
        "Cost Of Revenue": 4168000000.0,
        "Total Revenue": 6411000000.0,
        "Operating Revenue": 6411000000.0
    },
    "2024-06-30": {
        "Tax Effect Of Unusual Items": -179340000.0,
        "Tax Rate For Calcs": 0.21,
        "Normalized EBITDA": 1670000000.0,
        "Total Unusual Items": -854000000.0,
        "Total Unusual Items Excluding Goodwill": -854000000.0,
        "Net Income From Continuing Operation Net Minority Interest": 102000000.0,
        "Reconciled Depreciation": 239000000.0,
        "Reconciled Cost Of Revenue": 4182000000.0,
        "EBITDA": 816000000.0,
        "EBIT": 577000000.0,
        "Net Interest Income": -212000000.0,
        "Interest Expense": 229000000.0,
        "Interest Income": 17000000.0,
        "Normalized Income": 776660000.0,
        "Net Income From Continuing And Discontinued Operation": 102000000.0,
        "Total Expenses": 5066000000.0,
        "Total Operating Income As Reported": 522000000.0,
        "Diluted Average Shares": 1216000000.0,
        "Basic Average Shares": 1212000000.0,
        "Diluted EPS": 0.08,
        "Basic EPS": 0.08,
        "Diluted NI Availto Com Stockholders": 102000000.0,
        "Net Income Common Stockholders": 102000000.0,
        "Net Income": 102000000.0,
        "Minority Interests": 2000000.0,
        "Net Income Including Noncontrolling Interests": 100000000.0,
        "Net Income Continuous Operations": 100000000.0,
        "Tax Provision": 248000000.0,
        "Pretax Income": 348000000.0,
        "Other Income Expense": -850000000.0,
        "Other Non Operating Income Expenses": 4000000.0,
        "Special Income Charges": -853000000.0,
        "Gain On Sale Of Business": 1000000.0,
        "Impairment Of Capital Assets": 854000000.0,
        "Gain On Sale Of Security": -1000000.0,
        "Net Non Operating Interest Income Expense": -212000000.0,
        "Interest Expense Non Operating": 229000000.0,
        "Interest Income Non Operating": 17000000.0,
        "Operating Income": 1410000000.0,
        "Operating Expense": 884000000.0,
        "Selling General And Administration": 884000000.0,
        "Selling And Marketing Expense": NaN,
        "General And Administrative Expense": 884000000.0,
        "Other Gand A": 918000000.0,
        "Salaries And Wages": -34000000.0,
        "Gross Profit": 2294000000.0,
        "Cost Of Revenue": 4182000000.0,
        "Total Revenue": 6476000000.0,
        "Operating Revenue": 6476000000.0
    },
    "2024-09-30": {
        "Tax Effect Of Unusual Items": -300720000.0,
        "Tax Rate For Calcs": 0.21,
        "Normalized EBITDA": 1624000000.0,
        "Total Unusual Items": -1432000000.0,
        "Total Unusual Items Excluding Goodwill": -1432000000.0,
        "Net Income From Continuing Operation Net Minority Interest": -290000000.0,
        "Reconciled Depreciation": 245000000.0,
        "Reconciled Cost Of Revenue": 4197000000.0,
        "EBITDA": 192000000.0,
        "EBIT": -53000000.0,
        "Net Interest Income": -214000000.0,
        "Interest Expense": 230000000.0,
        "Interest Income": 16000000.0,
        "Normalized Income": 841280000.0,
        "Net Income From Continuing And Discontinued Operation": -290000000.0,
        "Total Expenses": 5016000000.0,
        "Total Operating Income As Reported": -101000000.0,
        "Diluted Average Shares": 1210000000.0,
        "Basic Average Shares": 1210000000.0,
        "Diluted EPS": -0.24,
        "Basic EPS": -0.24,
        "Diluted NI Availto Com Stockholders": -290000000.0,
        "Net Income Common Stockholders": -290000000.0,
        "Net Income": -290000000.0,
        "Minority Interests": 0.0,
        "Net Income Including Noncontrolling Interests": -290000000.0,
        "Net Income Continuous Operations": -290000000.0,
        "Tax Provision": 7000000.0,
        "Pretax Income": -283000000.0,
        "Other Income Expense": -1436000000.0,
        "Other Non Operating Income Expenses": -4000000.0,
        "Special Income Charges": -1427000000.0,
        "Gain On Sale Of Business": 1000000.0,
        "Impairment Of Capital Assets": 1428000000.0,
        "Gain On Sale Of Security": -5000000.0,
        "Net Non Operating Interest Income Expense": -214000000.0,
        "Interest Expense Non Operating": 230000000.0,
        "Interest Income Non Operating": 16000000.0,
        "Operating Income": 1367000000.0,
        "Operating Expense": 819000000.0,
        "Selling General And Administration": 819000000.0,
        "Selling And Marketing Expense": NaN,
        "General And Administrative Expense": 819000000.0,
        "Other Gand A": 859000000.0,
        "Salaries And Wages": -40000000.0,
        "Gross Profit": 2186000000.0,
        "Cost Of Revenue": 4197000000.0,
        "Total Revenue": 6383000000.0,
        "Operating Revenue": 6383000000.0
    }
}