{
    "2023-03-31": {
        "Tax Effect Of Unusual Items": 0.0,
        "Tax Rate For Calcs": 0.0,
        "Normalized EBITDA": -6703479.0,
        "Total Unusual Items": -2227020.0,
        "Total Unusual Items Excluding Goodwill": -2227020.0,
        "Net Income From Continuing Operation Net Minority Interest": -14138665.0,
        "Reconciled Depreciation": 273099.0,
        "Reconciled Cost Of Revenue": 2932267.0,
        "EBITDA": -8930499.0,
        "EBIT": -9203598.0,
        "Net Interest Income": -4935067.0,
        "Interest Expense": 4935067.0,
        "Normalized Income": -11911645.0,
        "Net Income From Continuing And Discontinued Operation": -14138665.0,
        "Total Expenses": 8644977.0,
        "Total Operating Income As Reported": -5824197.0,
        "Diluted Average Shares": 39765361.0,
        "Basic Average Shares": 39765361.0,
        "Diluted EPS": -0.36,
        "Basic EPS": -0.36,
        "Diluted NI Availto Com Stockholders": -14138665.0,
        "Net Income Common Stockholders": -14138665.0,
        "Preferred Stock Dividends": NaN,
        "Net Income": -14138665.0,
        "Net Income Including Noncontrolling Interests": -14138665.0,
        "Net Income Continuous Operations": -14138665.0,
        "Pretax Income": -14138665.0,
        "Other Income Expense": -3379401.0,
        "Other Non Operating Income Expenses": -1152381.0,
        "Special Income Charges": 0.0,
        "Gain On Sale Of Ppe": NaN,
        "Other Special Charges": NaN,
        "Gain On Sale Of Security": -2227020.0,
        "Net Non Operating Interest Income Expense": -4935067.0,
        "Interest Expense Non Operating": 4935067.0,
        "Operating Income": -5824197.0,
        "Operating Expense": 5712710.0,
        "Depreciation Amortization Depletion Income Statement": 273099.0,
        "Depreciation And Amortization In Income Statement": 273099.0,
        "Depreciation Income Statement": 273099.0,
        "Research And Development": 226967.0,
        "Selling General And Administration": 5212644.0,
        "General And Administrative Expense": 5212644.0,
        "Other Gand A": 5212644.0,
        "Gross Profit": -111487.0,
        "Cost Of Revenue": 2932267.0,
        "Total Revenue": 2820780.0,
        "Operating Revenue": 2820780.0
    },
    "2022-12-31": {
        "Tax Effect Of Unusual Items": NaN,
        "Tax Rate For Calcs": NaN,
        "Normalized EBITDA": NaN,
        "Total Unusual Items": NaN,
        "Total Unusual Items Excluding Goodwill": NaN,
        "Net Income From Continuing Operation Net Minority Interest": NaN,
        "Reconciled Depreciation": NaN,
        "Reconciled Cost Of Revenue": NaN,
        "EBITDA": NaN,
        "EBIT": NaN,
        "Net Interest Income": NaN,
        "Interest Expense": NaN,
        "Normalized Income": NaN,
        "Net Income From Continuing And Discontinued Operation": NaN,
        "Total Expenses": NaN,
        "Total Operating Income As Reported": NaN,
        "Diluted Average Shares": 39750778.0,
        "Basic Average Shares": 39750778.0,
        "Diluted EPS": -0.21,
        "Basic EPS": -0.21,
        "Diluted NI Availto Com Stockholders": NaN,
        "Net Income Common Stockholders": NaN,
        "Preferred Stock Dividends": NaN,
        "Net Income": NaN,
        "Net Income Including Noncontrolling Interests": NaN,
        "Net Income Continuous Operations": NaN,
        "Pretax Income": NaN,
        "Other Income Expense": NaN,
        "Other Non Operating Income Expenses": NaN,
        "Special Income Charges": NaN,
        "Gain On Sale Of Ppe": NaN,
        "Other Special Charges": NaN,
        "Gain On Sale Of Security": NaN,
        "Net Non Operating Interest Income Expense": NaN,
        "Interest Expense Non Operating": NaN,
        "Operating Income": NaN,
        "Operating Expense": NaN,
        "Depreciation Amortization Depletion Income Statement": NaN,
        "Depreciation And Amortization In Income Statement": NaN,
        "Depreciation Income Statement": NaN,
        "Research And Development": NaN,
        "Selling General And Administration": NaN,
        "General And Administrative Expense": NaN,
        "Other Gand A": NaN,
        "Gross Profit": NaN,
        "Cost Of Revenue": NaN,
        "Total Revenue": NaN,
        "Operating Revenue": NaN
    },
    "2022-09-30": {
        "Tax Effect Of Unusual Items": NaN,
        "Tax Rate For Calcs": NaN,
        "Normalized EBITDA": NaN,
        "Total Unusual Items": NaN,
        "Total Unusual Items Excluding Goodwill": NaN,
        "Net Income From Continuing Operation Net Minority Interest": NaN,
        "Reconciled Depreciation": NaN,
        "Reconciled Cost Of Revenue": NaN,
        "EBITDA": NaN,
        "EBIT": NaN,
        "Net Interest Income": NaN,
        "Interest Expense": NaN,
        "Normalized Income": NaN,
        "Net Income From Continuing And Discontinued Operation": NaN,
        "Total Expenses": NaN,
        "Total Operating Income As Reported": NaN,
        "Diluted Average Shares": NaN,
        "Basic Average Shares": NaN,
        "Diluted EPS": NaN,
        "Basic EPS": NaN,
        "Diluted NI Availto Com Stockholders": NaN,
        "Net Income Common Stockholders": NaN,
        "Preferred Stock Dividends": 4957366.0,
        "Net Income": NaN,
        "Net Income Including Noncontrolling Interests": NaN,
        "Net Income Continuous Operations": NaN,
        "Pretax Income": NaN,
        "Other Income Expense": NaN,
        "Other Non Operating Income Expenses": NaN,
        "Special Income Charges": NaN,
        "Gain On Sale Of Ppe": 0.0,
        "Other Special Charges": NaN,
        "Gain On Sale Of Security": NaN,
        "Net Non Operating Interest Income Expense": NaN,
        "Interest Expense Non Operating": NaN,
        "Operating Income": NaN,
        "Operating Expense": NaN,
        "Depreciation Amortization Depletion Income Statement": NaN,
        "Depreciation And Amortization In Income Statement": NaN,
        "Depreciation Income Statement": NaN,
        "Research And Development": NaN,
        "Selling General And Administration": NaN,
        "General And Administrative Expense": NaN,
        "Other Gand A": NaN,
        "Gross Profit": NaN,
        "Cost Of Revenue": NaN,
        "Total Revenue": NaN,
        "Operating Revenue": NaN
    },
    "2022-06-30": {
        "Tax Effect Of Unusual Items": 0.0,
        "Tax Rate For Calcs": 0.0,
        "Normalized EBITDA": -2386210.0,
        "Total Unusual Items": 9848.0,
        "Total Unusual Items Excluding Goodwill": 9848.0,
        "Net Income From Continuing Operation Net Minority Interest": -3356956.0,
        "Reconciled Depreciation": 117086.0,
        "Reconciled Cost Of Revenue": 2540062.0,
        "EBITDA": -2386210.0,
        "EBIT": -2503296.0,
        "Net Interest Income": -853660.0,
        "Interest Expense": 853660.0,
        "Normalized Income": -3356956.0,
        "Net Income From Continuing And Discontinued Operation": -3356956.0,
        "Total Expenses": 5512156.0,
        "Total Operating Income As Reported": -2522597.0,
        "Diluted Average Shares": 47250773.0,
        "Basic Average Shares": 47250773.0,
        "Diluted EPS": -0.071046,
        "Basic EPS": -0.071046,
        "Diluted NI Availto Com Stockholders": -3356956.0,
        "Net Income Common Stockholders": -3356956.0,
        "Net Income": -3356956.0,
        "Net Income Including Noncontrolling Interests": -3356956.0,
        "Net Income Continuous Operations": -3356956.0,
        "Pretax Income": -3356956.0,
        "Other Income Expense": 19301.0,
        "Other Non Operating Income Expenses": 19301.0,
        "Special Income Charges": 0.0,
        "Gain On Sale Of Ppe": 0.0,
        "Gain On Sale Of Security": 9848.0,
        "Net Non Operating Interest Income Expense": -853660.0,
        "Interest Expense Non Operating": 853660.0,
        "Operating Income": -2522597.0,
        "Operating Expense": 2972094.0,
        "Depreciation Amortization Depletion Income Statement": 117086.0,
        "Depreciation And Amortization In Income Statement": 117086.0,
        "Depreciation Income Statement": 117086.0,
        "Research And Development": 583870.0,
        "Selling General And Administration": 2271138.0,
        "General And Administrative Expense": 2271138.0,
        "Other Gand A": 2271138.0,
        "Gross Profit": 449497.0,
        "Cost Of Revenue": 2540062.0,
        "Total Revenue": 2989559.0,
        "Operating Revenue": 2989559.0
    },
    "2022-03-31": {
        "Diluted EPS": -0.36,
        "Total Revenue": 2,
        "Gross Profit": 0,
        "Operating Income": -3,
        "EBIT": -2,
        "Net Income": -4
    },
    "2021-12-31": {
        "Diluted EPS": -1.44,
        "Total Revenue": 7,
        "Gross Profit": 1,
        "Operating Income": -5,
        "EBIT": -5,
        "Net Income": -14
    },
    "2021-09-30": {
        "Diluted EPS": -0.13,
        "Total Revenue": 2,
        "Gross Profit": 1,
        "Operating Income": -1,
        "EBIT": -1,
        "Net Income": -1
    },
    "2021-06-30": {
        "Diluted EPS": 0.0,
        "Total Revenue": NaN,
        "Gross Profit": NaN,
        "Operating Income": NaN,
        "EBIT": NaN,
        "Net Income": NaN
    },
    "2021-03-31": {
        "Diluted EPS": 0.0,
        "Total Revenue": NaN,
        "Gross Profit": NaN,
        "Operating Income": NaN,
        "EBIT": NaN,
        "Net Income": NaN
    },
    "2020-12-31": {
        "Diluted EPS": 0.0,
        "Total Revenue": NaN,
        "Gross Profit": NaN,
        "Operating Income": NaN,
        "EBIT": NaN,
        "Net Income": NaN
    },
    "2023-06-30": {
        "Tax Effect Of Unusual Items": 6110959.05,
        "Tax Rate For Calcs": 0.21,
        "Normalized EBITDA": -6816559.0,
        "Total Unusual Items": 29099805.0,
        "Total Unusual Items Excluding Goodwill": 29099805.0,
        "Net Income From Continuing Operation Net Minority Interest": 20673440.0,
        "Reconciled Depreciation": 53209.0,
        "Reconciled Cost Of Revenue": 1900602.0,
        "EBITDA": 22283246.0,
        "EBIT": 22230037.0,
        "Net Interest Income": -1556597.0,
        "Interest Expense": 1556597.0,
        "Normalized Income": -2315405.95,
        "Net Income From Continuing And Discontinued Operation": 20673440.0,
        "Total Expenses": 7997137.0,
        "Total Operating Income As Reported": -6869022.0,
        "Diluted Average Shares": 44345319.0,
        "Basic Average Shares": 39963266.0,
        "Diluted EPS": 0.49,
        "Basic EPS": 0.52,
        "Diluted NI Availto Com Stockholders": 20673440.0,
        "Net Income Common Stockholders": 20673440.0,
        "Preferred Stock Dividends": NaN,
        "Net Income": 20673440.0,
        "Net Income Including Noncontrolling Interests": 20673440.0,
        "Net Income Continuous Operations": 20673440.0,
        "Pretax Income": 20673440.0,
        "Other Income Expense": 29099059.0,
        "Other Non Operating Income Expenses": -746.0,
        "Special Income Charges": 3908.0,
        "Gain On Sale Of Ppe": 3908.0,
        "Other Special Charges": NaN,
        "Gain On Sale Of Security": 29095897.0,
        "Net Non Operating Interest Income Expense": -1556597.0,
        "Interest Expense Non Operating": 1556597.0,
        "Operating Income": -6869022.0,
        "Operating Expense": 6096535.0,
        "Depreciation Amortization Depletion Income Statement": 53209.0,
        "Depreciation And Amortization In Income Statement": 53209.0,
        "Depreciation Income Statement": 53209.0,
        "Research And Development": 482761.0,
        "Selling General And Administration": 5560565.0,
        "General And Administrative Expense": 5560565.0,
        "Other Gand A": 5560565.0,
        "Gross Profit": -772487.0,
        "Cost Of Revenue": 1900602.0,
        "Total Revenue": 1128115.0,
        "Operating Revenue": 1128115.0
    },
    "2023-09-30": {
        "Tax Effect Of Unusual Items": 0.0,
        "Tax Rate For Calcs": 0.0,
        "Normalized EBITDA": -7904259.0,
        "Total Unusual Items": -8740046.0,
        "Total Unusual Items Excluding Goodwill": -8740046.0,
        "Net Income From Continuing Operation Net Minority Interest": -17678787.0,
        "Reconciled Depreciation": 160744.0,
        "Reconciled Cost Of Revenue": 2651380.0,
        "EBITDA": -16644305.0,
        "EBIT": -16805049.0,
        "Net Interest Income": -873738.0,
        "Interest Expense": 873738.0,
        "Normalized Income": -8938741.0,
        "Net Income From Continuing And Discontinued Operation": -17678787.0,
        "Total Expenses": 9792168.0,
        "Total Operating Income As Reported": -8198314.0,
        "Diluted Average Shares": 41155115.0,
        "Basic Average Shares": 41155115.0,
        "Diluted EPS": -0.43,
        "Basic EPS": -0.43,
        "Diluted NI Availto Com Stockholders": -17678787.0,
        "Net Income Common Stockholders": -17678787.0,
        "Preferred Stock Dividends": NaN,
        "Net Income": -17678787.0,
        "Net Income Including Noncontrolling Interests": -17678787.0,
        "Net Income Continuous Operations": -17678787.0,
        "Pretax Income": -17678787.0,
        "Other Income Expense": -8606735.0,
        "Other Non Operating Income Expenses": 133311.0,
        "Special Income Charges": 0.0,
        "Gain On Sale Of Ppe": 0.0,
        "Other Special Charges": NaN,
        "Gain On Sale Of Security": -8740046.0,
        "Net Non Operating Interest Income Expense": -873738.0,
        "Interest Expense Non Operating": 873738.0,
        "Operating Income": -8198314.0,
        "Operating Expense": 7140788.0,
        "Depreciation Amortization Depletion Income Statement": 160744.0,
        "Depreciation And Amortization In Income Statement": 160744.0,
        "Depreciation Income Statement": 160744.0,
        "Research And Development": 275154.0,
        "Selling General And Administration": 6704890.0,
        "General And Administrative Expense": 6704890.0,
        "Other Gand A": 6704890.0,
        "Gross Profit": -1057526.0,
        "Cost Of Revenue": 2651380.0,
        "Total Revenue": 1593854.0,
        "Operating Revenue": 1593854.0
    },
    "2023-12-31": {
        "Tax Effect Of Unusual Items": 0.0,
        "Tax Rate For Calcs": 0.0,
        "Normalized EBITDA": -6740167.0,
        "Total Unusual Items": -31149187.0,
        "Total Unusual Items Excluding Goodwill": -31149187.0,
        "Net Income From Continuing Operation Net Minority Interest": -39542589.0,
        "Reconciled Depreciation": 242360.0,
        "Reconciled Cost Of Revenue": 4444682.0,
        "EBITDA": -37889354.0,
        "EBIT": -38131714.0,
        "Net Interest Income": -1410875.0,
        "Interest Expense": 1410875.0,
        "Normalized Income": -8393402.0,
        "Net Income From Continuing And Discontinued Operation": -39542589.0,
        "Total Expenses": 8438366.0,
        "Total Operating Income As Reported": -34206190.0,
        "Diluted Average Shares": NaN,
        "Basic Average Shares": NaN,
        "Diluted EPS": NaN,
        "Basic EPS": NaN,
        "Diluted NI Availto Com Stockholders": -39542589.0,
        "Net Income Common Stockholders": -39542589.0,
        "Preferred Stock Dividends": NaN,
        "Net Income": -39542589.0,
        "Net Income Including Noncontrolling Interests": -39542589.0,
        "Net Income Continuous Operations": -39542589.0,
        "Pretax Income": -39542589.0,
        "Other Income Expense": -30756951.0,
        "Other Non Operating Income Expenses": 392236.0,
        "Special Income Charges": -27288497.0,
        "Gain On Sale Of Ppe": NaN,
        "Other Special Charges": NaN,
        "Gain On Sale Of Security": -3860690.0,
        "Net Non Operating Interest Income Expense": -1410875.0,
        "Interest Expense Non Operating": 1410875.0,
        "Operating Income": -7374763.0,
        "Operating Expense": 3993684.0,
        "Depreciation Amortization Depletion Income Statement": 242360.0,
        "Depreciation And Amortization In Income Statement": 242360.0,
        "Depreciation Income Statement": 242360.0,
        "Research And Development": 414678.0,
        "Selling General And Administration": 793733.0,
        "General And Administrative Expense": 793733.0,
        "Other Gand A": 793733.0,
        "Gross Profit": -3381079.0,
        "Cost Of Revenue": 4444682.0,
        "Total Revenue": 1063603.0,
        "Operating Revenue": 1063603.0
    },
    "2024-03-31": {
        "Tax Effect Of Unusual Items": 3327936.4,
        "Tax Rate For Calcs": 0.4,
        "Normalized EBITDA": -5026672.0,
        "Total Unusual Items": 8319841.0,
        "Total Unusual Items Excluding Goodwill": 8319841.0,
        "Net Income From Continuing Operation Net Minority Interest": 413612.0,
        "Reconciled Depreciation": 426185.0,
        "Reconciled Cost Of Revenue": 2093955.0,
        "EBITDA": 3293169.0,
        "EBIT": 2866984.0,
        "Net Interest Income": -2453372.0,
        "Interest Expense": 2453372.0,
        "Normalized Income": -4578292.6,
        "Net Income From Continuing And Discontinued Operation": 413612.0,
        "Total Expenses": 6013684.0,
        "Total Operating Income As Reported": -5549330.0,
        "Diluted Average Shares": 66742808.0,
        "Basic Average Shares": 44635720.0,
        "Diluted EPS": -0.11,
        "Basic EPS": 0.01,
        "Diluted NI Availto Com Stockholders": 413612.0,
        "Net Income Common Stockholders": 413612.0,
        "Preferred Stock Dividends": NaN,
        "Net Income": 413612.0,
        "Net Income Including Noncontrolling Interests": 413612.0,
        "Net Income Continuous Operations": 413612.0,
        "Pretax Income": 413612.0,
        "Other Income Expense": 8416314.0,
        "Other Non Operating Income Expenses": 96473.0,
        "Special Income Charges": 15365.0,
        "Gain On Sale Of Ppe": NaN,
        "Other Special Charges": -15365.0,
        "Gain On Sale Of Security": 8304476.0,
        "Net Non Operating Interest Income Expense": -2453372.0,
        "Interest Expense Non Operating": 2453372.0,
        "Operating Income": -5549330.0,
        "Operating Expense": 3919729.0,
        "Depreciation Amortization Depletion Income Statement": 426185.0,
        "Depreciation And Amortization In Income Statement": 426185.0,
        "Depreciation Income Statement": 426185.0,
        "Research And Development": 63534.0,
        "Selling General And Administration": 3430010.0,
        "General And Administrative Expense": 3430010.0,
        "Other Gand A": 3430010.0,
        "Gross Profit": -1629601.0,
        "Cost Of Revenue": 2093955.0,
        "Total Revenue": 464354.0,
        "Operating Revenue": 464354.0
    }
}