{
    "2023-06-30": {
        "Tax Effect Of Unusual Items": NaN,
        "Tax Rate For Calcs": NaN,
        "Normalized EBITDA": NaN,
        "Total Unusual Items": NaN,
        "Total Unusual Items Excluding Goodwill": NaN,
        "Net Income From Continuing Operation Net Minority Interest": NaN,
        "Reconciled Depreciation": NaN,
        "Reconciled Cost Of Revenue": NaN,
        "EBITDA": NaN,
        "EBIT": NaN,
        "Net Interest Income": NaN,
        "Normalized Income": NaN,
        "Net Income From Continuing And Discontinued Operation": NaN,
        "Total Expenses": NaN,
        "Total Operating Income As Reported": NaN,
        "Diluted Average Shares": NaN,
        "Basic Average Shares": NaN,
        "Diluted EPS": NaN,
        "Basic EPS": NaN,
        "Diluted NI Availto Com Stockholders": NaN,
        "Net Income Common Stockholders": NaN,
        "Otherunder Preferred Stock Dividend": NaN,
        "Net Income": NaN,
        "Minority Interests": NaN,
        "Net Income Including Noncontrolling Interests": NaN,
        "Net Income Continuous Operations": NaN,
        "Tax Provision": NaN,
        "Pretax Income": NaN,
        "Other Income Expense": NaN,
        "Other Non Operating Income Expenses": 2000000.0,
        "Special Income Charges": NaN,
        "Gain On Sale Of Ppe": 13000000.0,
        "Gain On Sale Of Business": NaN,
        "Earnings From Equity Interest": NaN,
        "Net Non Operating Interest Income Expense": NaN,
        "Total Other Finance Cost": NaN,
        "Operating Income": NaN,
        "Operating Expense": NaN,
        "Other Operating Expenses": -1000000.0,
        "Other Taxes": NaN,
        "Selling General And Administration": NaN,
        "General And Administrative Expense": NaN,
        "Other Gand A": NaN,
        "Gross Profit": NaN,
        "Cost Of Revenue": NaN,
        "Total Revenue": NaN,
        "Operating Revenue": NaN
    },
    "2023-03-31": {
        "Tax Effect Of Unusual Items": NaN,
        "Tax Rate For Calcs": NaN,
        "Normalized EBITDA": NaN,
        "Total Unusual Items": NaN,
        "Total Unusual Items Excluding Goodwill": NaN,
        "Net Income From Continuing Operation Net Minority Interest": NaN,
        "Reconciled Depreciation": NaN,
        "Reconciled Cost Of Revenue": NaN,
        "EBITDA": NaN,
        "EBIT": NaN,
        "Net Interest Income": NaN,
        "Normalized Income": NaN,
        "Net Income From Continuing And Discontinued Operation": NaN,
        "Total Expenses": NaN,
        "Total Operating Income As Reported": NaN,
        "Diluted Average Shares": NaN,
        "Basic Average Shares": NaN,
        "Diluted EPS": NaN,
        "Basic EPS": NaN,
        "Diluted NI Availto Com Stockholders": NaN,
        "Net Income Common Stockholders": NaN,
        "Otherunder Preferred Stock Dividend": NaN,
        "Net Income": NaN,
        "Minority Interests": NaN,
        "Net Income Including Noncontrolling Interests": NaN,
        "Net Income Continuous Operations": NaN,
        "Tax Provision": NaN,
        "Pretax Income": NaN,
        "Other Income Expense": NaN,
        "Other Non Operating Income Expenses": NaN,
        "Special Income Charges": NaN,
        "Gain On Sale Of Ppe": 0.0,
        "Gain On Sale Of Business": NaN,
        "Earnings From Equity Interest": NaN,
        "Net Non Operating Interest Income Expense": NaN,
        "Total Other Finance Cost": NaN,
        "Operating Income": NaN,
        "Operating Expense": NaN,
        "Other Operating Expenses": NaN,
        "Other Taxes": NaN,
        "Selling General And Administration": NaN,
        "General And Administrative Expense": NaN,
        "Other Gand A": NaN,
        "Gross Profit": NaN,
        "Cost Of Revenue": NaN,
        "Total Revenue": NaN,
        "Operating Revenue": NaN
    },
    "2022-12-31": {
        "Tax Effect Of Unusual Items": NaN,
        "Tax Rate For Calcs": NaN,
        "Normalized EBITDA": NaN,
        "Total Unusual Items": NaN,
        "Total Unusual Items Excluding Goodwill": NaN,
        "Net Income From Continuing Operation Net Minority Interest": NaN,
        "Reconciled Depreciation": NaN,
        "Reconciled Cost Of Revenue": NaN,
        "EBITDA": NaN,
        "EBIT": NaN,
        "Net Interest Income": NaN,
        "Normalized Income": NaN,
        "Net Income From Continuing And Discontinued Operation": NaN,
        "Total Expenses": NaN,
        "Total Operating Income As Reported": NaN,
        "Diluted Average Shares": NaN,
        "Basic Average Shares": NaN,
        "Diluted EPS": NaN,
        "Basic EPS": NaN,
        "Diluted NI Availto Com Stockholders": NaN,
        "Net Income Common Stockholders": NaN,
        "Otherunder Preferred Stock Dividend": NaN,
        "Net Income": NaN,
        "Minority Interests": NaN,
        "Net Income Including Noncontrolling Interests": NaN,
        "Net Income Continuous Operations": NaN,
        "Tax Provision": NaN,
        "Pretax Income": NaN,
        "Other Income Expense": NaN,
        "Other Non Operating Income Expenses": -8000000.0,
        "Special Income Charges": NaN,
        "Gain On Sale Of Ppe": NaN,
        "Earnings From Equity Interest": NaN,
        "Net Non Operating Interest Income Expense": NaN,
        "Total Other Finance Cost": NaN,
        "Operating Income": NaN,
        "Operating Expense": NaN,
        "Other Operating Expenses": -1000000.0,
        "Other Taxes": NaN,
        "Selling General And Administration": NaN,
        "General And Administrative Expense": NaN,
        "Other Gand A": NaN,
        "Gross Profit": NaN,
        "Cost Of Revenue": NaN,
        "Total Revenue": NaN,
        "Operating Revenue": NaN
    },
    "2022-09-30": {
        "Tax Effect Of Unusual Items": 1654320.987654,
        "Tax Rate For Calcs": 0.183813,
        "Normalized EBITDA": 913000000.0,
        "Total Unusual Items": 9000000.0,
        "Total Unusual Items Excluding Goodwill": 9000000.0,
        "Net Income From Continuing Operation Net Minority Interest": 576000000.0,
        "Reconciled Depreciation": 551000000.0,
        "Reconciled Cost Of Revenue": 3268000000.0,
        "EBITDA": 922000000.0,
        "EBIT": 922000000.0,
        "Net Interest Income": -399000000.0,
        "Normalized Income": 568654320.987654,
        "Net Income From Continuing And Discontinued Operation": 576000000.0,
        "Total Expenses": 4255000000.0,
        "Total Operating Income As Reported": 931000000.0,
        "Diluted Average Shares": 2253000000.0,
        "Basic Average Shares": 2253000000.0,
        "Diluted EPS": 0.25,
        "Basic EPS": 0.25,
        "Diluted NI Availto Com Stockholders": 576000000.0,
        "Net Income Common Stockholders": 576000000.0,
        "Otherunder Preferred Stock Dividend": 4000000.0,
        "Net Income": 576000000.0,
        "Minority Interests": -19000000.0,
        "Net Income Including Noncontrolling Interests": 595000000.0,
        "Net Income Continuous Operations": 595000000.0,
        "Tax Provision": 134000000.0,
        "Pretax Income": 729000000.0,
        "Other Income Expense": 206000000.0,
        "Other Non Operating Income Expenses": 21000000.0,
        "Special Income Charges": 9000000.0,
        "Gain On Sale Of Ppe": 9000000.0,
        "Impairment Of Capital Assets": NaN,
        "Earnings From Equity Interest": 176000000.0,
        "Net Non Operating Interest Income Expense": -399000000.0,
        "Total Other Finance Cost": 399000000.0,
        "Operating Income": 922000000.0,
        "Operating Expense": 987000000.0,
        "Other Operating Expenses": NaN,
        "Other Taxes": 113000000.0,
        "Selling General And Administration": 162000000.0,
        "General And Administrative Expense": 162000000.0,
        "Other Gand A": 162000000.0,
        "Gross Profit": 1909000000.0,
        "Cost Of Revenue": 3268000000.0,
        "Total Revenue": 5177000000.0,
        "Operating Revenue": 5177000000.0
    },
    "2022-06-30": {
        "Tax Effect Of Unusual Items": 2418160.095579,
        "Tax Rate For Calcs": 0.219833,
        "Normalized EBITDA": 984000000.0,
        "Total Unusual Items": 11000000.0,
        "Total Unusual Items Excluding Goodwill": 11000000.0,
        "Net Income From Continuing Operation Net Minority Interest": 635000000.0,
        "Reconciled Depreciation": 543000000.0,
        "Reconciled Cost Of Revenue": 3226000000.0,
        "EBITDA": 995000000.0,
        "EBIT": 995000000.0,
        "Net Interest Income": -355000000.0,
        "Normalized Income": 626418160.095579,
        "Net Income From Continuing And Discontinued Operation": 635000000.0,
        "Total Expenses": 4156000000.0,
        "Total Operating Income As Reported": 1006000000.0,
        "Diluted Average Shares": 2265000000.0,
        "Basic Average Shares": 2265000000.0,
        "Diluted EPS": 0.28,
        "Basic EPS": 0.28,
        "Diluted NI Availto Com Stockholders": 635000000.0,
        "Net Income Common Stockholders": 635000000.0,
        "Otherunder Preferred Stock Dividend": NaN,
        "Net Income": 635000000.0,
        "Minority Interests": -18000000.0,
        "Net Income Including Noncontrolling Interests": 653000000.0,
        "Net Income Continuous Operations": 653000000.0,
        "Tax Provision": 184000000.0,
        "Pretax Income": 837000000.0,
        "Other Income Expense": 197000000.0,
        "Other Non Operating Income Expenses": 23000000.0,
        "Special Income Charges": 11000000.0,
        "Gain On Sale Of Ppe": 11000000.0,
        "Impairment Of Capital Assets": NaN,
        "Earnings From Equity Interest": 163000000.0,
        "Net Non Operating Interest Income Expense": -355000000.0,
        "Total Other Finance Cost": 355000000.0,
        "Operating Income": 995000000.0,
        "Operating Expense": 930000000.0,
        "Other Operating Expenses": -1000000.0,
        "Other Taxes": 116000000.0,
        "Selling General And Administration": 152000000.0,
        "General And Administrative Expense": 152000000.0,
        "Other Gand A": 152000000.0,
        "Gross Profit": 1925000000.0,
        "Cost Of Revenue": 3226000000.0,
        "Total Revenue": 5151000000.0,
        "Operating Revenue": 5151000000.0
    },
    "2022-03-31": {
        "Diluted EPS": 0.29,
        "Total Revenue": NaN,
        "Gross Profit": NaN,
        "Operating Income": NaN,
        "EBIT": NaN,
        "Net Income": 667
    },
    "2021-12-31": {
        "Diluted EPS": 0.28,
        "Total Revenue": NaN,
        "Gross Profit": NaN,
        "Operating Income": 950,
        "EBIT": NaN,
        "Net Income": 637
    },
    "2021-09-30": {
        "Diluted EPS": 0.22,
        "Total Revenue": NaN,
        "Gross Profit": NaN,
        "Operating Income": 844,
        "EBIT": NaN,
        "Net Income": 495
    },
    "2021-06-30": {
        "Diluted EPS": -0.34,
        "Total Revenue": NaN,
        "Gross Profit": NaN,
        "Operating Income": -764,
        "EBIT": -223,
        "Net Income": -757
    },
    "2021-03-31": {
        "Diluted EPS": 0.62,
        "Total Revenue": NaN,
        "Gross Profit": NaN,
        "Operating Income": NaN,
        "EBIT": NaN,
        "Net Income": NaN
    },
    "2020-12-31": {
        "Diluted EPS": 0.27,
        "Total Revenue": NaN,
        "Gross Profit": NaN,
        "Operating Income": 980,
        "EBIT": NaN,
        "Net Income": 616
    },
    "2020-09-30": {
        "Diluted EPS": 0.2,
        "Total Revenue": NaN,
        "Gross Profit": NaN,
        "Operating Income": 819,
        "EBIT": NaN,
        "Net Income": 452
    },
    "2020-06-30": {
        "Diluted EPS": -0.28,
        "Total Revenue": NaN,
        "Gross Profit": NaN,
        "Operating Income": -282,
        "EBIT": 285,
        "Net Income": -640
    },
    "2020-03-31": {
        "Diluted EPS": -0.14,
        "Total Revenue": NaN,
        "Gross Profit": NaN,
        "Operating Income": 43,
        "EBIT": 640,
        "Net Income": -309
    },
    "2019-12-31": {
        "Diluted EPS": 0.27,
        "Total Revenue": NaN,
        "Gross Profit": NaN,
        "Operating Income": NaN,
        "EBIT": NaN,
        "Net Income": 616
    },
    "2019-09-30": {
        "Diluted EPS": 0.22,
        "Total Revenue": NaN,
        "Gross Profit": NaN,
        "Operating Income": 951,
        "EBIT": NaN,
        "Net Income": 506
    },
    "2019-06-30": {
        "Diluted EPS": 0.23,
        "Total Revenue": NaN,
        "Gross Profit": NaN,
        "Operating Income": 973,
        "EBIT": NaN,
        "Net Income": 515
    },
    "2019-03-31": {
        "Diluted EPS": 0.24,
        "Total Revenue": NaN,
        "Gross Profit": NaN,
        "Operating Income": NaN,
        "EBIT": NaN,
        "Net Income": 553
    },
    "2018-12-31": {
        "Diluted EPS": 0.21,
        "Total Revenue": NaN,
        "Gross Profit": NaN,
        "Operating Income": NaN,
        "EBIT": NaN,
        "Net Income": 483
    },
    "2018-09-30": {
        "Diluted EPS": 0.31,
        "Total Revenue": NaN,
        "Gross Profit": NaN,
        "Operating Income": NaN,
        "EBIT": NaN,
        "Net Income": 693
    },
    "2018-06-30": {
        "Diluted EPS": -0.08,
        "Total Revenue": NaN,
        "Gross Profit": NaN,
        "Operating Income": 272,
        "EBIT": 867,
        "Net Income": -180
    },
    "2018-03-31": {
        "Diluted EPS": 0.22,
        "Total Revenue": NaN,
        "Gross Profit": NaN,
        "Operating Income": 949,
        "EBIT": NaN,
        "Net Income": 485
    },
    "2017-12-31": {
        "Diluted EPS": -0.47,
        "Total Revenue": NaN,
        "Gross Profit": NaN,
        "Operating Income": 808,
        "EBIT": NaN,
        "Net Income": NaN
    },
    "2017-09-30": {
        "Diluted EPS": 0.15,
        "Total Revenue": NaN,
        "Gross Profit": NaN,
        "Operating Income": 826,
        "EBIT": NaN,
        "Net Income": 334
    },
    "2017-06-30": {
        "Diluted EPS": 0.15,
        "Total Revenue": NaN,
        "Gross Profit": NaN,
        "Operating Income": 918,
        "EBIT": NaN,
        "Net Income": 337
    },
    "2017-03-31": {
        "Diluted EPS": 0.18,
        "Total Revenue": NaN,
        "Gross Profit": NaN,
        "Operating Income": 977,
        "EBIT": NaN,
        "Net Income": 401
    },
    "2016-12-31": {
        "Diluted EPS": 0.08,
        "Total Revenue": NaN,
        "Gross Profit": NaN,
        "Operating Income": 900,
        "EBIT": NaN,
        "Net Income": 170
    },
    "2016-09-30": {
        "Diluted EPS": -0.1,
        "Total Revenue": NaN,
        "Gross Profit": NaN,
        "Operating Income": 882,
        "EBIT": NaN,
        "Net Income": -227
    },
    "2016-06-30": {
        "Diluted EPS": 0.15,
        "Total Revenue": NaN,
        "Gross Profit": NaN,
        "Operating Income": 940,
        "EBIT": NaN,
        "Net Income": 333
    },
    "2016-03-31": {
        "Diluted EPS": 0.12,
        "Total Revenue": NaN,
        "Gross Profit": NaN,
        "Operating Income": 816,
        "EBIT": NaN,
        "Net Income": 276
    },
    "2015-12-31": {
        "Diluted EPS": -0.33,
        "Total Revenue": NaN,
        "Gross Profit": NaN,
        "Operating Income": -244,
        "EBIT": NaN,
        "Net Income": -721
    },
    "2015-09-30": {
        "Diluted EPS": 0.08,
        "Total Revenue": NaN,
        "Gross Profit": NaN,
        "Operating Income": 721,
        "EBIT": NaN,
        "Net Income": 186
    },
    "2015-06-30": {
        "Diluted EPS": 0.15,
        "Total Revenue": NaN,
        "Gross Profit": NaN,
        "Operating Income": 892,
        "EBIT": NaN,
        "Net Income": 333
    },
    "2015-03-31": {
        "Diluted EPS": 0.2,
        "Total Revenue": NaN,
        "Gross Profit": NaN,
        "Operating Income": NaN,
        "EBIT": NaN,
        "Net Income": 429
    },
    "2014-12-31": {
        "Diluted EPS": 0.02,
        "Total Revenue": NaN,
        "Gross Profit": NaN,
        "Operating Income": 956,
        "EBIT": NaN,
        "Net Income": 126
    },
    "2014-09-30": {
        "Diluted EPS": 0.32,
        "Total Revenue": NaN,
        "Gross Profit": NaN,
        "Operating Income": NaN,
        "EBIT": NaN,
        "Net Income": 329
    },
    "2014-06-30": {
        "Diluted EPS": 0.27,
        "Total Revenue": NaN,
        "Gross Profit": NaN,
        "Operating Income": NaN,
        "EBIT": NaN,
        "Net Income": 284
    },
    "2014-03-31": {
        "Diluted EPS": 0.28,
        "Total Revenue": NaN,
        "Gross Profit": NaN,
        "Operating Income": NaN,
        "EBIT": NaN,
        "Net Income": 287
    },
    "2013-12-31": {
        "Diluted EPS": 0.33,
        "Total Revenue": NaN,
        "Gross Profit": NaN,
        "Operating Income": NaN,
        "EBIT": NaN,
        "Net Income": 338
    },
    "2013-09-30": {
        "Diluted EPS": 0.27,
        "Total Revenue": NaN,
        "Gross Profit": NaN,
        "Operating Income": NaN,
        "EBIT": NaN,
        "Net Income": 286
    },
    "2013-06-30": {
        "Diluted EPS": 0.27,
        "Total Revenue": NaN,
        "Gross Profit": NaN,
        "Operating Income": 772,
        "EBIT": NaN,
        "Net Income": 277
    },
    "2013-03-31": {
        "Diluted EPS": 0.28,
        "Total Revenue": NaN,
        "Gross Profit": NaN,
        "Operating Income": NaN,
        "EBIT": NaN,
        "Net Income": 292
    },
    "2012-12-31": {
        "Diluted EPS": 0.28,
        "Total Revenue": NaN,
        "Gross Profit": NaN,
        "Operating Income": 965,
        "EBIT": NaN,
        "Net Income": 220
    },
    "2012-09-30": {
        "Diluted EPS": 0.14,
        "Total Revenue": NaN,
        "Gross Profit": NaN,
        "Operating Income": 852,
        "EBIT": NaN,
        "Net Income": 200
    },
    "2012-06-30": {
        "Diluted EPS": -0.09,
        "Total Revenue": NaN,
        "Gross Profit": NaN,
        "Operating Income": 260,
        "EBIT": 595,
        "Net Income": -126
    },
    "2012-03-31": {
        "Diluted EPS": 0.02,
        "Total Revenue": NaN,
        "Gross Profit": NaN,
        "Operating Income": 516,
        "EBIT": 799,
        "Net Income": 21
    },
    "2011-12-31": {
        "Diluted EPS": 0.12,
        "Total Revenue": NaN,
        "Gross Profit": NaN,
        "Operating Income": 441,
        "EBIT": 728,
        "Net Income": 155
    },
    "2011-09-30": {
        "Diluted EPS": 0.12,
        "Total Revenue": NaN,
        "Gross Profit": NaN,
        "Operating Income": 381,
        "EBIT": 670,
        "Net Income": 152
    },
    "2011-06-30": {
        "Diluted EPS": 0.1,
        "Total Revenue": NaN,
        "Gross Profit": NaN,
        "Operating Income": 236,
        "EBIT": 502,
        "Net Income": 132
    },
    "2011-03-31": {
        "Diluted EPS": 0.12,
        "Total Revenue": NaN,
        "Gross Profit": NaN,
        "Operating Income": 365,
        "EBIT": 622,
        "Net Income": 155
    },
    "2010-12-31": {
        "Diluted EPS": 0.0,
        "Total Revenue": NaN,
        "Gross Profit": 670,
        "Operating Income": 302,
        "EBIT": 569,
        "Net Income": 63
    },
    "2010-09-30": {
        "Diluted EPS": 0.0,
        "Total Revenue": NaN,
        "Gross Profit": NaN,
        "Operating Income": 181,
        "EBIT": 444,
        "Net Income": 11
    },
    "2010-06-30": {
        "Diluted EPS": 0.0,
        "Total Revenue": NaN,
        "Gross Profit": NaN,
        "Operating Income": 405,
        "EBIT": 677,
        "Net Income": 46
    },
    "2010-03-31": {
        "Diluted EPS": 0.0,
        "Total Revenue": NaN,
        "Gross Profit": NaN,
        "Operating Income": 244,
        "EBIT": 528,
        "Net Income": -161
    },
    "2009-12-31": {
        "Diluted EPS": 0.0,
        "Total Revenue": NaN,
        "Gross Profit": NaN,
        "Operating Income": NaN,
        "EBIT": NaN,
        "Net Income": NaN
    },
    "2023-09-30": {
        "Tax Effect Of Unusual Items": 621000.0,
        "Tax Rate For Calcs": 0.207,
        "Normalized EBITDA": 1493000000.0,
        "Total Unusual Items": 3000000.0,
        "Total Unusual Items Excluding Goodwill": 3000000.0,
        "Net Income From Continuing Operation Net Minority Interest": 532000000.0,
        "Reconciled Depreciation": 561000000.0,
        "Reconciled Cost Of Revenue": 1966000000.0,
        "EBITDA": 1496000000.0,
        "EBIT": 935000000.0,
        "Net Interest Income": -457000000.0,
        "Normalized Income": 529621000.0,
        "Net Income From Continuing And Discontinued Operation": 532000000.0,
        "Total Expenses": 2972000000.0,
        "Total Operating Income As Reported": 938000000.0,
        "Diluted Average Shares": 2230000000.0,
        "Basic Average Shares": 2230000000.0,
        "Diluted EPS": 0.24,
        "Basic EPS": 0.24,
        "Diluted NI Availto Com Stockholders": 528000000.0,
        "Net Income Common Stockholders": 528000000.0,
        "Otherunder Preferred Stock Dividend": 4000000.0,
        "Net Income": 532000000.0,
        "Minority Interests": -23000000.0,
        "Net Income Including Noncontrolling Interests": 555000000.0,
        "Net Income Continuous Operations": 555000000.0,
        "Tax Provision": 145000000.0,
        "Pretax Income": 700000000.0,
        "Other Income Expense": 222000000.0,
        "Other Non Operating Income Expenses": 3000000.0,
        "Special Income Charges": 3000000.0,
        "Gain On Sale Of Ppe": 3000000.0,
        "Gain On Sale Of Business": 3000000.0,
        "Earnings From Equity Interest": 216000000.0,
        "Net Non Operating Interest Income Expense": -457000000.0,
        "Total Other Finance Cost": 457000000.0,
        "Operating Income": 935000000.0,
        "Operating Expense": 1006000000.0,
        "Other Operating Expenses": NaN,
        "Other Taxes": 106000000.0,
        "Selling General And Administration": 162000000.0,
        "General And Administrative Expense": 162000000.0,
        "Other Gand A": 162000000.0,
        "Gross Profit": 1941000000.0,
        "Cost Of Revenue": 1966000000.0,
        "Total Revenue": 3907000000.0,
        "Operating Revenue": 3872000000.0
    },
    "2023-12-31": {
        "Tax Effect Of Unusual Items": -250000.0,
        "Tax Rate For Calcs": 0.25,
        "Normalized EBITDA": 1670000000.0,
        "Total Unusual Items": -1000000.0,
        "Total Unusual Items Excluding Goodwill": -1000000.0,
        "Net Income From Continuing Operation Net Minority Interest": 594000000.0,
        "Reconciled Depreciation": 567000000.0,
        "Reconciled Cost Of Revenue": 1914000000.0,
        "EBITDA": 1669000000.0,
        "EBIT": 1102000000.0,
        "Net Interest Income": -452000000.0,
        "Normalized Income": 594750000.0,
        "Net Income From Continuing And Discontinued Operation": 594000000.0,
        "Total Expenses": 2936000000.0,
        "Total Operating Income As Reported": 1101000000.0,
        "Diluted Average Shares": 2221000000.0,
        "Basic Average Shares": 2221000000.0,
        "Diluted EPS": 0.27,
        "Basic EPS": 0.27,
        "Diluted NI Availto Com Stockholders": 591000000.0,
        "Net Income Common Stockholders": 591000000.0,
        "Otherunder Preferred Stock Dividend": 3000000.0,
        "Net Income": 594000000.0,
        "Minority Interests": -24000000.0,
        "Net Income Including Noncontrolling Interests": 618000000.0,
        "Net Income Continuous Operations": 618000000.0,
        "Tax Provision": 206000000.0,
        "Pretax Income": 824000000.0,
        "Other Income Expense": 174000000.0,
        "Other Non Operating Income Expenses": -44000000.0,
        "Special Income Charges": -1000000.0,
        "Gain On Sale Of Ppe": -1000000.0,
        "Gain On Sale Of Business": -1000000.0,
        "Earnings From Equity Interest": 219000000.0,
        "Net Non Operating Interest Income Expense": -452000000.0,
        "Total Other Finance Cost": 452000000.0,
        "Operating Income": 1102000000.0,
        "Operating Expense": 1022000000.0,
        "Other Operating Expenses": 4000000.0,
        "Other Taxes": 102000000.0,
        "Selling General And Administration": 171000000.0,
        "General And Administrative Expense": 171000000.0,
        "Other Gand A": 171000000.0,
        "Gross Profit": 2124000000.0,
        "Cost Of Revenue": 1914000000.0,
        "Total Revenue": 4038000000.0,
        "Operating Revenue": 3965000000.0
    },
    "2024-03-31": {
        "Tax Effect Of Unusual Items": 6816000.0,
        "Tax Rate For Calcs": 0.213,
        "Normalized EBITDA": 1746000000.0,
        "Total Unusual Items": 32000000.0,
        "Total Unusual Items Excluding Goodwill": 32000000.0,
        "Net Income From Continuing Operation Net Minority Interest": 746000000.0,
        "Reconciled Depreciation": 587000000.0,
        "Reconciled Cost Of Revenue": 1694000000.0,
        "EBITDA": 1778000000.0,
        "EBIT": 1191000000.0,
        "Net Interest Income": -472000000.0,
        "Normalized Income": 720816000.0,
        "Net Income From Continuing And Discontinued Operation": 746000000.0,
        "Total Expenses": 2651000000.0,
        "Total Operating Income As Reported": 1223000000.0,
        "Diluted Average Shares": 2220000000.0,
        "Basic Average Shares": 2220000000.0,
        "Diluted EPS": 0.33,
        "Basic EPS": 0.33,
        "Diluted NI Availto Com Stockholders": 742000000.0,
        "Net Income Common Stockholders": 742000000.0,
        "Otherunder Preferred Stock Dividend": 4000000.0,
        "Net Income": 746000000.0,
        "Minority Interests": -27000000.0,
        "Net Income Including Noncontrolling Interests": 773000000.0,
        "Net Income Continuous Operations": 773000000.0,
        "Tax Provision": 209000000.0,
        "Pretax Income": 982000000.0,
        "Other Income Expense": 263000000.0,
        "Other Non Operating Income Expenses": NaN,
        "Special Income Charges": 32000000.0,
        "Gain On Sale Of Ppe": 32000000.0,
        "Gain On Sale Of Business": 32000000.0,
        "Earnings From Equity Interest": 231000000.0,
        "Net Non Operating Interest Income Expense": -472000000.0,
        "Total Other Finance Cost": 472000000.0,
        "Operating Income": 1191000000.0,
        "Operating Expense": 957000000.0,
        "Other Operating Expenses": -9000000.0,
        "Other Taxes": 111000000.0,
        "Selling General And Administration": 175000000.0,
        "General And Administrative Expense": 175000000.0,
        "Other Gand A": 175000000.0,
        "Gross Profit": 2148000000.0,
        "Cost Of Revenue": 1694000000.0,
        "Total Revenue": 3842000000.0,
        "Operating Revenue": 3752000000.0
    },
    "2024-06-30": {
        "Tax Effect Of Unusual Items": 9810000.0,
        "Tax Rate For Calcs": 0.218,
        "Normalized EBITDA": 1532000000.0,
        "Total Unusual Items": 45000000.0,
        "Total Unusual Items Excluding Goodwill": 45000000.0,
        "Net Income From Continuing Operation Net Minority Interest": 575000000.0,
        "Reconciled Depreciation": 584000000.0,
        "Reconciled Cost Of Revenue": 1551000000.0,
        "EBITDA": 1577000000.0,
        "EBIT": 993000000.0,
        "Net Interest Income": -464000000.0,
        "Normalized Income": 539810000.0,
        "Net Income From Continuing And Discontinued Operation": 575000000.0,
        "Total Expenses": 2579000000.0,
        "Total Operating Income As Reported": 1038000000.0,
        "Diluted Average Shares": 2219000000.0,
        "Basic Average Shares": 2219000000.0,
        "Diluted EPS": 0.26,
        "Basic EPS": 0.26,
        "Diluted NI Availto Com Stockholders": 572000000.0,
        "Net Income Common Stockholders": 572000000.0,
        "Otherunder Preferred Stock Dividend": 3000000.0,
        "Net Income": 575000000.0,
        "Minority Interests": -27000000.0,
        "Net Income Including Noncontrolling Interests": 602000000.0,
        "Net Income Continuous Operations": 602000000.0,
        "Tax Provision": 168000000.0,
        "Pretax Income": 770000000.0,
        "Other Income Expense": 241000000.0,
        "Other Non Operating Income Expenses": 1000000.0,
        "Special Income Charges": 45000000.0,
        "Gain On Sale Of Ppe": NaN,
        "Gain On Sale Of Business": 45000000.0,
        "Earnings From Equity Interest": 195000000.0,
        "Net Non Operating Interest Income Expense": -464000000.0,
        "Total Other Finance Cost": 464000000.0,
        "Operating Income": 993000000.0,
        "Operating Expense": 1028000000.0,
        "Other Operating Expenses": -1000000.0,
        "Other Taxes": 109000000.0,
        "Selling General And Administration": 179000000.0,
        "General And Administrative Expense": 179000000.0,
        "Other Gand A": 179000000.0,
        "Gross Profit": 2021000000.0,
        "Cost Of Revenue": 1551000000.0,
        "Total Revenue": 3572000000.0,
        "Operating Revenue": 3524000000.0
    },
    "2024-09-30": {
        "Tax Effect Of Unusual Items": -148000.0,
        "Tax Rate For Calcs": 0.148,
        "Normalized EBITDA": 1604000000.0,
        "Total Unusual Items": -1000000.0,
        "Total Unusual Items Excluding Goodwill": -1000000.0,
        "Net Income From Continuing Operation Net Minority Interest": 625000000.0,
        "Reconciled Depreciation": 587000000.0,
        "Reconciled Cost Of Revenue": 1611000000.0,
        "EBITDA": 1603000000.0,
        "EBIT": 1016000000.0,
        "Net Interest Income": -466000000.0,
        "Normalized Income": 625852000.0,
        "Net Income From Continuing And Discontinued Operation": 625000000.0,
        "Total Expenses": 2683000000.0,
        "Total Operating Income As Reported": 1015000000.0,
        "Diluted Average Shares": 2221000000.0,
        "Basic Average Shares": 2221000000.0,
        "Diluted EPS": 0.28,
        "Basic EPS": 0.28,
        "Diluted NI Availto Com Stockholders": 621000000.0,
        "Net Income Common Stockholders": 621000000.0,
        "Otherunder Preferred Stock Dividend": 4000000.0,
        "Net Income": 625000000.0,
        "Minority Interests": -26000000.0,
        "Net Income Including Noncontrolling Interests": 651000000.0,
        "Net Income Continuous Operations": 651000000.0,
        "Tax Provision": 113000000.0,
        "Pretax Income": 764000000.0,
        "Other Income Expense": 214000000.0,
        "Other Non Operating Income Expenses": 16000000.0,
        "Special Income Charges": -1000000.0,
        "Gain On Sale Of Ppe": NaN,
        "Gain On Sale Of Business": -1000000.0,
        "Earnings From Equity Interest": 199000000.0,
        "Net Non Operating Interest Income Expense": -466000000.0,
        "Total Other Finance Cost": 466000000.0,
        "Operating Income": 1016000000.0,
        "Operating Expense": 1072000000.0,
        "Other Operating Expenses": -1000000.0,
        "Other Taxes": 107000000.0,
        "Selling General And Administration": 176000000.0,
        "General And Administrative Expense": 176000000.0,
        "Other Gand A": 176000000.0,
        "Gross Profit": 2088000000.0,
        "Cost Of Revenue": 1611000000.0,
        "Total Revenue": 3699000000.0,
        "Operating Revenue": 3656000000.0
    }
}