{
    "2023-05-31": {
        "Tax Effect Of Unusual Items": 0.0,
        "Tax Rate For Calcs": 0.257,
        "Normalized EBITDA": 543304000.0,
        "Net Income From Continuing Operation Net Minority Interest": 228298000.0,
        "Reconciled Depreciation": 62998000.0,
        "Reconciled Cost Of Revenue": 6869194000.0,
        "EBITDA": 543304000.0,
        "EBIT": 480306000.0,
        "Net Interest Income": 208534000.0,
        "Interest Expense": 173066000.0,
        "Interest Income": 400500000.0,
        "Normalized Income": 228298000.0,
        "Net Income From Continuing And Discontinued Operation": 228298000.0,
        "Total Expenses": 7589492000.0,
        "Rent Expense Supplemental": 66200000.0,
        "Diluted Average Shares": 158561000.0,
        "Basic Average Shares": 158116000.0,
        "Diluted EPS": 1.44,
        "Basic EPS": 1.44,
        "Diluted NI Availto Com Stockholders": 228298000.0,
        "Net Income Common Stockholders": 228298000.0,
        "Net Income": 228298000.0,
        "Net Income Including Noncontrolling Interests": 228298000.0,
        "Net Income Continuous Operations": 228298000.0,
        "Tax Provision": 78942000.0,
        "Pretax Income": 307240000.0,
        "Other Income Expense": 1214000.0,
        "Other Non Operating Income Expenses": 1214000.0,
        "Net Non Operating Interest Income Expense": 208534000.0,
        "Total Other Finance Cost": 18900000.0,
        "Interest Expense Non Operating": 173066000.0,
        "Interest Income Non Operating": 400500000.0,
        "Operating Income": 97571000.0,
        "Operating Expense": 719819000.0,
        "Other Operating Expenses": 80900000.0,
        "Provision For Doubtful Accounts": 80900000.0,
        "Depreciation Amortization Depletion Income Statement": 62519000.0,
        "Depreciation And Amortization In Income Statement": 62519000.0,
        "Selling General And Administration": 576400000.0,
        "Selling And Marketing Expense": 71900000.0,
        "General And Administrative Expense": 504500000.0,
        "Other Gand A": 55700000.0,
        "Rent And Landing Fees": 66200000.0,
        "Salaries And Wages": 382600000.0,
        "Gross Profit": 817390000.0,
        "Cost Of Revenue": 6869673000.0,
        "Total Revenue": 7687063000.0,
        "Operating Revenue": 7515834000.0
    },
    "2023-02-28": {
        "Tax Effect Of Unusual Items": 0.0,
        "Tax Rate For Calcs": 0.164847,
        "Normalized EBITDA": 284131000.0,
        "Net Income From Continuing Operation Net Minority Interest": 69012000.0,
        "Reconciled Depreciation": 62569000.0,
        "Reconciled Cost Of Revenue": 5110577000.0,
        "EBITDA": 284131000.0,
        "EBIT": 221562000.0,
        "Net Interest Income": 213272000.0,
        "Interest Expense": 138928000.0,
        "Interest Income": 372200000.0,
        "Normalized Income": 69012000.0,
        "Net Income From Continuing And Discontinued Operation": 69012000.0,
        "Total Expenses": 5860146000.0,
        "Rent Expense Supplemental": 62500000.0,
        "Diluted Average Shares": 158465000.0,
        "Basic Average Shares": 158032000.0,
        "Diluted EPS": 0.44,
        "Basic EPS": 0.44,
        "Diluted NI Availto Com Stockholders": 69012000.0,
        "Net Income Common Stockholders": 69012000.0,
        "Net Income": 69012000.0,
        "Net Income Including Noncontrolling Interests": 69012000.0,
        "Net Income Continuous Operations": 69012000.0,
        "Tax Provision": 13622000.0,
        "Pretax Income": 82634000.0,
        "Other Income Expense": 7098000.0,
        "Other Non Operating Income Expenses": 7098000.0,
        "Net Non Operating Interest Income Expense": 213272000.0,
        "Total Other Finance Cost": 20000000.0,
        "Interest Expense Non Operating": 138928000.0,
        "Interest Income Non Operating": 372200000.0,
        "Operating Income": -137653000.0,
        "Operating Expense": 748632000.0,
        "Other Operating Expenses": 98000000.0,
        "Provision For Doubtful Accounts": 98000000.0,
        "Depreciation Amortization Depletion Income Statement": 61632000.0,
        "Depreciation And Amortization In Income Statement": 61632000.0,
        "Selling General And Administration": 589000000.0,
        "Selling And Marketing Expense": 58000000.0,
        "General And Administrative Expense": 531000000.0,
        "Other Gand A": 135600000.0,
        "Rent And Landing Fees": 62500000.0,
        "Salaries And Wages": 332900000.0,
        "Gross Profit": 610979000.0,
        "Cost Of Revenue": 5111514000.0,
        "Total Revenue": 5722493000.0,
        "Operating Revenue": 5561873000.0
    },
    "2022-11-30": {
        "Tax Effect Of Unusual Items": 0.0,
        "Tax Rate For Calcs": 0.248,
        "Normalized EBITDA": 233695000.0,
        "Net Income From Continuing Operation Net Minority Interest": 37580000.0,
        "Reconciled Depreciation": 64752000.0,
        "Reconciled Cost Of Revenue": 5925893000.0,
        "EBITDA": 233695000.0,
        "EBIT": 168943000.0,
        "Net Interest Income": 227750000.0,
        "Interest Expense": 118950000.0,
        "Interest Income": 365400000.0,
        "Normalized Income": 37580000.0,
        "Net Income From Continuing And Discontinued Operation": 37580000.0,
        "Total Expenses": 6684145000.0,
        "Rent Expense Supplemental": 70100000.0,
        "Diluted Average Shares": 158536000.0,
        "Basic Average Shares": 158003000.0,
        "Diluted EPS": 0.24,
        "Basic EPS": 0.24,
        "Diluted NI Availto Com Stockholders": 37580000.0,
        "Net Income Common Stockholders": 37580000.0,
        "Net Income": 37580000.0,
        "Net Income Including Noncontrolling Interests": 37580000.0,
        "Net Income Continuous Operations": 37580000.0,
        "Tax Provision": 12413000.0,
        "Pretax Income": 49993000.0,
        "Other Income Expense": 363000.0,
        "Other Non Operating Income Expenses": 363000.0,
        "Net Non Operating Interest Income Expense": 227750000.0,
        "Total Other Finance Cost": 18700000.0,
        "Interest Expense Non Operating": 118950000.0,
        "Interest Income Non Operating": 365400000.0,
        "Operating Income": -178189000.0,
        "Operating Expense": 754877000.0,
        "Other Operating Expenses": 85700000.0,
        "Provision For Doubtful Accounts": 85700000.0,
        "Depreciation Amortization Depletion Income Statement": 61377000.0,
        "Depreciation And Amortization In Income Statement": 61377000.0,
        "Selling General And Administration": 607800000.0,
        "Selling And Marketing Expense": 58700000.0,
        "General And Administrative Expense": 549100000.0,
        "Other Gand A": 139500000.0,
        "Rent And Landing Fees": 70100000.0,
        "Salaries And Wages": 339500000.0,
        "Gross Profit": 576688000.0,
        "Cost Of Revenue": 5929268000.0,
        "Total Revenue": 6505956000.0,
        "Operating Revenue": 6356791000.0
    },
    "2022-08-31": {
        "Tax Effect Of Unusual Items": 0.0,
        "Tax Rate For Calcs": 0.248665,
        "Normalized EBITDA": 330250000.0,
        "Net Income From Continuing Operation Net Minority Interest": 125905000.0,
        "Reconciled Depreciation": 67430000.0,
        "Reconciled Cost Of Revenue": 7397920000.0,
        "EBITDA": 330250000.0,
        "EBIT": 262820000.0,
        "Net Interest Income": 225655000.0,
        "Interest Expense": 95245000.0,
        "Interest Income": 357200000.0,
        "Normalized Income": 125905000.0,
        "Net Income From Continuing And Discontinued Operation": 125905000.0,
        "Total Expenses": 8206850000.0,
        "Rent Expense Supplemental": 68800000.0,
        "Diluted Average Shares": 160218000.0,
        "Basic Average Shares": 158801000.0,
        "Diluted EPS": 0.79,
        "Basic EPS": 0.79,
        "Diluted NI Availto Com Stockholders": 125905000.0,
        "Net Income Common Stockholders": 125905000.0,
        "Net Income": 125905000.0,
        "Net Income Including Noncontrolling Interests": 125905000.0,
        "Net Income Continuous Operations": 125905000.0,
        "Tax Provision": 41670000.0,
        "Pretax Income": 167575000.0,
        "Other Income Expense": 4039000.0,
        "Other Non Operating Income Expenses": 4039000.0,
        "Net Non Operating Interest Income Expense": 225655000.0,
        "Total Other Finance Cost": 36300000.0,
        "Interest Expense Non Operating": 95245000.0,
        "Interest Income Non Operating": 357200000.0,
        "Operating Income": -62047000.0,
        "Operating Expense": 799192000.0,
        "Other Operating Expenses": 75500000.0,
        "Depreciation Amortization Depletion Income Statement": 57692000.0,
        "Depreciation And Amortization In Income Statement": 57692000.0,
        "Selling General And Administration": 666000000.0,
        "Selling And Marketing Expense": 82900000.0,
        "General And Administrative Expense": 583100000.0,
        "Other Gand A": 156000000.0,
        "Rent And Landing Fees": 68800000.0,
        "Salaries And Wages": 358300000.0,
        "Gross Profit": 737145000.0,
        "Cost Of Revenue": 7407658000.0,
        "Total Revenue": 8144803000.0,
        "Operating Revenue": 7974411000.0
    },
    "2022-05-31": {
        "Tax Effect Of Unusual Items": 0.0,
        "Tax Rate For Calcs": 0.250554,
        "Normalized EBITDA": 435850000.0,
        "Net Income From Continuing Operation Net Minority Interest": 252265000.0,
        "Reconciled Depreciation": 70473000.0,
        "Reconciled Cost Of Revenue": 8421405000.0,
        "EBIT": 365377000.0,
        "Net Interest Income": 175698000.0,
        "Interest Expense": 28775000.0,
        "Interest Income": 204473000.0,
        "Normalized Income": 252265000.0,
        "Net Income From Continuing And Discontinued Operation": 252265000.0,
        "Total Expenses": 9148578000.0,
        "Rent Expense Supplemental": 65800000.0,
        "Diluted Average Shares": 161798000.0,
        "Basic Average Shares": 160298000.0,
        "Diluted EPS": 1.56,
        "Basic EPS": 1.57,
        "Diluted NI Availto Com Stockholders": 252265000.0,
        "Net Income Common Stockholders": 252265000.0,
        "Net Income": 252265000.0,
        "Net Income Including Noncontrolling Interests": 252265000.0,
        "Net Income Continuous Operations": 252265000.0,
        "Tax Provision": 84337000.0,
        "Pretax Income": 336602000.0,
        "Other Income Expense": -2099000.0,
        "Other Non Operating Income Expenses": -2099000.0,
        "Net Non Operating Interest Income Expense": 175698000.0,
        "Total Other Finance Cost": 17100000.0,
        "Interest Expense Non Operating": 28775000.0,
        "Interest Income Non Operating": 204473000.0,
        "Operating Income": 163043000.0,
        "Operating Expense": 712348000.0,
        "Other Operating Expenses": 57800000.0,
        "Depreciation Amortization Depletion Income Statement": 55648000.0,
        "Depreciation And Amortization In Income Statement": 55648000.0,
        "Selling General And Administration": 656700000.0,
        "Selling And Marketing Expense": 88900000.0,
        "General And Administrative Expense": 567800000.0,
        "Other Gand A": 134500000.0,
        "Rent And Landing Fees": 65800000.0,
        "Salaries And Wages": 367500000.0,
        "Gross Profit": 875391000.0,
        "Cost Of Revenue": 8436230000.0,
        "Total Revenue": 9311621000.0,
        "Operating Revenue": 9131007000.0
    },
    "2022-02-28": {
        "Diluted EPS": 0.99,
        "Total Revenue": NaN,
        "Gross Profit": 711,
        "Operating Income": 229,
        "EBIT": 301,
        "Net Income": 160
    },
    "2021-11-30": {
        "Diluted EPS": 1.63,
        "Total Revenue": NaN,
        "Gross Profit": 837,
        "Operating Income": 372,
        "EBIT": 444,
        "Net Income": 269
    },
    "2021-08-31": {
        "Diluted EPS": 1.72,
        "Total Revenue": NaN,
        "Gross Profit": 815,
        "Operating Income": 388,
        "EBIT": 455,
        "Net Income": 285
    },
    "2021-05-31": {
        "Diluted EPS": 2.63,
        "Total Revenue": NaN,
        "Gross Profit": 925,
        "Operating Income": 562,
        "EBIT": 625,
        "Net Income": 437
    },
    "2021-02-28": {
        "Diluted EPS": 1.28,
        "Total Revenue": NaN,
        "Gross Profit": 641,
        "Operating Income": 274,
        "EBIT": 335,
        "Net Income": 210
    },
    "2020-11-30": {
        "Diluted EPS": 1.42,
        "Total Revenue": NaN,
        "Gross Profit": 631,
        "Operating Income": 329,
        "EBIT": 391,
        "Net Income": 235
    },
    "2020-08-31": {
        "Diluted EPS": 1.79,
        "Total Revenue": NaN,
        "Gross Profit": 752,
        "Operating Income": 409,
        "EBIT": 470,
        "Net Income": 297
    },
    "2020-05-31": {
        "Diluted EPS": 0.03,
        "Total Revenue": NaN,
        "Gross Profit": 354,
        "Operating Income": 31,
        "EBIT": 90,
        "Net Income": 5
    },
    "2020-02-29": {
        "Diluted EPS": 1.3,
        "Total Revenue": NaN,
        "Gross Profit": 673,
        "Operating Income": 300,
        "EBIT": 358,
        "Net Income": 215
    },
    "2019-11-30": {
        "Diluted EPS": 1.04,
        "Total Revenue": NaN,
        "Gross Profit": 614,
        "Operating Income": 243,
        "EBIT": 298,
        "Net Income": 173
    },
    "2019-08-31": {
        "Diluted EPS": 1.4,
        "Total Revenue": NaN,
        "Gross Profit": 693,
        "Operating Income": 327,
        "EBIT": 379,
        "Net Income": 234
    },
    "2019-05-31": {
        "Diluted EPS": 1.59,
        "Total Revenue": NaN,
        "Gross Profit": 742,
        "Operating Income": 369,
        "EBIT": 420,
        "Net Income": 267
    },
    "2019-02-28": {
        "Diluted EPS": 1.13,
        "Total Revenue": NaN,
        "Gross Profit": 599,
        "Operating Income": 274,
        "EBIT": 321,
        "Net Income": 193
    },
    "2018-11-30": {
        "Diluted EPS": 1.09,
        "Total Revenue": NaN,
        "Gross Profit": 569,
        "Operating Income": 269,
        "EBIT": 315,
        "Net Income": 190
    },
    "2018-08-31": {
        "Diluted EPS": 1.24,
        "Total Revenue": NaN,
        "Gross Profit": 651,
        "Operating Income": 307,
        "EBIT": 352,
        "Net Income": 221
    },
    "2018-05-31": {
        "Diluted EPS": 1.33,
        "Total Revenue": NaN,
        "Gross Profit": 661,
        "Operating Income": 339,
        "EBIT": 384,
        "Net Income": 239
    },
    "2018-02-28": {
        "Diluted EPS": 0.68,
        "Total Revenue": NaN,
        "Gross Profit": 537,
        "Operating Income": 229,
        "EBIT": 276,
        "Net Income": 122
    },
    "2017-11-30": {
        "Diluted EPS": 0.81,
        "Total Revenue": NaN,
        "Gross Profit": 539,
        "Operating Income": 242,
        "EBIT": 287,
        "Net Income": 149
    },
    "2017-08-31": {
        "Diluted EPS": 0.98,
        "Total Revenue": NaN,
        "Gross Profit": 604,
        "Operating Income": 307,
        "EBIT": 351,
        "Net Income": 181
    },
    "2017-05-31": {
        "Diluted EPS": 1.13,
        "Total Revenue": NaN,
        "Gross Profit": 649,
        "Operating Income": 355,
        "EBIT": 399,
        "Net Income": 212
    },
    "2017-02-28": {
        "Diluted EPS": 0.8,
        "Total Revenue": NaN,
        "Gross Profit": 562,
        "Operating Income": 260,
        "EBIT": 303,
        "Net Income": 153
    },
    "2016-11-30": {
        "Diluted EPS": 0.72,
        "Total Revenue": NaN,
        "Gross Profit": 503,
        "Operating Income": 236,
        "EBIT": 278,
        "Net Income": 137
    },
    "2016-08-31": {
        "Diluted EPS": 0.84,
        "Total Revenue": NaN,
        "Gross Profit": 545,
        "Operating Income": 275,
        "EBIT": 317,
        "Net Income": 162
    },
    "2016-05-31": {
        "Diluted EPS": 0.9,
        "Total Revenue": NaN,
        "Gross Profit": 573,
        "Operating Income": 293,
        "EBIT": 334,
        "Net Income": 175
    },
    "2016-02-29": {
        "Diluted EPS": 0.72,
        "Total Revenue": NaN,
        "Gross Profit": 489,
        "Operating Income": 248,
        "EBIT": 285,
        "Net Income": 141
    },
    "2015-11-30": {
        "Diluted EPS": 0.63,
        "Total Revenue": NaN,
        "Gross Profit": 464,
        "Operating Income": 219,
        "EBIT": 254,
        "Net Income": 128
    },
    "2015-08-31": {
        "Diluted EPS": 0.82,
        "Total Revenue": NaN,
        "Gross Profit": 521,
        "Operating Income": 289,
        "EBIT": 322,
        "Net Income": 172
    },
    "2015-05-31": {
        "Diluted EPS": 0.86,
        "Total Revenue": NaN,
        "Gross Profit": 544,
        "Operating Income": 303,
        "EBIT": 335,
        "Net Income": 182
    },
    "2015-02-28": {
        "Diluted EPS": 0.67,
        "Total Revenue": NaN,
        "Gross Profit": 476,
        "Operating Income": 236,
        "EBIT": 266,
        "Net Income": 143
    },
    "2014-11-30": {
        "Diluted EPS": 0.6,
        "Total Revenue": NaN,
        "Gross Profit": 447,
        "Operating Income": 220,
        "EBIT": 249,
        "Net Income": 130
    },
    "2014-08-31": {
        "Diluted EPS": 0.7,
        "Total Revenue": NaN,
        "Gross Profit": 463,
        "Operating Income": 258,
        "EBIT": 287,
        "Net Income": 155
    },
    "2014-05-31": {
        "Diluted EPS": 0.76,
        "Total Revenue": NaN,
        "Gross Profit": 502,
        "Operating Income": 283,
        "EBIT": 310,
        "Net Income": 170
    },
    "2014-02-28": {
        "Diluted EPS": 0.43,
        "Total Revenue": NaN,
        "Gross Profit": 384,
        "Operating Income": 168,
        "EBIT": 195,
        "Net Income": 99
    },
    "2013-11-30": {
        "Diluted EPS": 0.47,
        "Total Revenue": NaN,
        "Gross Profit": 382,
        "Operating Income": 181,
        "EBIT": 206,
        "Net Income": 106
    },
    "2013-08-31": {
        "Diluted EPS": 0.62,
        "Total Revenue": NaN,
        "Gross Profit": 435,
        "Operating Income": 236,
        "EBIT": 261,
        "Net Income": 140
    },
    "2013-05-31": {
        "Diluted EPS": 0.64,
        "Total Revenue": NaN,
        "Gross Profit": 448,
        "Operating Income": 245,
        "EBIT": 269,
        "Net Income": 147
    },
    "2013-02-28": {
        "Diluted EPS": 0.46,
        "Total Revenue": NaN,
        "Gross Profit": 369,
        "Operating Income": 180,
        "EBIT": 204,
        "Net Income": 107
    },
    "2012-11-30": {
        "Diluted EPS": 0.41,
        "Total Revenue": NaN,
        "Gross Profit": 345,
        "Operating Income": 160,
        "EBIT": 185,
        "Net Income": 95
    },
    "2012-08-31": {
        "Diluted EPS": 0.48,
        "Total Revenue": NaN,
        "Gross Profit": 368,
        "Operating Income": 189,
        "EBIT": 212,
        "Net Income": 112
    },
    "2012-05-31": {
        "Diluted EPS": 0.52,
        "Total Revenue": NaN,
        "Gross Profit": 382,
        "Operating Income": 203,
        "EBIT": 226,
        "Net Income": 121
    },
    "2012-02-29": {
        "Diluted EPS": 0.41,
        "Total Revenue": NaN,
        "Gross Profit": 338,
        "Operating Income": 161,
        "EBIT": 183,
        "Net Income": 95
    },
    "2011-11-30": {
        "Diluted EPS": 0.36,
        "Total Revenue": NaN,
        "Gross Profit": 303,
        "Operating Income": 140,
        "EBIT": 161,
        "Net Income": 82
    },
    "2011-08-31": {
        "Diluted EPS": 0.48,
        "Total Revenue": NaN,
        "Gross Profit": 354,
        "Operating Income": 188,
        "EBIT": 208,
        "Net Income": 111
    },
    "2011-05-31": {
        "Diluted EPS": 0.54,
        "Total Revenue": NaN,
        "Gross Profit": 383,
        "Operating Income": 211,
        "EBIT": 231,
        "Net Income": 125
    },
    "2011-02-28": {
        "Diluted EPS": 0.37,
        "Total Revenue": NaN,
        "Gross Profit": 321,
        "Operating Income": 168,
        "EBIT": 200,
        "Net Income": 86
    },
    "2010-11-30": {
        "Diluted EPS": 0.36,
        "Total Revenue": NaN,
        "Gross Profit": 298,
        "Operating Income": 134,
        "EBIT": 149,
        "Net Income": 82
    },
    "2010-08-31": {
        "Diluted EPS": 0.48,
        "Total Revenue": NaN,
        "Gross Profit": 349,
        "Operating Income": 176,
        "EBIT": 191,
        "Net Income": 107
    },
    "2010-05-31": {
        "Diluted EPS": 0.44,
        "Total Revenue": NaN,
        "Gross Profit": 334,
        "Operating Income": 164,
        "EBIT": 179,
        "Net Income": 101
    },
    "2010-02-28": {
        "Diluted EPS": 0.32,
        "Total Revenue": NaN,
        "Gross Profit": 265,
        "Operating Income": 148,
        "EBIT": 180,
        "Net Income": 71
    },
    "2009-11-30": {
        "Diluted EPS": 0.33,
        "Total Revenue": NaN,
        "Gross Profit": 243,
        "Operating Income": 117,
        "EBIT": 131,
        "Net Income": 74
    },
    "2009-08-31": {
        "Diluted EPS": 0.46,
        "Total Revenue": NaN,
        "Gross Profit": 315,
        "Operating Income": 169,
        "EBIT": 183,
        "Net Income": 102
    },
    "2009-05-31": {
        "Diluted EPS": 0.13,
        "Total Revenue": NaN,
        "Gross Profit": 276,
        "Operating Income": 48,
        "EBIT": 63,
        "Net Income": 28
    },
    "2009-02-28": {
        "Diluted EPS": 0.18,
        "Total Revenue": NaN,
        "Gross Profit": 230,
        "Operating Income": 62,
        "EBIT": 75,
        "Net Income": 37
    },
    "2023-08-31": {
        "Tax Effect Of Unusual Items": 0.0,
        "Tax Rate For Calcs": 0.251,
        "Normalized EBITDA": 405844000.0,
        "Net Income From Continuing Operation Net Minority Interest": 118635000.0,
        "Reconciled Depreciation": 63973000.0,
        "Reconciled Cost Of Revenue": 6376015000.0,
        "EBITDA": 405844000.0,
        "EBIT": 341871000.0,
        "Net Interest Income": 214015000.0,
        "Interest Expense": 183585000.0,
        "Interest Income": 416900000.0,
        "Normalized Income": 118635000.0,
        "Net Income From Continuing And Discontinued Operation": 118635000.0,
        "Total Expenses": 7132288000.0,
        "Rent Expense Supplemental": 67800000.0,
        "Diluted Average Shares": 159238000.0,
        "Basic Average Shares": 158479000.0,
        "Diluted EPS": 0.75,
        "Basic EPS": 0.75,
        "Diluted NI Availto Com Stockholders": 118635000.0,
        "Net Income Common Stockholders": 118635000.0,
        "Net Income": 118635000.0,
        "Net Income Including Noncontrolling Interests": 118635000.0,
        "Net Income Continuous Operations": 118635000.0,
        "Tax Provision": 39651000.0,
        "Pretax Income": 158286000.0,
        "Other Income Expense": 2630000.0,
        "Other Non Operating Income Expenses": 2630000.0,
        "Net Non Operating Interest Income Expense": 214015000.0,
        "Total Other Finance Cost": 19300000.0,
        "Interest Expense Non Operating": 183585000.0,
        "Interest Income Non Operating": 416900000.0,
        "Operating Income": -58452000.0,
        "Operating Expense": 755217000.0,
        "Other Operating Expenses": 89800000.0,
        "Provision For Doubtful Accounts": 89800000.0,
        "Depreciation Amortization Depletion Income Statement": 62917000.0,
        "Depreciation And Amortization In Income Statement": 62917000.0,
        "Selling General And Administration": 602500000.0,
        "Selling And Marketing Expense": 66300000.0,
        "General And Administrative Expense": 536200000.0,
        "Other Gand A": 114600000.0,
        "Rent And Landing Fees": 67800000.0,
        "Salaries And Wages": 353800000.0,
        "Gross Profit": 696765000.0,
        "Cost Of Revenue": 6377071000.0,
        "Total Revenue": 7073836000.0,
        "Operating Revenue": 6913118000.0
    },
    "2023-11-30": {
        "Tax Effect Of Unusual Items": 0.0,
        "Tax Rate For Calcs": 0.258,
        "Normalized EBITDA": 378580000.0,
        "Net Income From Continuing Operation Net Minority Interest": 82003000.0,
        "Reconciled Depreciation": 66557000.0,
        "Reconciled Cost Of Revenue": 5533841000.0,
        "EBITDA": 378580000.0,
        "EBIT": 312023000.0,
        "Net Interest Income": 206035000.0,
        "Interest Expense": 201465000.0,
        "Interest Income": 426900000.0,
        "Normalized Income": 82003000.0,
        "Net Income From Continuing And Discontinued Operation": 82003000.0,
        "Total Expenses": 6244898000.0,
        "Rent Expense Supplemental": 70300000.0,
        "Diluted Average Shares": 158799000.0,
        "Basic Average Shares": 158446000.0,
        "Diluted EPS": 0.52,
        "Basic EPS": 0.52,
        "Diluted NI Availto Com Stockholders": 82003000.0,
        "Net Income Common Stockholders": 82003000.0,
        "Net Income": 82003000.0,
        "Net Income Including Noncontrolling Interests": 82003000.0,
        "Net Income Continuous Operations": 82003000.0,
        "Tax Provision": 28555000.0,
        "Pretax Income": 110558000.0,
        "Other Income Expense": 886000.0,
        "Other Non Operating Income Expenses": 886000.0,
        "Net Non Operating Interest Income Expense": 206035000.0,
        "Total Other Finance Cost": 19400000.0,
        "Interest Expense Non Operating": 201465000.0,
        "Interest Income Non Operating": 426900000.0,
        "Operating Income": -96360000.0,
        "Operating Expense": 709223000.0,
        "Other Operating Expenses": NaN,
        "Provision For Doubtful Accounts": 68300000.0,
        "Depreciation Amortization Depletion Income Statement": 64723000.0,
        "Depreciation And Amortization In Income Statement": 64723000.0,
        "Selling General And Administration": 576200000.0,
        "Selling And Marketing Expense": 63300000.0,
        "General And Administrative Expense": 512900000.0,
        "Other Gand A": 120200000.0,
        "Rent And Landing Fees": 70300000.0,
        "Salaries And Wages": 322400000.0,
        "Gross Profit": 612863000.0,
        "Cost Of Revenue": 5535675000.0,
        "Total Revenue": 6148538000.0,
        "Operating Revenue": 5997281000.0
    }
}