{
    "2023-03-31": {
        "Tax Effect Of Unusual Items": NaN,
        "Tax Rate For Calcs": NaN,
        "Normalized EBITDA": NaN,
        "Total Unusual Items": NaN,
        "Total Unusual Items Excluding Goodwill": NaN,
        "Net Income From Continuing Operation Net Minority Interest": NaN,
        "Reconciled Depreciation": NaN,
        "Reconciled Cost Of Revenue": NaN,
        "EBITDA": NaN,
        "EBIT": NaN,
        "Net Interest Income": NaN,
        "Interest Expense": NaN,
        "Normalized Income": NaN,
        "Net Income From Continuing And Discontinued Operation": NaN,
        "Total Expenses": NaN,
        "Total Operating Income As Reported": NaN,
        "Diluted Average Shares": NaN,
        "Basic Average Shares": NaN,
        "Diluted EPS": NaN,
        "Basic EPS": NaN,
        "Diluted NI Availto Com Stockholders": NaN,
        "Net Income Common Stockholders": NaN,
        "Net Income": NaN,
        "Net Income Including Noncontrolling Interests": NaN,
        "Net Income Discontinuous Operations": NaN,
        "Net Income Continuous Operations": NaN,
        "Tax Provision": NaN,
        "Pretax Income": NaN,
        "Other Income Expense": NaN,
        "Other Non Operating Income Expenses": NaN,
        "Special Income Charges": NaN,
        "Gain On Sale Of Ppe": 0.0,
        "Impairment Of Capital Assets": NaN,
        "Restructuring And Mergern Acquisition": NaN,
        "Net Non Operating Interest Income Expense": NaN,
        "Interest Expense Non Operating": NaN,
        "Operating Income": NaN,
        "Operating Expense": NaN,
        "Research And Development": NaN,
        "Selling General And Administration": NaN,
        "Gross Profit": NaN,
        "Cost Of Revenue": NaN,
        "Total Revenue": NaN,
        "Operating Revenue": NaN
    },
    "2022-12-31": {
        "Tax Effect Of Unusual Items": NaN,
        "Tax Rate For Calcs": NaN,
        "Normalized EBITDA": NaN,
        "Total Unusual Items": NaN,
        "Total Unusual Items Excluding Goodwill": NaN,
        "Net Income From Continuing Operation Net Minority Interest": NaN,
        "Reconciled Depreciation": NaN,
        "Reconciled Cost Of Revenue": NaN,
        "EBITDA": NaN,
        "EBIT": NaN,
        "Net Interest Income": NaN,
        "Interest Expense": NaN,
        "Normalized Income": NaN,
        "Net Income From Continuing And Discontinued Operation": NaN,
        "Total Expenses": NaN,
        "Total Operating Income As Reported": NaN,
        "Diluted Average Shares": NaN,
        "Basic Average Shares": NaN,
        "Diluted EPS": NaN,
        "Basic EPS": NaN,
        "Diluted NI Availto Com Stockholders": NaN,
        "Net Income Common Stockholders": NaN,
        "Net Income": NaN,
        "Net Income Including Noncontrolling Interests": NaN,
        "Net Income Discontinuous Operations": 0.0,
        "Net Income Continuous Operations": NaN,
        "Tax Provision": NaN,
        "Pretax Income": NaN,
        "Other Income Expense": NaN,
        "Other Non Operating Income Expenses": NaN,
        "Special Income Charges": NaN,
        "Gain On Sale Of Ppe": NaN,
        "Impairment Of Capital Assets": 231100000.0,
        "Restructuring And Mergern Acquisition": NaN,
        "Net Non Operating Interest Income Expense": NaN,
        "Interest Expense Non Operating": NaN,
        "Operating Income": NaN,
        "Operating Expense": NaN,
        "Research And Development": NaN,
        "Selling General And Administration": NaN,
        "Gross Profit": NaN,
        "Cost Of Revenue": NaN,
        "Total Revenue": NaN,
        "Operating Revenue": NaN
    },
    "2022-09-30": {
        "Tax Effect Of Unusual Items": NaN,
        "Tax Rate For Calcs": NaN,
        "Normalized EBITDA": NaN,
        "Total Unusual Items": NaN,
        "Total Unusual Items Excluding Goodwill": NaN,
        "Net Income From Continuing Operation Net Minority Interest": NaN,
        "Reconciled Depreciation": NaN,
        "Reconciled Cost Of Revenue": NaN,
        "EBITDA": NaN,
        "EBIT": NaN,
        "Net Interest Income": NaN,
        "Interest Expense": NaN,
        "Normalized Income": NaN,
        "Net Income From Continuing And Discontinued Operation": NaN,
        "Total Expenses": NaN,
        "Total Operating Income As Reported": NaN,
        "Diluted Average Shares": NaN,
        "Basic Average Shares": NaN,
        "Diluted EPS": NaN,
        "Basic EPS": NaN,
        "Diluted NI Availto Com Stockholders": NaN,
        "Net Income Common Stockholders": NaN,
        "Net Income": NaN,
        "Net Income Including Noncontrolling Interests": NaN,
        "Net Income Discontinuous Operations": 0.0,
        "Net Income Continuous Operations": NaN,
        "Tax Provision": NaN,
        "Pretax Income": NaN,
        "Other Income Expense": NaN,
        "Other Non Operating Income Expenses": NaN,
        "Special Income Charges": NaN,
        "Gain On Sale Of Ppe": NaN,
        "Impairment Of Capital Assets": 0.0,
        "Restructuring And Mergern Acquisition": NaN,
        "Net Non Operating Interest Income Expense": NaN,
        "Interest Expense Non Operating": NaN,
        "Operating Income": NaN,
        "Operating Expense": NaN,
        "Research And Development": NaN,
        "Selling General And Administration": NaN,
        "Gross Profit": NaN,
        "Cost Of Revenue": NaN,
        "Total Revenue": NaN,
        "Operating Revenue": NaN
    },
    "2022-06-30": {
        "Tax Effect Of Unusual Items": -96120000.0,
        "Tax Rate For Calcs": 0.4,
        "Normalized EBITDA": 38000000.0,
        "Total Unusual Items": -240300000.0,
        "Total Unusual Items Excluding Goodwill": -240300000.0,
        "Net Income From Continuing Operation Net Minority Interest": -242900000.0,
        "Reconciled Depreciation": 14000000.0,
        "Reconciled Cost Of Revenue": 110300000.0,
        "EBITDA": -202300000.0,
        "EBIT": -216300000.0,
        "Net Interest Income": -800000.0,
        "Interest Expense": 800000.0,
        "Normalized Income": -98720000.0,
        "Net Income From Continuing And Discontinued Operation": -242900000.0,
        "Total Expenses": 162300000.0,
        "Total Operating Income As Reported": -214600000.0,
        "Diluted Average Shares": 92000000.0,
        "Basic Average Shares": 92000000.0,
        "Diluted EPS": -2.64,
        "Basic EPS": -2.64,
        "Diluted NI Availto Com Stockholders": -242900000.0,
        "Net Income Common Stockholders": -242900000.0,
        "Net Income": -242900000.0,
        "Net Income Including Noncontrolling Interests": -242900000.0,
        "Net Income Discontinuous Operations": 0.0,
        "Net Income Continuous Operations": -242900000.0,
        "Tax Provision": 25800000.0,
        "Pretax Income": -217100000.0,
        "Other Income Expense": -242000000.0,
        "Other Non Operating Income Expenses": -1700000.0,
        "Special Income Charges": -240300000.0,
        "Write Off": NaN,
        "Impairment Of Capital Assets": 239800000.0,
        "Restructuring And Mergern Acquisition": 500000.0,
        "Net Non Operating Interest Income Expense": -800000.0,
        "Interest Expense Non Operating": 800000.0,
        "Operating Income": 25700000.0,
        "Operating Expense": 52000000.0,
        "Research And Development": 21300000.0,
        "Selling General And Administration": 30700000.0,
        "Gross Profit": 77700000.0,
        "Cost Of Revenue": 110300000.0,
        "Total Revenue": 188000000.0,
        "Operating Revenue": 188000000.0
    },
    "2023-06-30": {
        "Tax Effect Of Unusual Items": NaN,
        "Tax Rate For Calcs": NaN,
        "Normalized EBITDA": NaN,
        "Total Unusual Items": NaN,
        "Total Unusual Items Excluding Goodwill": NaN,
        "Net Income From Continuing Operation Net Minority Interest": NaN,
        "Reconciled Depreciation": NaN,
        "Reconciled Cost Of Revenue": NaN,
        "EBITDA": NaN,
        "EBIT": NaN,
        "Net Interest Income": NaN,
        "Interest Expense": NaN,
        "Normalized Income": NaN,
        "Net Income From Continuing And Discontinued Operation": NaN,
        "Total Expenses": NaN,
        "Total Operating Income As Reported": NaN,
        "Diluted Average Shares": NaN,
        "Basic Average Shares": NaN,
        "Diluted EPS": NaN,
        "Basic EPS": NaN,
        "Diluted NI Availto Com Stockholders": NaN,
        "Net Income Common Stockholders": NaN,
        "Net Income": NaN,
        "Net Income Including Noncontrolling Interests": NaN,
        "Net Income Discontinuous Operations": NaN,
        "Net Income Continuous Operations": NaN,
        "Tax Provision": NaN,
        "Pretax Income": NaN,
        "Other Income Expense": NaN,
        "Other Non Operating Income Expenses": NaN,
        "Special Income Charges": NaN,
        "Gain On Sale Of Ppe": 0.0,
        "Impairment Of Capital Assets": 0.0,
        "Restructuring And Mergern Acquisition": NaN,
        "Net Non Operating Interest Income Expense": NaN,
        "Interest Expense Non Operating": NaN,
        "Operating Income": NaN,
        "Operating Expense": NaN,
        "Research And Development": NaN,
        "Selling General And Administration": NaN,
        "Gross Profit": NaN,
        "Cost Of Revenue": NaN,
        "Total Revenue": NaN,
        "Operating Revenue": NaN
    },
    "2023-09-30": {
        "Tax Effect Of Unusual Items": -315000.0,
        "Tax Rate For Calcs": 0.21,
        "Normalized EBITDA": 24000000.0,
        "Total Unusual Items": -1500000.0,
        "Total Unusual Items Excluding Goodwill": -1500000.0,
        "Net Income From Continuing Operation Net Minority Interest": 15200000.0,
        "Reconciled Depreciation": 10600000.0,
        "Reconciled Cost Of Revenue": 57700000.0,
        "EBITDA": 22500000.0,
        "EBIT": 11900000.0,
        "Net Interest Income": -600000.0,
        "Interest Expense": 600000.0,
        "Normalized Income": 16385000.0,
        "Net Income From Continuing And Discontinued Operation": 16600000.0,
        "Total Expenses": 95200000.0,
        "Total Operating Income As Reported": 11400000.0,
        "Diluted Average Shares": 91400000.0,
        "Basic Average Shares": 90800000.0,
        "Diluted EPS": 0.18,
        "Basic EPS": 0.18,
        "Diluted NI Availto Com Stockholders": 16600000.0,
        "Net Income Common Stockholders": 16600000.0,
        "Net Income": 16600000.0,
        "Net Income Including Noncontrolling Interests": 16600000.0,
        "Net Income Discontinuous Operations": 1400000.0,
        "Net Income Continuous Operations": 15200000.0,
        "Tax Provision": -3900000.0,
        "Pretax Income": 11300000.0,
        "Other Income Expense": -1000000.0,
        "Other Non Operating Income Expenses": 500000.0,
        "Special Income Charges": -1500000.0,
        "Gain On Sale Of Ppe": NaN,
        "Impairment Of Capital Assets": 0.0,
        "Restructuring And Mergern Acquisition": 1500000.0,
        "Net Non Operating Interest Income Expense": -600000.0,
        "Interest Expense Non Operating": 600000.0,
        "Operating Income": 12900000.0,
        "Operating Expense": 37500000.0,
        "Research And Development": 8100000.0,
        "Selling General And Administration": 29400000.0,
        "Gross Profit": 50400000.0,
        "Cost Of Revenue": 57700000.0,
        "Total Revenue": 108100000.0,
        "Operating Revenue": 108100000.0
    },
    "2023-12-31": {
        "Tax Effect Of Unusual Items": -84000.0,
        "Tax Rate For Calcs": 0.21,
        "Normalized EBITDA": 28500000.0,
        "Total Unusual Items": -400000.0,
        "Total Unusual Items Excluding Goodwill": -400000.0,
        "Net Income From Continuing Operation Net Minority Interest": 47400000.0,
        "Reconciled Depreciation": 12700000.0,
        "Reconciled Cost Of Revenue": 136800000.0,
        "EBITDA": 28100000.0,
        "EBIT": 15400000.0,
        "Net Interest Income": -3200000.0,
        "Interest Expense": 5200000.0,
        "Normalized Income": 47716000.0,
        "Net Income From Continuing And Discontinued Operation": 47400000.0,
        "Total Expenses": 201200000.0,
        "Total Operating Income As Reported": 13600000.0,
        "Diluted Average Shares": 90700000.0,
        "Basic Average Shares": 90000000.0,
        "Diluted EPS": 0.52,
        "Basic EPS": 0.53,
        "Diluted NI Availto Com Stockholders": 47400000.0,
        "Net Income Common Stockholders": 47400000.0,
        "Net Income": 47400000.0,
        "Net Income Including Noncontrolling Interests": 47400000.0,
        "Net Income Discontinuous Operations": NaN,
        "Net Income Continuous Operations": 47400000.0,
        "Tax Provision": -37200000.0,
        "Pretax Income": 10200000.0,
        "Other Income Expense": -600000.0,
        "Other Non Operating Income Expenses": -200000.0,
        "Special Income Charges": -400000.0,
        "Gain On Sale Of Ppe": NaN,
        "Impairment Of Capital Assets": NaN,
        "Restructuring And Mergern Acquisition": 400000.0,
        "Net Non Operating Interest Income Expense": -3200000.0,
        "Interest Expense Non Operating": 5200000.0,
        "Operating Income": 14000000.0,
        "Operating Expense": 64400000.0,
        "Research And Development": 19000000.0,
        "Selling General And Administration": 45400000.0,
        "Gross Profit": 78400000.0,
        "Cost Of Revenue": 136800000.0,
        "Total Revenue": 215200000.0,
        "Operating Revenue": 215200000.0
    },
    "2024-03-31": {
        "Tax Effect Of Unusual Items": 819000.0,
        "Tax Rate For Calcs": 0.21,
        "Normalized EBITDA": 20200000.0,
        "Total Unusual Items": 3900000.0,
        "Total Unusual Items Excluding Goodwill": 3900000.0,
        "Net Income From Continuing Operation Net Minority Interest": 2500000.0,
        "Reconciled Depreciation": 14000000.0,
        "Reconciled Cost Of Revenue": 126500000.0,
        "EBITDA": 24100000.0,
        "EBIT": 10100000.0,
        "Net Interest Income": -4400000.0,
        "Interest Expense": 4400000.0,
        "Normalized Income": -581000.0,
        "Net Income From Continuing And Discontinued Operation": 2500000.0,
        "Total Expenses": 190600000.0,
        "Total Operating Income As Reported": 4300000.0,
        "Diluted Average Shares": 90500000.0,
        "Basic Average Shares": 89600000.0,
        "Diluted EPS": 0.03,
        "Basic EPS": 0.03,
        "Diluted NI Availto Com Stockholders": 2500000.0,
        "Net Income Common Stockholders": 2500000.0,
        "Net Income": 2500000.0,
        "Net Income Including Noncontrolling Interests": 2500000.0,
        "Net Income Discontinuous Operations": NaN,
        "Net Income Continuous Operations": 2500000.0,
        "Tax Provision": 3200000.0,
        "Pretax Income": 5700000.0,
        "Other Income Expense": 4300000.0,
        "Other Non Operating Income Expenses": 400000.0,
        "Special Income Charges": 3900000.0,
        "Gain On Sale Of Ppe": 5400000.0,
        "Impairment Of Capital Assets": NaN,
        "Restructuring And Mergern Acquisition": 1500000.0,
        "Net Non Operating Interest Income Expense": -4400000.0,
        "Interest Expense Non Operating": 4400000.0,
        "Operating Income": 5800000.0,
        "Operating Expense": 64100000.0,
        "Research And Development": 20600000.0,
        "Selling General And Administration": 43500000.0,
        "Gross Profit": 69900000.0,
        "Cost Of Revenue": 126500000.0,
        "Total Revenue": 196400000.0,
        "Operating Revenue": 196400000.0
    },
    "2024-06-30": {
        "Tax Effect Of Unusual Items": -52353000.0,
        "Tax Rate For Calcs": 0.21,
        "Normalized EBITDA": 26800000.0,
        "Total Unusual Items": -249300000.0,
        "Total Unusual Items Excluding Goodwill": -249300000.0,
        "Net Income From Continuing Operation Net Minority Interest": -259300000.0,
        "Reconciled Depreciation": 13400000.0,
        "Reconciled Cost Of Revenue": 127100000.0,
        "EBITDA": -222500000.0,
        "EBIT": -235900000.0,
        "Net Interest Income": -4600000.0,
        "Interest Expense": 4600000.0,
        "Normalized Income": -62353000.0,
        "Net Income From Continuing And Discontinued Operation": -259300000.0,
        "Total Expenses": 191000000.0,
        "Total Operating Income As Reported": -235600000.0,
        "Diluted Average Shares": 89400000.0,
        "Basic Average Shares": 89400000.0,
        "Diluted EPS": -2.9,
        "Basic EPS": -2.9,
        "Diluted NI Availto Com Stockholders": -259300000.0,
        "Net Income Common Stockholders": -259300000.0,
        "Net Income": -259300000.0,
        "Net Income Including Noncontrolling Interests": -259300000.0,
        "Net Income Discontinuous Operations": NaN,
        "Net Income Continuous Operations": -259300000.0,
        "Tax Provision": 18800000.0,
        "Pretax Income": -240500000.0,
        "Other Income Expense": -249600000.0,
        "Other Non Operating Income Expenses": -300000.0,
        "Special Income Charges": -249300000.0,
        "Gain On Sale Of Ppe": 0.0,
        "Impairment Of Capital Assets": 249400000.0,
        "Restructuring And Mergern Acquisition": -100000.0,
        "Net Non Operating Interest Income Expense": -4600000.0,
        "Interest Expense Non Operating": 4600000.0,
        "Operating Income": 13700000.0,
        "Operating Expense": 63900000.0,
        "Research And Development": 20900000.0,
        "Selling General And Administration": 43000000.0,
        "Gross Profit": 77600000.0,
        "Cost Of Revenue": 127100000.0,
        "Total Revenue": 204700000.0,
        "Operating Revenue": 204700000.0
    },
    "2024-09-30": {
        "Tax Effect Of Unusual Items": -24600.0,
        "Tax Rate For Calcs": 0.246,
        "Normalized EBITDA": 29500000.0,
        "Total Unusual Items": -100000.0,
        "Total Unusual Items Excluding Goodwill": -100000.0,
        "Net Income From Continuing Operation Net Minority Interest": 9200000.0,
        "Reconciled Depreciation": 13300000.0,
        "Reconciled Cost Of Revenue": 79600000.0,
        "EBITDA": 29400000.0,
        "EBIT": 16100000.0,
        "Net Interest Income": -3900000.0,
        "Interest Expense": 3900000.0,
        "Normalized Income": 9275400.0,
        "Net Income From Continuing And Discontinued Operation": 500000.0,
        "Total Expenses": 123700000.0,
        "Total Operating Income As Reported": 18700000.0,
        "Diluted Average Shares": 89700000.0,
        "Basic Average Shares": 88700000.0,
        "Diluted EPS": 0.01,
        "Basic EPS": 0.01,
        "Diluted NI Availto Com Stockholders": 500000.0,
        "Net Income Common Stockholders": 500000.0,
        "Net Income": 500000.0,
        "Net Income Including Noncontrolling Interests": 500000.0,
        "Net Income Discontinuous Operations": -8700000.0,
        "Net Income Continuous Operations": 9200000.0,
        "Tax Provision": 3000000.0,
        "Pretax Income": 12200000.0,
        "Other Income Expense": -2700000.0,
        "Other Non Operating Income Expenses": -2600000.0,
        "Special Income Charges": -100000.0,
        "Gain On Sale Of Ppe": NaN,
        "Impairment Of Capital Assets": NaN,
        "Restructuring And Mergern Acquisition": 100000.0,
        "Net Non Operating Interest Income Expense": -3900000.0,
        "Interest Expense Non Operating": 3900000.0,
        "Operating Income": 18800000.0,
        "Operating Expense": 44100000.0,
        "Research And Development": 10200000.0,
        "Selling General And Administration": 33900000.0,
        "Gross Profit": 62900000.0,
        "Cost Of Revenue": 79600000.0,
        "Total Revenue": 142500000.0,
        "Operating Revenue": 142500000.0
    }
}