{
    "2023-06-30": {
        "Tax Effect Of Unusual Items": -152625000.0,
        "Tax Rate For Calcs": 0.125,
        "Normalized EBITDA": 4756000000.0,
        "Total Unusual Items": -1221000000.0,
        "Total Unusual Items Excluding Goodwill": -1221000000.0,
        "Net Income From Continuing Operation Net Minority Interest": 2547000000.0,
        "Reconciled Depreciation": 281000000.0,
        "Reconciled Cost Of Revenue": 4912000000.0,
        "EBITDA": 3535000000.0,
        "EBIT": 3254000000.0,
        "Net Interest Income": -150000000.0,
        "Interest Expense": 374000000.0,
        "Interest Income": 224000000.0,
        "Normalized Income": 3615375000.0,
        "Net Income From Continuing And Discontinued Operation": 2547000000.0,
        "Total Expenses": 8257000000.0,
        "Total Operating Income As Reported": 2401000000.0,
        "Diluted Average Shares": 4341000000.0,
        "Basic Average Shares": 4325000000.0,
        "Diluted EPS": 0.59,
        "Basic EPS": 0.59,
        "Diluted NI Availto Com Stockholders": 2547000000.0,
        "Net Income Common Stockholders": 2547000000.0,
        "Net Income": 2547000000.0,
        "Minority Interests": 26000000.0,
        "Net Income Including Noncontrolling Interests": 2521000000.0,
        "Net Income Continuous Operations": 2521000000.0,
        "Tax Provision": 359000000.0,
        "Pretax Income": 2880000000.0,
        "Other Income Expense": -685000000.0,
        "Other Non Operating Income Expenses": -2000000.0,
        "Special Income Charges": -1314000000.0,
        "Gain On Sale Of Business": -35000000.0,
        "Other Special Charges": 6000000.0,
        "Write Off": NaN,
        "Impairment Of Capital Assets": NaN,
        "Restructuring And Mergern Acquisition": 1273000000.0,
        "Earnings From Equity Interest": 538000000.0,
        "Gain On Sale Of Security": 93000000.0,
        "Net Non Operating Interest Income Expense": -150000000.0,
        "Interest Expense Non Operating": 374000000.0,
        "Interest Income Non Operating": 224000000.0,
        "Operating Income": 3715000000.0,
        "Operating Expense": 3345000000.0,
        "Other Operating Expenses": 1382000000.0,
        "Depreciation Amortization Depletion Income Statement": 3000000.0,
        "Depreciation And Amortization In Income Statement": 3000000.0,
        "Amortization": 3000000.0,
        "Amortization Of Intangibles Income Statement": 3000000.0,
        "Selling General And Administration": 1963000000.0,
        "Selling And Marketing Expense": 1901000000.0,
        "General And Administrative Expense": 62000000.0,
        "Salaries And Wages": 62000000.0,
        "Gross Profit": 7060000000.0,
        "Cost Of Revenue": 4912000000.0,
        "Total Revenue": 11972000000.0,
        "Operating Revenue": 11972000000.0
    },
    "2023-03-31": {
        "Tax Effect Of Unusual Items": 119210461.386627,
        "Tax Rate For Calcs": 0.231927,
        "Normalized EBITDA": 4197000000.0,
        "Total Unusual Items": 514000000.0,
        "Total Unusual Items Excluding Goodwill": 514000000.0,
        "Net Income From Continuing Operation Net Minority Interest": 3107000000.0,
        "Reconciled Depreciation": 286000000.0,
        "Reconciled Cost Of Revenue": 4035000000.0,
        "EBITDA": 4711000000.0,
        "EBIT": 4425000000.0,
        "Net Interest Income": -204000000.0,
        "Interest Expense": 372000000.0,
        "Interest Income": 168000000.0,
        "Normalized Income": 2712210461.386627,
        "Net Income From Continuing And Discontinued Operation": 3107000000.0,
        "Total Expenses": 7533000000.0,
        "Total Operating Income As Reported": 3367000000.0,
        "Diluted Average Shares": 4345000000.0,
        "Basic Average Shares": 4326000000.0,
        "Diluted EPS": 0.72,
        "Basic EPS": 0.72,
        "Diluted NI Availto Com Stockholders": 3107000000.0,
        "Net Income Common Stockholders": 3107000000.0,
        "Net Income": 3107000000.0,
        "Minority Interests": -6000000.0,
        "Net Income Including Noncontrolling Interests": 3113000000.0,
        "Net Income Continuous Operations": 3113000000.0,
        "Tax Provision": 940000000.0,
        "Pretax Income": 4053000000.0,
        "Other Income Expense": 810000000.0,
        "Other Non Operating Income Expenses": 21000000.0,
        "Special Income Charges": 359000000.0,
        "Gain On Sale Of Business": NaN,
        "Other Special Charges": NaN,
        "Write Off": NaN,
        "Impairment Of Capital Assets": NaN,
        "Restructuring And Mergern Acquisition": -359000000.0,
        "Earnings From Equity Interest": 275000000.0,
        "Gain On Sale Of Security": 155000000.0,
        "Net Non Operating Interest Income Expense": -204000000.0,
        "Interest Expense Non Operating": 372000000.0,
        "Interest Income Non Operating": 168000000.0,
        "Operating Income": 3447000000.0,
        "Operating Expense": 3216000000.0,
        "Other Operating Expenses": 1435000000.0,
        "Depreciation Amortization Depletion Income Statement": 4000000.0,
        "Depreciation And Amortization In Income Statement": 4000000.0,
        "Amortization": 4000000.0,
        "Amortization Of Intangibles Income Statement": 4000000.0,
        "Selling General And Administration": 1777000000.0,
        "Selling And Marketing Expense": 1719000000.0,
        "General And Administrative Expense": 58000000.0,
        "Salaries And Wages": 58000000.0,
        "Gross Profit": 6663000000.0,
        "Cost Of Revenue": 4317000000.0,
        "Total Revenue": 10980000000.0,
        "Operating Revenue": 10980000000.0
    },
    "2022-12-31": {
        "Tax Effect Of Unusual Items": NaN,
        "Tax Rate For Calcs": NaN,
        "Normalized EBITDA": NaN,
        "Total Unusual Items": NaN,
        "Total Unusual Items Excluding Goodwill": NaN,
        "Net Income From Continuing Operation Net Minority Interest": NaN,
        "Reconciled Depreciation": NaN,
        "Reconciled Cost Of Revenue": NaN,
        "EBITDA": NaN,
        "EBIT": NaN,
        "Net Interest Income": NaN,
        "Interest Expense": NaN,
        "Interest Income": NaN,
        "Normalized Income": NaN,
        "Net Income From Continuing And Discontinued Operation": NaN,
        "Total Expenses": NaN,
        "Total Operating Income As Reported": NaN,
        "Diluted Average Shares": NaN,
        "Basic Average Shares": NaN,
        "Diluted EPS": NaN,
        "Basic EPS": NaN,
        "Diluted NI Availto Com Stockholders": NaN,
        "Net Income Common Stockholders": NaN,
        "Net Income": NaN,
        "Minority Interests": NaN,
        "Net Income Including Noncontrolling Interests": NaN,
        "Net Income Continuous Operations": NaN,
        "Tax Provision": NaN,
        "Pretax Income": NaN,
        "Other Income Expense": NaN,
        "Other Non Operating Income Expenses": NaN,
        "Special Income Charges": NaN,
        "Gain On Sale Of Business": NaN,
        "Other Special Charges": NaN,
        "Write Off": 0.0,
        "Impairment Of Capital Assets": 0.0,
        "Restructuring And Mergern Acquisition": NaN,
        "Earnings From Equity Interest": NaN,
        "Gain On Sale Of Security": NaN,
        "Net Non Operating Interest Income Expense": NaN,
        "Interest Expense Non Operating": NaN,
        "Interest Income Non Operating": NaN,
        "Operating Income": NaN,
        "Operating Expense": NaN,
        "Other Operating Expenses": NaN,
        "Depreciation Amortization Depletion Income Statement": NaN,
        "Depreciation And Amortization In Income Statement": NaN,
        "Amortization": NaN,
        "Amortization Of Intangibles Income Statement": NaN,
        "Selling General And Administration": NaN,
        "Selling And Marketing Expense": NaN,
        "General And Administrative Expense": NaN,
        "Salaries And Wages": NaN,
        "Gross Profit": NaN,
        "Cost Of Revenue": NaN,
        "Total Revenue": NaN,
        "Operating Revenue": NaN
    },
    "2022-09-30": {
        "Tax Effect Of Unusual Items": NaN,
        "Tax Rate For Calcs": NaN,
        "Normalized EBITDA": NaN,
        "Total Unusual Items": NaN,
        "Total Unusual Items Excluding Goodwill": NaN,
        "Net Income From Continuing Operation Net Minority Interest": NaN,
        "Reconciled Depreciation": NaN,
        "Reconciled Cost Of Revenue": NaN,
        "EBITDA": NaN,
        "EBIT": NaN,
        "Net Interest Income": NaN,
        "Interest Expense": NaN,
        "Interest Income": NaN,
        "Normalized Income": NaN,
        "Net Income From Continuing And Discontinued Operation": NaN,
        "Total Expenses": NaN,
        "Total Operating Income As Reported": NaN,
        "Diluted Average Shares": NaN,
        "Basic Average Shares": NaN,
        "Diluted EPS": NaN,
        "Basic EPS": NaN,
        "Diluted NI Availto Com Stockholders": NaN,
        "Net Income Common Stockholders": NaN,
        "Net Income": NaN,
        "Minority Interests": NaN,
        "Net Income Including Noncontrolling Interests": NaN,
        "Net Income Continuous Operations": NaN,
        "Tax Provision": NaN,
        "Pretax Income": NaN,
        "Other Income Expense": NaN,
        "Other Non Operating Income Expenses": NaN,
        "Special Income Charges": NaN,
        "Gain On Sale Of Business": NaN,
        "Other Special Charges": NaN,
        "Write Off": NaN,
        "Impairment Of Capital Assets": 57000000.0,
        "Restructuring And Mergern Acquisition": NaN,
        "Earnings From Equity Interest": NaN,
        "Gain On Sale Of Security": NaN,
        "Net Non Operating Interest Income Expense": NaN,
        "Interest Expense Non Operating": NaN,
        "Interest Income Non Operating": NaN,
        "Operating Income": NaN,
        "Operating Expense": NaN,
        "Other Operating Expenses": NaN,
        "Depreciation Amortization Depletion Income Statement": NaN,
        "Depreciation And Amortization In Income Statement": NaN,
        "Amortization": NaN,
        "Amortization Of Intangibles Income Statement": NaN,
        "Selling General And Administration": NaN,
        "Selling And Marketing Expense": NaN,
        "General And Administrative Expense": NaN,
        "Other Gand A": 1181000000.0,
        "Salaries And Wages": NaN,
        "Gross Profit": NaN,
        "Cost Of Revenue": NaN,
        "Total Revenue": NaN,
        "Operating Revenue": NaN
    },
    "2022-06-30": {
        "Tax Effect Of Unusual Items": 0.0,
        "Tax Rate For Calcs": 0.168,
        "Normalized EBITDA": 2804000000.0,
        "Total Unusual Items": -932000000.0,
        "Total Unusual Items Excluding Goodwill": -932000000.0,
        "Net Income From Continuing Operation Net Minority Interest": 1905000000.0,
        "Reconciled Depreciation": 322000000.0,
        "Reconciled Cost Of Revenue": 4830000000.0,
        "EBITDA": 2804000000.0,
        "EBIT": 2482000000.0,
        "Net Interest Income": -98000000.0,
        "Interest Expense": 198000000.0,
        "Interest Income": 100000000.0,
        "Normalized Income": 1905000000.0,
        "Net Income From Continuing And Discontinued Operation": 1905000000.0,
        "Total Expenses": 8984000000.0,
        "Total Operating Income As Reported": 2341000000.0,
        "Diluted Average Shares": 4353000000.0,
        "Basic Average Shares": 4331000000.0,
        "Diluted EPS": 0.44,
        "Basic EPS": 0.44,
        "Diluted NI Availto Com Stockholders": 1905000000.0,
        "Net Income Common Stockholders": 1905000000.0,
        "Net Income": 1905000000.0,
        "Minority Interests": 5000000.0,
        "Net Income Including Noncontrolling Interests": 1900000000.0,
        "Net Income Continuous Operations": 1900000000.0,
        "Tax Provision": 384000000.0,
        "Pretax Income": 2284000000.0,
        "Other Income Expense": 41000000.0,
        "Other Non Operating Income Expenses": -351000000.0,
        "Special Income Charges": -932000000.0,
        "Gain On Sale Of Business": NaN,
        "Other Special Charges": NaN,
        "Impairment Of Capital Assets": NaN,
        "Restructuring And Mergern Acquisition": 932000000.0,
        "Earnings From Equity Interest": 392000000.0,
        "Net Non Operating Interest Income Expense": -98000000.0,
        "Interest Expense Non Operating": 198000000.0,
        "Interest Income Non Operating": 100000000.0,
        "Operating Income": 2341000000.0,
        "Operating Expense": 4154000000.0,
        "Other Operating Expenses": 951000000.0,
        "Selling General And Administration": 3203000000.0,
        "Selling And Marketing Expense": 1853000000.0,
        "General And Administrative Expense": 102000000.0,
        "Other Gand A": 1248000000.0,
        "Salaries And Wages": 102000000.0,
        "Gross Profit": 6495000000.0,
        "Cost Of Revenue": 4830000000.0,
        "Total Revenue": 11325000000.0,
        "Operating Revenue": 11325000000.0
    },
    "2023-09-30": {
        "Tax Effect Of Unusual Items": -54784000.0,
        "Tax Rate For Calcs": 0.128,
        "Normalized EBITDA": 4623000000.0,
        "Total Unusual Items": -428000000.0,
        "Total Unusual Items Excluding Goodwill": -428000000.0,
        "Net Income From Continuing Operation Net Minority Interest": 3087000000.0,
        "Reconciled Depreciation": 290000000.0,
        "Reconciled Cost Of Revenue": 4657000000.0,
        "EBITDA": 4195000000.0,
        "EBIT": 3905000000.0,
        "Net Interest Income": -120000000.0,
        "Interest Expense": 368000000.0,
        "Interest Income": 248000000.0,
        "Normalized Income": 3460216000.0,
        "Net Income From Continuing And Discontinued Operation": 3087000000.0,
        "Total Expenses": 8382000000.0,
        "Total Operating Income As Reported": 3270000000.0,
        "Diluted Average Shares": 4339000000.0,
        "Basic Average Shares": 4324000000.0,
        "Diluted EPS": 0.71,
        "Basic EPS": 0.71,
        "Diluted NI Availto Com Stockholders": 3087000000.0,
        "Net Income Common Stockholders": 3087000000.0,
        "Net Income": 3087000000.0,
        "Minority Interests": 4000000.0,
        "Net Income Including Noncontrolling Interests": 3083000000.0,
        "Net Income Continuous Operations": 3083000000.0,
        "Tax Provision": 454000000.0,
        "Pretax Income": 3537000000.0,
        "Other Income Expense": 86000000.0,
        "Other Non Operating Income Expenses": -3000000.0,
        "Special Income Charges": -301000000.0,
        "Gain On Sale Of Business": NaN,
        "Other Special Charges": 1000000.0,
        "Write Off": NaN,
        "Impairment Of Capital Assets": NaN,
        "Restructuring And Mergern Acquisition": 300000000.0,
        "Earnings From Equity Interest": 517000000.0,
        "Gain On Sale Of Security": -127000000.0,
        "Net Non Operating Interest Income Expense": -120000000.0,
        "Interest Expense Non Operating": 368000000.0,
        "Interest Income Non Operating": 248000000.0,
        "Operating Income": 3571000000.0,
        "Operating Expense": 3725000000.0,
        "Other Operating Expenses": 1448000000.0,
        "Depreciation Amortization Depletion Income Statement": 4000000.0,
        "Depreciation And Amortization In Income Statement": 4000000.0,
        "Amortization": 4000000.0,
        "Amortization Of Intangibles Income Statement": 4000000.0,
        "Selling General And Administration": 2277000000.0,
        "Selling And Marketing Expense": 2220000000.0,
        "General And Administrative Expense": 57000000.0,
        "Salaries And Wages": 57000000.0,
        "Gross Profit": 7296000000.0,
        "Cost Of Revenue": 4657000000.0,
        "Total Revenue": 11953000000.0,
        "Operating Revenue": 11953000000.0
    },
    "2023-12-31": {
        "Tax Effect Of Unusual Items": 599516.518936,
        "Tax Rate For Calcs": 0.199839,
        "Normalized EBITDA": 3163000000.0,
        "Total Unusual Items": 3000000.0,
        "Total Unusual Items Excluding Goodwill": 3000000.0,
        "Net Income From Continuing Operation Net Minority Interest": 1973000000.0,
        "Reconciled Depreciation": 271000000.0,
        "Reconciled Cost Of Revenue": 4367000000.0,
        "EBITDA": 3166000000.0,
        "EBIT": 2895000000.0,
        "Net Interest Income": -146000000.0,
        "Interest Expense": 413000000.0,
        "Interest Income": 267000000.0,
        "Normalized Income": 1970599516.518936,
        "Net Income From Continuing And Discontinued Operation": 1973000000.0,
        "Total Expenses": 8492000000.0,
        "Total Operating Income As Reported": 2273000000.0,
        "Diluted Average Shares": 4330000000.0,
        "Basic Average Shares": 4317000000.0,
        "Diluted EPS": 0.46,
        "Basic EPS": 0.46,
        "Diluted NI Availto Com Stockholders": 1973000000.0,
        "Net Income Common Stockholders": 1973000000.0,
        "Net Income": 1973000000.0,
        "Minority Interests": -13000000.0,
        "Net Income Including Noncontrolling Interests": 1986000000.0,
        "Net Income Continuous Operations": 1986000000.0,
        "Tax Provision": 496000000.0,
        "Pretax Income": 2482000000.0,
        "Other Income Expense": 271000000.0,
        "Other Non Operating Income Expenses": -93000000.0,
        "Special Income Charges": -61000000.0,
        "Gain On Sale Of Business": -345000000.0,
        "Other Special Charges": 1000000.0,
        "Write Off": NaN,
        "Impairment Of Capital Assets": NaN,
        "Restructuring And Mergern Acquisition": -324000000.0,
        "Earnings From Equity Interest": 361000000.0,
        "Gain On Sale Of Security": 64000000.0,
        "Net Non Operating Interest Income Expense": -146000000.0,
        "Interest Expense Non Operating": 413000000.0,
        "Interest Income Non Operating": 267000000.0,
        "Operating Income": 2357000000.0,
        "Operating Expense": 3858000000.0,
        "Other Operating Expenses": 2008000000.0,
        "Depreciation Amortization Depletion Income Statement": 4000000.0,
        "Depreciation And Amortization In Income Statement": 4000000.0,
        "Amortization": 4000000.0,
        "Amortization Of Intangibles Income Statement": 4000000.0,
        "Selling General And Administration": 1846000000.0,
        "Selling And Marketing Expense": 1769000000.0,
        "General And Administrative Expense": 77000000.0,
        "Salaries And Wages": 77000000.0,
        "Gross Profit": 6215000000.0,
        "Cost Of Revenue": 4634000000.0,
        "Total Revenue": 10849000000.0,
        "Operating Revenue": 10849000000.0
    },
    "2024-03-31": {
        "Tax Effect Of Unusual Items": -271996642.561983,
        "Tax Rate For Calcs": 0.177428,
        "Normalized EBITDA": 6049000000.0,
        "Total Unusual Items": -1533000000.0,
        "Total Unusual Items Excluding Goodwill": -1533000000.0,
        "Net Income From Continuing Operation Net Minority Interest": 3177000000.0,
        "Reconciled Depreciation": 262000000.0,
        "Reconciled Cost Of Revenue": 3977000000.0,
        "EBITDA": 4516000000.0,
        "EBIT": 4254000000.0,
        "Net Interest Income": -136000000.0,
        "Interest Expense": 382000000.0,
        "Interest Income": 246000000.0,
        "Normalized Income": 4438003357.438017,
        "Net Income From Continuing And Discontinued Operation": 3177000000.0,
        "Total Expenses": 7626000000.0,
        "Total Operating Income As Reported": 2141000000.0,
        "Diluted Average Shares": 4322000000.0,
        "Basic Average Shares": 4310000000.0,
        "Diluted EPS": 0.74,
        "Basic EPS": 0.74,
        "Diluted NI Availto Com Stockholders": 3177000000.0,
        "Net Income Common Stockholders": 3177000000.0,
        "Net Income": 3177000000.0,
        "Minority Interests": -8000000.0,
        "Net Income Including Noncontrolling Interests": 3185000000.0,
        "Net Income Continuous Operations": 3185000000.0,
        "Tax Provision": 687000000.0,
        "Pretax Income": 3872000000.0,
        "Other Income Expense": 334000000.0,
        "Other Non Operating Income Expenses": 1513000000.0,
        "Special Income Charges": -1533000000.0,
        "Gain On Sale Of Business": 516000000.0,
        "Other Special Charges": 1000000.0,
        "Write Off": 760000000.0,
        "Impairment Of Capital Assets": 760000000.0,
        "Restructuring And Mergern Acquisition": 772000000.0,
        "Earnings From Equity Interest": 354000000.0,
        "Gain On Sale Of Security": 135000000.0,
        "Net Non Operating Interest Income Expense": -136000000.0,
        "Interest Expense Non Operating": 382000000.0,
        "Interest Income Non Operating": 246000000.0,
        "Operating Income": 3674000000.0,
        "Operating Expense": 3391000000.0,
        "Other Operating Expenses": 1537000000.0,
        "Depreciation Amortization Depletion Income Statement": 4000000.0,
        "Depreciation And Amortization In Income Statement": 4000000.0,
        "Amortization": 4000000.0,
        "Amortization Of Intangibles Income Statement": 4000000.0,
        "Selling General And Administration": 1850000000.0,
        "Selling And Marketing Expense": 1782000000.0,
        "General And Administrative Expense": 68000000.0,
        "Salaries And Wages": 68000000.0,
        "Gross Profit": 7065000000.0,
        "Cost Of Revenue": 4235000000.0,
        "Total Revenue": 11300000000.0,
        "Operating Revenue": 11300000000.0
    }
}