{
    "2023-03-31": {
        "Tax Effect Of Unusual Items": 0.0,
        "Tax Rate For Calcs": 0.0,
        "Normalized EBITDA": -65120000.0,
        "Net Income From Continuing Operation Net Minority Interest": -70780000.0,
        "Reconciled Depreciation": 5656000.0,
        "EBITDA": -65120000.0,
        "EBIT": -70776000.0,
        "Net Interest Income": 3613000.0,
        "Interest Expense": 4000.0,
        "Interest Income": 3617000.0,
        "Normalized Income": -70780000.0,
        "Net Income From Continuing And Discontinued Operation": -70780000.0,
        "Total Expenses": 74615000.0,
        "Total Operating Income As Reported": -74615000.0,
        "Diluted Average Shares": 52337603.0,
        "Basic Average Shares": 52337603.0,
        "Diluted EPS": -1.35,
        "Basic EPS": -1.35,
        "Diluted NI Availto Com Stockholders": -70780000.0,
        "Net Income Common Stockholders": -70780000.0,
        "Net Income": -70780000.0,
        "Net Income Including Noncontrolling Interests": -70780000.0,
        "Net Income Continuous Operations": -70780000.0,
        "Pretax Income": -70780000.0,
        "Other Income Expense": 222000.0,
        "Other Non Operating Income Expenses": 222000.0,
        "Net Non Operating Interest Income Expense": 3613000.0,
        "Interest Expense Non Operating": 4000.0,
        "Interest Income Non Operating": 3617000.0,
        "Operating Income": -74615000.0,
        "Operating Expense": 74615000.0,
        "Research And Development": 56520000.0,
        "Selling General And Administration": 18095000.0,
        "General And Administrative Expense": 18095000.0,
        "Other Gand A": 18095000.0,
        "Total Revenue": 0.0,
        "Operating Revenue": 0.0
    },
    "2022-12-31": {
        "Tax Effect Of Unusual Items": NaN,
        "Tax Rate For Calcs": NaN,
        "Normalized EBITDA": NaN,
        "Net Income From Continuing Operation Net Minority Interest": NaN,
        "Reconciled Depreciation": NaN,
        "EBITDA": NaN,
        "EBIT": NaN,
        "Net Interest Income": NaN,
        "Interest Expense": NaN,
        "Interest Income": NaN,
        "Normalized Income": NaN,
        "Net Income From Continuing And Discontinued Operation": NaN,
        "Total Expenses": NaN,
        "Total Operating Income As Reported": NaN,
        "Diluted Average Shares": 52316531.0,
        "Basic Average Shares": 52316531.0,
        "Diluted EPS": -1.35,
        "Basic EPS": -1.35,
        "Diluted NI Availto Com Stockholders": NaN,
        "Net Income Common Stockholders": NaN,
        "Net Income": NaN,
        "Net Income Including Noncontrolling Interests": NaN,
        "Net Income Continuous Operations": NaN,
        "Pretax Income": NaN,
        "Other Income Expense": NaN,
        "Other Non Operating Income Expenses": NaN,
        "Net Non Operating Interest Income Expense": NaN,
        "Interest Expense Non Operating": NaN,
        "Interest Income Non Operating": NaN,
        "Operating Income": NaN,
        "Operating Expense": NaN,
        "Research And Development": NaN,
        "Selling General And Administration": NaN,
        "General And Administrative Expense": NaN,
        "Other Gand A": NaN,
        "Total Revenue": NaN,
        "Operating Revenue": NaN
    },
    "2022-09-30": {
        "Tax Effect Of Unusual Items": 0.0,
        "Tax Rate For Calcs": 0.0,
        "Normalized EBITDA": -74159000.0,
        "Net Income From Continuing Operation Net Minority Interest": -77038000.0,
        "Reconciled Depreciation": 2875000.0,
        "EBITDA": -74159000.0,
        "EBIT": -77034000.0,
        "Net Interest Income": 2024000.0,
        "Interest Expense": 4000.0,
        "Interest Income": 2028000.0,
        "Normalized Income": -77038000.0,
        "Net Income From Continuing And Discontinued Operation": -77038000.0,
        "Total Expenses": 79478000.0,
        "Total Operating Income As Reported": -79478000.0,
        "Diluted Average Shares": 52288257.0,
        "Basic Average Shares": 52288257.0,
        "Diluted EPS": -1.47,
        "Basic EPS": -1.47,
        "Diluted NI Availto Com Stockholders": -77038000.0,
        "Net Income Common Stockholders": -77038000.0,
        "Net Income": -77038000.0,
        "Net Income Including Noncontrolling Interests": -77038000.0,
        "Net Income Continuous Operations": -77038000.0,
        "Pretax Income": -77038000.0,
        "Other Income Expense": 416000.0,
        "Other Non Operating Income Expenses": 416000.0,
        "Net Non Operating Interest Income Expense": 2024000.0,
        "Interest Expense Non Operating": 4000.0,
        "Interest Income Non Operating": 2028000.0,
        "Operating Income": -79478000.0,
        "Operating Expense": 79478000.0,
        "Research And Development": 61676000.0,
        "Selling General And Administration": 17802000.0,
        "General And Administrative Expense": 17802000.0,
        "Other Gand A": 17802000.0,
        "Total Revenue": 0.0,
        "Operating Revenue": 0.0
    },
    "2022-06-30": {
        "Tax Effect Of Unusual Items": 0.0,
        "Tax Rate For Calcs": 0.0,
        "Normalized EBITDA": -88008000.0,
        "Net Income From Continuing Operation Net Minority Interest": -90628000.0,
        "Reconciled Depreciation": 2615000.0,
        "EBITDA": -88008000.0,
        "EBIT": -90623000.0,
        "Net Interest Income": 1130000.0,
        "Interest Expense": 5000.0,
        "Interest Income": 1135000.0,
        "Normalized Income": -90628000.0,
        "Net Income From Continuing And Discontinued Operation": -90628000.0,
        "Total Expenses": 92068000.0,
        "Total Operating Income As Reported": -92068000.0,
        "Diluted Average Shares": 52218773.0,
        "Basic Average Shares": 52218773.0,
        "Diluted EPS": -1.74,
        "Basic EPS": -1.74,
        "Diluted NI Availto Com Stockholders": -90628000.0,
        "Net Income Common Stockholders": -90628000.0,
        "Net Income": -90628000.0,
        "Net Income Including Noncontrolling Interests": -90628000.0,
        "Net Income Continuous Operations": -90628000.0,
        "Pretax Income": -90628000.0,
        "Other Income Expense": 310000.0,
        "Other Non Operating Income Expenses": 310000.0,
        "Net Non Operating Interest Income Expense": 1130000.0,
        "Interest Expense Non Operating": 5000.0,
        "Interest Income Non Operating": 1135000.0,
        "Operating Income": -92068000.0,
        "Operating Expense": 92068000.0,
        "Research And Development": 73744000.0,
        "Selling General And Administration": 18324000.0,
        "General And Administrative Expense": 18324000.0,
        "Other Gand A": 18324000.0,
        "Total Revenue": 0.0,
        "Operating Revenue": 0.0
    },
    "2022-03-31": {
        "Diluted EPS": -1.83,
        "Total Revenue": NaN,
        "Gross Profit": NaN,
        "Operating Income": -96,
        "EBIT": -94,
        "Net Income": -96
    },
    "2021-12-31": {
        "Diluted EPS": -1.8,
        "Total Revenue": NaN,
        "Gross Profit": NaN,
        "Operating Income": -93,
        "EBIT": -91,
        "Net Income": -93
    },
    "2021-09-30": {
        "Diluted EPS": -1.3,
        "Total Revenue": NaN,
        "Gross Profit": NaN,
        "Operating Income": -68,
        "EBIT": -65,
        "Net Income": -68
    },
    "2021-06-30": {
        "Diluted EPS": -1.08,
        "Total Revenue": NaN,
        "Gross Profit": NaN,
        "Operating Income": -56,
        "EBIT": -54,
        "Net Income": -56
    },
    "2021-03-31": {
        "Diluted EPS": -0.98,
        "Total Revenue": NaN,
        "Gross Profit": NaN,
        "Operating Income": -51,
        "EBIT": -48,
        "Net Income": -50
    },
    "2020-12-31": {
        "Diluted EPS": -0.99,
        "Total Revenue": NaN,
        "Gross Profit": NaN,
        "Operating Income": -47,
        "EBIT": -45,
        "Net Income": -47
    },
    "2020-09-30": {
        "Diluted EPS": -0.8,
        "Total Revenue": NaN,
        "Gross Profit": NaN,
        "Operating Income": -37,
        "EBIT": -35,
        "Net Income": -36
    },
    "2020-06-30": {
        "Diluted EPS": -0.58,
        "Total Revenue": NaN,
        "Gross Profit": NaN,
        "Operating Income": -27,
        "EBIT": -27,
        "Net Income": -26
    },
    "2020-03-31": {
        "Diluted EPS": -0.54,
        "Total Revenue": NaN,
        "Gross Profit": NaN,
        "Operating Income": -26,
        "EBIT": -26,
        "Net Income": -24
    },
    "2019-12-31": {
        "Diluted EPS": -0.4,
        "Total Revenue": NaN,
        "Gross Profit": NaN,
        "Operating Income": -16,
        "EBIT": -16,
        "Net Income": -16
    },
    "2019-09-30": {
        "Diluted EPS": -0.33,
        "Total Revenue": NaN,
        "Gross Profit": NaN,
        "Operating Income": -13,
        "EBIT": -13,
        "Net Income": -12
    },
    "2019-06-30": {
        "Diluted EPS": -0.31,
        "Total Revenue": NaN,
        "Gross Profit": NaN,
        "Operating Income": -12,
        "EBIT": -12,
        "Net Income": -11
    },
    "2019-03-31": {
        "Diluted EPS": -0.21,
        "Total Revenue": NaN,
        "Gross Profit": NaN,
        "Operating Income": -8,
        "EBIT": -8,
        "Net Income": -8
    },
    "2018-12-31": {
        "Diluted EPS": 0.68,
        "Total Revenue": NaN,
        "Gross Profit": NaN,
        "Operating Income": -9,
        "EBIT": -9,
        "Net Income": -15
    },
    "2018-09-30": {
        "Diluted EPS": -1.33,
        "Total Revenue": NaN,
        "Gross Profit": NaN,
        "Operating Income": -6,
        "EBIT": -6,
        "Net Income": -10
    },
    "2018-06-30": {
        "Diluted EPS": -0.96,
        "Total Revenue": NaN,
        "Gross Profit": NaN,
        "Operating Income": -5,
        "EBIT": -5,
        "Net Income": -7
    },
    "2018-03-31": {
        "Diluted EPS": -1.16,
        "Total Revenue": NaN,
        "Gross Profit": NaN,
        "Operating Income": -6,
        "EBIT": -5,
        "Net Income": -9
    },
    "2017-12-31": {
        "Diluted EPS": 0.0,
        "Total Revenue": NaN,
        "Gross Profit": NaN,
        "Operating Income": NaN,
        "EBIT": NaN,
        "Net Income": NaN
    },
    "2017-09-30": {
        "Diluted EPS": -0.61,
        "Total Revenue": NaN,
        "Gross Profit": NaN,
        "Operating Income": -4,
        "EBIT": -4,
        "Net Income": -5
    },
    "2016-12-31": {
        "Diluted EPS": 0.0,
        "Total Revenue": NaN,
        "Gross Profit": NaN,
        "Operating Income": NaN,
        "EBIT": NaN,
        "Net Income": NaN
    },
    "2023-06-30": {
        "Tax Effect Of Unusual Items": 0.0,
        "Tax Rate For Calcs": 0.0,
        "Normalized EBITDA": -73527000.0,
        "Net Income From Continuing Operation Net Minority Interest": -80188000.0,
        "Reconciled Depreciation": 6657000.0,
        "EBITDA": -73527000.0,
        "EBIT": -80184000.0,
        "Net Interest Income": 4679000.0,
        "Interest Expense": 4000.0,
        "Interest Income": 4683000.0,
        "Normalized Income": -80188000.0,
        "Net Income From Continuing And Discontinued Operation": -80188000.0,
        "Total Expenses": 84832000.0,
        "Total Operating Income As Reported": -84832000.0,
        "Diluted Average Shares": 52378729.0,
        "Basic Average Shares": 52378729.0,
        "Diluted EPS": -1.53,
        "Basic EPS": -1.53,
        "Diluted NI Availto Com Stockholders": -80188000.0,
        "Net Income Common Stockholders": -80188000.0,
        "Net Income": -80188000.0,
        "Net Income Including Noncontrolling Interests": -80188000.0,
        "Net Income Continuous Operations": -80188000.0,
        "Pretax Income": -80188000.0,
        "Other Income Expense": -35000.0,
        "Other Non Operating Income Expenses": -35000.0,
        "Net Non Operating Interest Income Expense": 4679000.0,
        "Interest Expense Non Operating": 4000.0,
        "Interest Income Non Operating": 4683000.0,
        "Operating Income": -84832000.0,
        "Operating Expense": 84832000.0,
        "Research And Development": 66961000.0,
        "Selling General And Administration": 17871000.0,
        "General And Administrative Expense": 17871000.0,
        "Other Gand A": 17871000.0,
        "Total Revenue": 0.0,
        "Operating Revenue": 0.0
    },
    "2023-09-30": {
        "Tax Effect Of Unusual Items": 0.0,
        "Tax Rate For Calcs": 0.0,
        "Normalized EBITDA": -43032000.0,
        "Net Income From Continuing Operation Net Minority Interest": -50007000.0,
        "Reconciled Depreciation": 6970000.0,
        "EBITDA": -43032000.0,
        "EBIT": -50002000.0,
        "Net Interest Income": 4531000.0,
        "Interest Expense": 5000.0,
        "Interest Income": 4536000.0,
        "Normalized Income": -50007000.0,
        "Net Income From Continuing And Discontinued Operation": -50007000.0,
        "Total Expenses": 54500000.0,
        "Total Operating Income As Reported": -54500000.0,
        "Diluted Average Shares": 52455620.0,
        "Basic Average Shares": 52455620.0,
        "Diluted EPS": -0.95,
        "Basic EPS": -0.95,
        "Diluted NI Availto Com Stockholders": -50007000.0,
        "Net Income Common Stockholders": -50007000.0,
        "Net Income": -50007000.0,
        "Net Income Including Noncontrolling Interests": -50007000.0,
        "Net Income Continuous Operations": -50007000.0,
        "Pretax Income": -50007000.0,
        "Other Income Expense": -38000.0,
        "Other Non Operating Income Expenses": -38000.0,
        "Net Non Operating Interest Income Expense": 4531000.0,
        "Interest Expense Non Operating": 5000.0,
        "Interest Income Non Operating": 4536000.0,
        "Operating Income": -54500000.0,
        "Operating Expense": 54500000.0,
        "Research And Development": 36188000.0,
        "Selling General And Administration": 18312000.0,
        "General And Administrative Expense": 18312000.0,
        "Other Gand A": 18312000.0,
        "Total Revenue": 0.0,
        "Operating Revenue": 0.0
    },
    "2023-12-31": {
        "Tax Effect Of Unusual Items": 0.0,
        "Tax Rate For Calcs": 0.0,
        "Normalized EBITDA": -52852000.0,
        "Net Income From Continuing Operation Net Minority Interest": -59516000.0,
        "Reconciled Depreciation": 6664000.0,
        "EBITDA": -52852000.0,
        "EBIT": -59516000.0,
        "Net Interest Income": 3897000.0,
        "Interest Expense": 0.0,
        "Interest Income": 3897000.0,
        "Normalized Income": -59516000.0,
        "Net Income From Continuing And Discontinued Operation": -59516000.0,
        "Total Expenses": 63374000.0,
        "Total Operating Income As Reported": -63374000.0,
        "Diluted Average Shares": NaN,
        "Basic Average Shares": NaN,
        "Diluted EPS": NaN,
        "Basic EPS": NaN,
        "Diluted NI Availto Com Stockholders": -59516000.0,
        "Net Income Common Stockholders": -59516000.0,
        "Net Income": -59516000.0,
        "Net Income Including Noncontrolling Interests": -59516000.0,
        "Net Income Continuous Operations": -59516000.0,
        "Pretax Income": -59516000.0,
        "Other Income Expense": -39000.0,
        "Other Non Operating Income Expenses": -39000.0,
        "Net Non Operating Interest Income Expense": 3897000.0,
        "Interest Expense Non Operating": 0.0,
        "Interest Income Non Operating": 3897000.0,
        "Operating Income": -63374000.0,
        "Operating Expense": 63374000.0,
        "Research And Development": 46629000.0,
        "Selling General And Administration": 16745000.0,
        "General And Administrative Expense": 16745000.0,
        "Other Gand A": 16745000.0,
        "Total Revenue": 0.0,
        "Operating Revenue": 0.0
    },
    "2024-03-31": {
        "Tax Effect Of Unusual Items": 0.0,
        "Tax Rate For Calcs": 0.0,
        "Normalized EBITDA": -36393000.0,
        "Net Income From Continuing Operation Net Minority Interest": -43039000.0,
        "Reconciled Depreciation": 6646000.0,
        "EBITDA": -36393000.0,
        "EBIT": -43039000.0,
        "Net Interest Income": 3353000.0,
        "Interest Expense": 0.0,
        "Interest Income": 3353000.0,
        "Normalized Income": -43039000.0,
        "Net Income From Continuing And Discontinued Operation": -43039000.0,
        "Total Expenses": 46055000.0,
        "Total Operating Income As Reported": -46055000.0,
        "Diluted Average Shares": 52510460.0,
        "Basic Average Shares": 52510460.0,
        "Diluted EPS": -0.82,
        "Basic EPS": -0.82,
        "Diluted NI Availto Com Stockholders": -43039000.0,
        "Net Income Common Stockholders": -43039000.0,
        "Net Income": -43039000.0,
        "Net Income Including Noncontrolling Interests": -43039000.0,
        "Net Income Continuous Operations": -43039000.0,
        "Pretax Income": -43039000.0,
        "Other Income Expense": -337000.0,
        "Other Non Operating Income Expenses": -337000.0,
        "Net Non Operating Interest Income Expense": 3353000.0,
        "Interest Expense Non Operating": 0.0,
        "Interest Income Non Operating": 3353000.0,
        "Operating Income": -46055000.0,
        "Operating Expense": 46055000.0,
        "Research And Development": 29931000.0,
        "Selling General And Administration": 16124000.0,
        "General And Administrative Expense": 16124000.0,
        "Other Gand A": 16124000.0,
        "Total Revenue": 0.0,
        "Operating Revenue": 0.0
    }
}