{
    "2023-06-30": {
        "Tax Effect Of Unusual Items": -120040716.142073,
        "Tax Rate For Calcs": 0.271585,
        "Normalized EBITDA": 9137000000.0,
        "Total Unusual Items": -442000000.0,
        "Total Unusual Items Excluding Goodwill": -442000000.0,
        "Net Income From Continuing Operation Net Minority Interest": 4926000000.0,
        "Reconciled Depreciation": NaN,
        "Reconciled Cost Of Revenue": 34161000000.0,
        "EBITDA": 8695000000.0,
        "EBIT": 8695000000.0,
        "Net Interest Income": -935000000.0,
        "Interest Expense": 1769000000.0,
        "Interest Income": 834000000.0,
        "Normalized Income": 5247959283.857927,
        "Net Income From Continuing And Discontinued Operation": 4926000000.0,
        "Total Expenses": 52911000000.0,
        "Total Operating Income As Reported": 8562000000.0,
        "Diluted Average Shares": 210083226.0,
        "Basic Average Shares": 210083226.0,
        "Diluted EPS": 23.44785,
        "Basic EPS": 23.44785,
        "Diluted NI Availto Com Stockholders": 4926000000.0,
        "Net Income Common Stockholders": 4926000000.0,
        "Net Income": 4926000000.0,
        "Minority Interests": -119000000.0,
        "Net Income Including Noncontrolling Interests": 5045000000.0,
        "Net Income Discontinuous Operations": 0.0,
        "Net Income Continuous Operations": 5045000000.0,
        "Tax Provision": 1881000000.0,
        "Pretax Income": 6926000000.0,
        "Other Income Expense": -657000000.0,
        "Other Non Operating Income Expenses": -228000000.0,
        "Special Income Charges": 63000000.0,
        "Other Special Charges": -63000000.0,
        "Earnings From Equity Interest": 13000000.0,
        "Gain On Sale Of Security": -505000000.0,
        "Net Non Operating Interest Income Expense": -935000000.0,
        "Interest Expense Non Operating": 1769000000.0,
        "Interest Income Non Operating": 834000000.0,
        "Operating Income": 8517000000.0,
        "Operating Expense": 18750000000.0,
        "Other Operating Expenses": 18750000000.0,
        "Selling General And Administration": NaN,
        "Selling And Marketing Expense": NaN,
        "General And Administrative Expense": NaN,
        "Other Gand A": NaN,
        "Gross Profit": 27267000000.0,
        "Cost Of Revenue": 34161000000.0,
        "Total Revenue": 61428000000.0,
        "Operating Revenue": 61283000000.0
    },
    "2023-03-31": {
        "Tax Effect Of Unusual Items": -170748000.0,
        "Tax Rate For Calcs": 0.324,
        "Normalized EBITDA": 8507000000.0,
        "Total Unusual Items": -527000000.0,
        "Total Unusual Items Excluding Goodwill": -527000000.0,
        "Net Income From Continuing Operation Net Minority Interest": 3916000000.0,
        "Reconciled Depreciation": NaN,
        "Reconciled Cost Of Revenue": 31899000000.0,
        "EBITDA": 7980000000.0,
        "EBIT": 7980000000.0,
        "Net Interest Income": -871000000.0,
        "Interest Expense": 1913000000.0,
        "Interest Income": 1042000000.0,
        "Normalized Income": 4272252000.0,
        "Net Income From Continuing And Discontinued Operation": 3916000000.0,
        "Total Expenses": 49694000000.0,
        "Total Operating Income As Reported": 7724000000.0,
        "Diluted Average Shares": 210083226.0,
        "Basic Average Shares": 210083226.0,
        "Diluted EPS": 18.640232,
        "Basic EPS": 18.640232,
        "Diluted NI Availto Com Stockholders": 3916000000.0,
        "Net Income Common Stockholders": 3916000000.0,
        "Net Income": 3916000000.0,
        "Minority Interests": -162000000.0,
        "Net Income Including Noncontrolling Interests": 4078000000.0,
        "Net Income Discontinuous Operations": 0.0,
        "Net Income Continuous Operations": 4078000000.0,
        "Tax Provision": 1989000000.0,
        "Pretax Income": 6067000000.0,
        "Other Income Expense": -724000000.0,
        "Other Non Operating Income Expenses": -124000000.0,
        "Special Income Charges": 60000000.0,
        "Other Special Charges": -60000000.0,
        "Earnings From Equity Interest": -73000000.0,
        "Gain On Sale Of Security": -587000000.0,
        "Net Non Operating Interest Income Expense": -871000000.0,
        "Interest Expense Non Operating": 1913000000.0,
        "Interest Income Non Operating": 1042000000.0,
        "Operating Income": 7663000000.0,
        "Operating Expense": 17795000000.0,
        "Other Operating Expenses": 17795000000.0,
        "Selling General And Administration": NaN,
        "Selling And Marketing Expense": NaN,
        "General And Administrative Expense": NaN,
        "Other Gand A": NaN,
        "Gross Profit": 25458000000.0,
        "Cost Of Revenue": 31899000000.0,
        "Total Revenue": 57357000000.0,
        "Operating Revenue": 57145000000.0
    },
    "2022-12-31": {
        "Tax Effect Of Unusual Items": NaN,
        "Tax Rate For Calcs": NaN,
        "Normalized EBITDA": NaN,
        "Total Unusual Items": NaN,
        "Total Unusual Items Excluding Goodwill": NaN,
        "Net Income From Continuing Operation Net Minority Interest": NaN,
        "Reconciled Depreciation": 2492119000.0,
        "Reconciled Cost Of Revenue": NaN,
        "EBITDA": NaN,
        "EBIT": NaN,
        "Net Interest Income": NaN,
        "Interest Expense": NaN,
        "Interest Income": NaN,
        "Normalized Income": NaN,
        "Net Income From Continuing And Discontinued Operation": NaN,
        "Total Expenses": NaN,
        "Total Operating Income As Reported": NaN,
        "Diluted Average Shares": NaN,
        "Basic Average Shares": NaN,
        "Diluted EPS": NaN,
        "Basic EPS": NaN,
        "Diluted NI Availto Com Stockholders": NaN,
        "Net Income Common Stockholders": NaN,
        "Net Income": NaN,
        "Minority Interests": NaN,
        "Net Income Including Noncontrolling Interests": NaN,
        "Net Income Discontinuous Operations": NaN,
        "Net Income Continuous Operations": NaN,
        "Tax Provision": NaN,
        "Pretax Income": NaN,
        "Other Income Expense": NaN,
        "Other Non Operating Income Expenses": NaN,
        "Special Income Charges": NaN,
        "Other Special Charges": NaN,
        "Earnings From Equity Interest": NaN,
        "Gain On Sale Of Security": NaN,
        "Net Non Operating Interest Income Expense": NaN,
        "Interest Expense Non Operating": NaN,
        "Interest Income Non Operating": NaN,
        "Operating Income": NaN,
        "Operating Expense": NaN,
        "Other Operating Expenses": NaN,
        "Selling General And Administration": NaN,
        "Selling And Marketing Expense": NaN,
        "General And Administrative Expense": NaN,
        "Other Gand A": NaN,
        "Gross Profit": NaN,
        "Cost Of Revenue": NaN,
        "Total Revenue": NaN,
        "Operating Revenue": NaN
    },
    "2022-09-30": {
        "Tax Effect Of Unusual Items": NaN,
        "Tax Rate For Calcs": NaN,
        "Normalized EBITDA": NaN,
        "Total Unusual Items": NaN,
        "Total Unusual Items Excluding Goodwill": NaN,
        "Net Income From Continuing Operation Net Minority Interest": NaN,
        "Reconciled Depreciation": NaN,
        "Reconciled Cost Of Revenue": NaN,
        "EBITDA": NaN,
        "EBIT": NaN,
        "Net Interest Income": NaN,
        "Interest Expense": NaN,
        "Interest Income": NaN,
        "Normalized Income": NaN,
        "Net Income From Continuing And Discontinued Operation": NaN,
        "Total Expenses": NaN,
        "Total Operating Income As Reported": 7335000000.0,
        "Diluted Average Shares": NaN,
        "Basic Average Shares": NaN,
        "Diluted EPS": NaN,
        "Basic EPS": NaN,
        "Diluted NI Availto Com Stockholders": NaN,
        "Net Income Common Stockholders": NaN,
        "Net Income": NaN,
        "Minority Interests": NaN,
        "Net Income Including Noncontrolling Interests": NaN,
        "Net Income Discontinuous Operations": 0.0,
        "Net Income Continuous Operations": NaN,
        "Tax Provision": NaN,
        "Pretax Income": NaN,
        "Other Income Expense": NaN,
        "Other Non Operating Income Expenses": NaN,
        "Special Income Charges": NaN,
        "Other Special Charges": NaN,
        "Earnings From Equity Interest": 156000000.0,
        "Gain On Sale Of Security": NaN,
        "Net Non Operating Interest Income Expense": NaN,
        "Interest Expense Non Operating": NaN,
        "Interest Income Non Operating": NaN,
        "Operating Income": NaN,
        "Operating Expense": NaN,
        "Other Operating Expenses": NaN,
        "Selling General And Administration": 17933007000.0,
        "Selling And Marketing Expense": 15038114000.0,
        "General And Administrative Expense": 2894893000.0,
        "Other Gand A": 2894893000.0,
        "Gross Profit": NaN,
        "Cost Of Revenue": NaN,
        "Total Revenue": NaN,
        "Operating Revenue": NaN
    },
    "2022-06-30": {
        "Tax Effect Of Unusual Items": 200232300.2559,
        "Tax Rate For Calcs": 0.349446,
        "Normalized EBITDA": 8149000000.0,
        "Total Unusual Items": 573000000.0,
        "Total Unusual Items Excluding Goodwill": 573000000.0,
        "Net Income From Continuing Operation Net Minority Interest": 4627000000.0,
        "Reconciled Cost Of Revenue": 32039000000.0,
        "EBITDA": 8722000000.0,
        "EBIT": 8722000000.0,
        "Net Interest Income": -1147000000.0,
        "Interest Expense": 1688000000.0,
        "Interest Income": 541000000.0,
        "Normalized Income": 4254232300.2559,
        "Net Income From Continuing And Discontinued Operation": 4627000000.0,
        "Total Expenses": 49747000000.0,
        "Total Operating Income As Reported": 7652000000.0,
        "Diluted Average Shares": 210083226.0,
        "Basic Average Shares": 210083226.0,
        "Diluted EPS": 22.024605,
        "Basic EPS": 22.024605,
        "Diluted NI Availto Com Stockholders": 4627000000.0,
        "Net Income Common Stockholders": 4627000000.0,
        "Net Income": 4627000000.0,
        "Minority Interests": 51000000.0,
        "Net Income Including Noncontrolling Interests": 4576000000.0,
        "Net Income Discontinuous Operations": 0.0,
        "Net Income Continuous Operations": 4576000000.0,
        "Tax Provision": 2458000000.0,
        "Pretax Income": 7034000000.0,
        "Other Income Expense": 617000000.0,
        "Other Non Operating Income Expenses": -70000000.0,
        "Special Income Charges": 138000000.0,
        "Other Special Charges": -138000000.0,
        "Earnings From Equity Interest": 114000000.0,
        "Gain On Sale Of Security": 435000000.0,
        "Net Non Operating Interest Income Expense": -1147000000.0,
        "Interest Expense Non Operating": 1688000000.0,
        "Interest Income Non Operating": 541000000.0,
        "Operating Income": 7563000000.0,
        "Operating Expense": 17708000000.0,
        "Other Operating Expenses": 17708000000.0,
        "Gross Profit": 25271000000.0,
        "Cost Of Revenue": 32039000000.0,
        "Total Revenue": 57311000000.0,
        "Operating Revenue": 57190000000.0
    },
    "2022-03-31": {
        "Diluted EPS": 0.67,
        "Total Revenue": NaN,
        "Gross Profit": NaN,
        "Operating Income": 334,
        "EBIT": 334,
        "Net Income": 141
    },
    "2021-12-31": {
        "Diluted EPS": 1.66,
        "Total Revenue": NaN,
        "Gross Profit": NaN,
        "Operating Income": 344,
        "EBIT": 344,
        "Net Income": 274
    },
    "2021-09-30": {
        "Diluted EPS": 0.82,
        "Total Revenue": NaN,
        "Gross Profit": NaN,
        "Operating Income": 324,
        "EBIT": 324,
        "Net Income": 171
    },
    "2021-06-30": {
        "Diluted EPS": 0.79,
        "Total Revenue": NaN,
        "Gross Profit": NaN,
        "Operating Income": 362,
        "EBIT": 362,
        "Net Income": 166
    },
    "2021-03-31": {
        "Diluted EPS": 0.74,
        "Total Revenue": NaN,
        "Gross Profit": 980,
        "Operating Income": 290,
        "EBIT": 290,
        "Net Income": 155
    },
    "2020-12-31": {
        "Diluted EPS": 0.83,
        "Total Revenue": NaN,
        "Gross Profit": NaN,
        "Operating Income": 312,
        "EBIT": 312,
        "Net Income": 187
    },
    "2020-09-30": {
        "Diluted EPS": 0.53,
        "Total Revenue": NaN,
        "Gross Profit": 968,
        "Operating Income": 323,
        "EBIT": 323,
        "Net Income": 112
    },
    "2020-06-30": {
        "Diluted EPS": 0.43,
        "Total Revenue": NaN,
        "Gross Profit": 818,
        "Operating Income": 220,
        "EBIT": 220,
        "Net Income": 91
    },
    "2020-03-31": {
        "Diluted EPS": 0.61,
        "Total Revenue": NaN,
        "Gross Profit": NaN,
        "Operating Income": 289,
        "EBIT": 289,
        "Net Income": 129
    },
    "2019-12-31": {
        "Diluted EPS": 0.71,
        "Total Revenue": NaN,
        "Gross Profit": NaN,
        "Operating Income": 307,
        "EBIT": 488,
        "Net Income": 118
    },
    "2019-09-30": {
        "Diluted EPS": 0.99,
        "Total Revenue": NaN,
        "Gross Profit": NaN,
        "Operating Income": 361,
        "EBIT": 361,
        "Net Income": 207
    },
    "2019-06-30": {
        "Diluted EPS": 0.87,
        "Total Revenue": NaN,
        "Gross Profit": NaN,
        "Operating Income": 331,
        "EBIT": 331,
        "Net Income": 182
    },
    "2019-03-31": {
        "Diluted EPS": 0.64,
        "Total Revenue": NaN,
        "Gross Profit": NaN,
        "Operating Income": 297,
        "EBIT": 297,
        "Net Income": 135
    },
    "2018-12-31": {
        "Diluted EPS": 1.26,
        "Total Revenue": NaN,
        "Gross Profit": 849,
        "Operating Income": 284,
        "EBIT": 284,
        "Net Income": 264
    },
    "2018-09-30": {
        "Diluted EPS": 0.82,
        "Total Revenue": NaN,
        "Gross Profit": NaN,
        "Operating Income": 305,
        "EBIT": 305,
        "Net Income": 172
    },
    "2018-06-30": {
        "Diluted EPS": 0.68,
        "Total Revenue": NaN,
        "Gross Profit": NaN,
        "Operating Income": 325,
        "EBIT": 325,
        "Net Income": 144
    },
    "2018-03-31": {
        "Diluted EPS": 0.61,
        "Total Revenue": NaN,
        "Gross Profit": NaN,
        "Operating Income": 314,
        "EBIT": 314,
        "Net Income": 129
    },
    "2017-12-31": {
        "Diluted EPS": -5.92,
        "Total Revenue": NaN,
        "Gross Profit": NaN,
        "Operating Income": NaN,
        "EBIT": NaN,
        "Net Income": NaN
    },
    "2017-09-30": {
        "Diluted EPS": 0.84,
        "Total Revenue": NaN,
        "Gross Profit": NaN,
        "Operating Income": 309,
        "EBIT": 309,
        "Net Income": 177
    },
    "2017-06-30": {
        "Diluted EPS": 0.58,
        "Total Revenue": NaN,
        "Gross Profit": NaN,
        "Operating Income": 350,
        "EBIT": 350,
        "Net Income": 120
    },
    "2017-03-31": {
        "Diluted EPS": 1.4,
        "Total Revenue": NaN,
        "Gross Profit": NaN,
        "Operating Income": 301,
        "EBIT": 301,
        "Net Income": 291
    },
    "2016-12-31": {
        "Diluted EPS": 0.6,
        "Total Revenue": NaN,
        "Gross Profit": 829,
        "Operating Income": 63,
        "EBIT": 63,
        "Net Income": 115
    },
    "2016-09-30": {
        "Diluted EPS": 0.62,
        "Total Revenue": NaN,
        "Gross Profit": NaN,
        "Operating Income": 322,
        "EBIT": 322,
        "Net Income": 129
    },
    "2016-06-30": {
        "Diluted EPS": 0.54,
        "Total Revenue": NaN,
        "Gross Profit": NaN,
        "Operating Income": 332,
        "EBIT": 332,
        "Net Income": 111
    },
    "2016-03-31": {
        "Diluted EPS": 0.64,
        "Total Revenue": NaN,
        "Gross Profit": 939,
        "Operating Income": 272,
        "EBIT": 272,
        "Net Income": 133
    },
    "2015-12-31": {
        "Diluted EPS": 0.87,
        "Total Revenue": NaN,
        "Gross Profit": NaN,
        "Operating Income": 707,
        "EBIT": 707,
        "Net Income": 180
    },
    "2015-09-30": {
        "Diluted EPS": 0.58,
        "Total Revenue": NaN,
        "Gross Profit": NaN,
        "Operating Income": 330,
        "EBIT": 330,
        "Net Income": 121
    },
    "2015-06-30": {
        "Diluted EPS": 0.84,
        "Total Revenue": NaN,
        "Gross Profit": NaN,
        "Operating Income": 350,
        "EBIT": 350,
        "Net Income": 176
    },
    "2015-03-31": {
        "Diluted EPS": 0.69,
        "Total Revenue": NaN,
        "Gross Profit": 990,
        "Operating Income": 236,
        "EBIT": 236,
        "Net Income": 143
    },
    "2014-12-31": {
        "Diluted EPS": 0.98,
        "Total Revenue": NaN,
        "Gross Profit": NaN,
        "Operating Income": NaN,
        "EBIT": NaN,
        "Net Income": 204
    },
    "2014-09-30": {
        "Diluted EPS": 1.19,
        "Total Revenue": NaN,
        "Gross Profit": NaN,
        "Operating Income": 368,
        "EBIT": 368,
        "Net Income": 247
    },
    "2014-06-30": {
        "Diluted EPS": 1.0,
        "Total Revenue": NaN,
        "Gross Profit": NaN,
        "Operating Income": NaN,
        "EBIT": NaN,
        "Net Income": 207
    },
    "2014-03-31": {
        "Diluted EPS": 0.85,
        "Total Revenue": NaN,
        "Gross Profit": NaN,
        "Operating Income": 396,
        "EBIT": 396,
        "Net Income": 176
    },
    "2013-12-31": {
        "Diluted EPS": 1.12,
        "Total Revenue": NaN,
        "Gross Profit": NaN,
        "Operating Income": 360,
        "EBIT": 360,
        "Net Income": 231
    },
    "2013-09-30": {
        "Diluted EPS": 1.11,
        "Total Revenue": NaN,
        "Gross Profit": NaN,
        "Operating Income": 386,
        "EBIT": 386,
        "Net Income": 229
    },
    "2013-06-30": {
        "Diluted EPS": 1.08,
        "Total Revenue": NaN,
        "Gross Profit": NaN,
        "Operating Income": 360,
        "EBIT": 360,
        "Net Income": 222
    },
    "2013-03-31": {
        "Diluted EPS": 0.98,
        "Total Revenue": NaN,
        "Gross Profit": NaN,
        "Operating Income": 399,
        "EBIT": 399,
        "Net Income": 198
    },
    "2012-12-31": {
        "Diluted EPS": 1.66,
        "Total Revenue": NaN,
        "Gross Profit": NaN,
        "Operating Income": 244,
        "EBIT": 244,
        "Net Income": 337
    },
    "2012-09-30": {
        "Diluted EPS": 1.35,
        "Total Revenue": NaN,
        "Gross Profit": NaN,
        "Operating Income": 452,
        "EBIT": 452,
        "Net Income": 273
    },
    "2012-06-30": {
        "Diluted EPS": 0.99,
        "Total Revenue": NaN,
        "Gross Profit": NaN,
        "Operating Income": 319,
        "EBIT": 319,
        "Net Income": 199
    },
    "2012-03-31": {
        "Diluted EPS": 1.01,
        "Total Revenue": NaN,
        "Gross Profit": NaN,
        "Operating Income": 296,
        "EBIT": 296,
        "Net Income": 200
    },
    "2011-12-31": {
        "Diluted EPS": 1.29,
        "Total Revenue": NaN,
        "Gross Profit": NaN,
        "Operating Income": NaN,
        "EBIT": NaN,
        "Net Income": 248
    },
    "2011-09-30": {
        "Diluted EPS": 0.93,
        "Total Revenue": NaN,
        "Gross Profit": 963,
        "Operating Income": 197,
        "EBIT": 197,
        "Net Income": 172
    },
    "2011-06-30": {
        "Diluted EPS": 1.22,
        "Total Revenue": NaN,
        "Gross Profit": NaN,
        "Operating Income": 393,
        "EBIT": 393,
        "Net Income": 225
    },
    "2011-03-31": {
        "Diluted EPS": 1.04,
        "Total Revenue": NaN,
        "Gross Profit": NaN,
        "Operating Income": 406,
        "EBIT": 406,
        "Net Income": 203
    },
    "2010-12-31": {
        "Diluted EPS": 1.36,
        "Total Revenue": NaN,
        "Gross Profit": NaN,
        "Operating Income": 428,
        "EBIT": 428,
        "Net Income": 251
    },
    "2010-09-30": {
        "Diluted EPS": 0.92,
        "Total Revenue": NaN,
        "Gross Profit": NaN,
        "Operating Income": 386,
        "EBIT": 386,
        "Net Income": 171
    },
    "2010-06-30": {
        "Diluted EPS": 1.05,
        "Total Revenue": NaN,
        "Gross Profit": 889,
        "Operating Income": 286,
        "EBIT": 286,
        "Net Income": 194
    },
    "2010-03-31": {
        "Diluted EPS": 0.99,
        "Total Revenue": NaN,
        "Gross Profit": 926,
        "Operating Income": 363,
        "EBIT": 363,
        "Net Income": 183
    },
    "2009-12-31": {
        "Diluted EPS": 1.17,
        "Total Revenue": NaN,
        "Gross Profit": 856,
        "Operating Income": 101,
        "EBIT": 183,
        "Net Income": 231
    },
    "2009-09-30": {
        "Diluted EPS": 0.88,
        "Total Revenue": NaN,
        "Gross Profit": 932,
        "Operating Income": 321,
        "EBIT": 529,
        "Net Income": 163
    },
    "2009-06-30": {
        "Diluted EPS": 0.89,
        "Total Revenue": NaN,
        "Gross Profit": 875,
        "Operating Income": 293,
        "EBIT": 293,
        "Net Income": 164
    },
    "2009-03-31": {
        "Diluted EPS": 2.0,
        "Total Revenue": NaN,
        "Gross Profit": 731,
        "Operating Income": 231,
        "EBIT": 231,
        "Net Income": 99
    },
    "2023-09-30": {
        "Tax Effect Of Unusual Items": 128464000.0,
        "Tax Rate For Calcs": 0.296,
        "Normalized EBITDA": 9059000000.0,
        "Total Unusual Items": 434000000.0,
        "Total Unusual Items Excluding Goodwill": 434000000.0,
        "Net Income From Continuing Operation Net Minority Interest": 5380000000.0,
        "Reconciled Depreciation": NaN,
        "Reconciled Cost Of Revenue": 34005000000.0,
        "EBITDA": 9493000000.0,
        "EBIT": 9493000000.0,
        "Net Interest Income": -986000000.0,
        "Interest Expense": 1707000000.0,
        "Interest Income": 721000000.0,
        "Normalized Income": 5074464000.0,
        "Net Income From Continuing And Discontinued Operation": 5380000000.0,
        "Total Expenses": 54475000000.0,
        "Total Operating Income As Reported": 8460000000.0,
        "Diluted Average Shares": 210083226.0,
        "Basic Average Shares": 210083226.0,
        "Diluted EPS": 25.608898,
        "Basic EPS": 25.608898,
        "Diluted NI Availto Com Stockholders": 5380000000.0,
        "Net Income Common Stockholders": 5380000000.0,
        "Net Income": 5380000000.0,
        "Minority Interests": -133000000.0,
        "Net Income Including Noncontrolling Interests": 5513000000.0,
        "Net Income Discontinuous Operations": 0.0,
        "Net Income Continuous Operations": 5513000000.0,
        "Tax Provision": 2273000000.0,
        "Pretax Income": 7786000000.0,
        "Other Income Expense": 394000000.0,
        "Other Non Operating Income Expenses": -138000000.0,
        "Special Income Charges": 17000000.0,
        "Other Special Charges": -17000000.0,
        "Earnings From Equity Interest": 98000000.0,
        "Gain On Sale Of Security": 417000000.0,
        "Net Non Operating Interest Income Expense": -986000000.0,
        "Interest Expense Non Operating": 1707000000.0,
        "Interest Income Non Operating": 721000000.0,
        "Operating Income": 8378000000.0,
        "Operating Expense": 20470000000.0,
        "Other Operating Expenses": 20470000000.0,
        "Selling General And Administration": 19969992000.0,
        "Selling And Marketing Expense": 16730544000.0,
        "General And Administrative Expense": 3239448000.0,
        "Other Gand A": 3239448000.0,
        "Gross Profit": 28848000000.0,
        "Cost Of Revenue": 34005000000.0,
        "Total Revenue": 62853000000.0,
        "Operating Revenue": 62612000000.0
    },
    "2023-12-31": {
        "Tax Effect Of Unusual Items": -858808907.68848,
        "Tax Rate For Calcs": 0.330057,
        "Normalized EBITDA": 9751000000.0,
        "Total Unusual Items": -2602000000.0,
        "Total Unusual Items Excluding Goodwill": -2602000000.0,
        "Net Income From Continuing Operation Net Minority Interest": 5323000000.0,
        "Reconciled Depreciation": NaN,
        "Reconciled Cost Of Revenue": 34303000000.0,
        "EBITDA": 7149000000.0,
        "EBIT": 7149000000.0,
        "Net Interest Income": 976000000.0,
        "Interest Expense": -889000000.0,
        "Interest Income": 610000000.0,
        "Normalized Income": 7066191092.31152,
        "Net Income From Continuing And Discontinued Operation": 5323000000.0,
        "Total Expenses": 53894000000.0,
        "Total Operating Income As Reported": NaN,
        "Diluted Average Shares": 210083226.0,
        "Basic Average Shares": 210083226.0,
        "Diluted EPS": 25.6,
        "Basic EPS": 25.6,
        "Diluted NI Availto Com Stockholders": 5323000000.0,
        "Net Income Common Stockholders": 5323000000.0,
        "Net Income": 5323000000.0,
        "Minority Interests": -276000000.0,
        "Net Income Including Noncontrolling Interests": 5599000000.0,
        "Net Income Discontinuous Operations": NaN,
        "Net Income Continuous Operations": 5600000000.0,
        "Tax Provision": 2653000000.0,
        "Pretax Income": 8038000000.0,
        "Other Income Expense": -2757000000.0,
        "Other Non Operating Income Expenses": -117000000.0,
        "Special Income Charges": -637000000.0,
        "Other Special Charges": 386000000.0,
        "Earnings From Equity Interest": NaN,
        "Gain On Sale Of Security": -1965000000.0,
        "Net Non Operating Interest Income Expense": 976000000.0,
        "Interest Expense Non Operating": -889000000.0,
        "Interest Income Non Operating": 610000000.0,
        "Operating Income": 9818000000.0,
        "Operating Expense": 19591000000.0,
        "Other Operating Expenses": -56507000000.0,
        "Selling General And Administration": NaN,
        "Selling And Marketing Expense": NaN,
        "General And Administrative Expense": NaN,
        "Other Gand A": NaN,
        "Gross Profit": 29409000000.0,
        "Cost Of Revenue": 34303000000.0,
        "Total Revenue": 63712000000.0,
        "Operating Revenue": 63484000000.0
    },
    "2024-03-31": {
        "Tax Effect Of Unusual Items": -3926000.0,
        "Tax Rate For Calcs": 0.302,
        "Normalized EBITDA": 9316000000.0,
        "Total Unusual Items": -13000000.0,
        "Total Unusual Items Excluding Goodwill": -13000000.0,
        "Net Income From Continuing Operation Net Minority Interest": 5006000000.0,
        "Reconciled Depreciation": NaN,
        "Reconciled Cost Of Revenue": 35374000000.0,
        "EBITDA": 9303000000.0,
        "EBIT": 9303000000.0,
        "Net Interest Income": -1174000000.0,
        "Interest Expense": 1797000000.0,
        "Interest Income": 623000000.0,
        "Normalized Income": 5015074000.0,
        "Net Income From Continuing And Discontinued Operation": 5006000000.0,
        "Total Expenses": 55230000000.0,
        "Total Operating Income As Reported": 8617000000.0,
        "Diluted Average Shares": 210083226.0,
        "Basic Average Shares": 210083226.0,
        "Diluted EPS": 23.828652,
        "Basic EPS": 23.828652,
        "Diluted NI Availto Com Stockholders": 5006000000.0,
        "Net Income Common Stockholders": 5006000000.0,
        "Net Income": 5006000000.0,
        "Minority Interests": -241000000.0,
        "Net Income Including Noncontrolling Interests": 5247000000.0,
        "Net Income Discontinuous Operations": 0.0,
        "Net Income Continuous Operations": 5248000000.0,
        "Tax Provision": 2258000000.0,
        "Pretax Income": 7506000000.0,
        "Other Income Expense": 108000000.0,
        "Other Non Operating Income Expenses": 90000000.0,
        "Special Income Charges": 7000000.0,
        "Other Special Charges": -7000000.0,
        "Earnings From Equity Interest": 31000000.0,
        "Gain On Sale Of Security": -20000000.0,
        "Net Non Operating Interest Income Expense": -1174000000.0,
        "Interest Expense Non Operating": 1797000000.0,
        "Interest Income Non Operating": 623000000.0,
        "Operating Income": 8572000000.0,
        "Operating Expense": 19856000000.0,
        "Other Operating Expenses": 19856000000.0,
        "Selling General And Administration": NaN,
        "Selling And Marketing Expense": NaN,
        "General And Administrative Expense": NaN,
        "Other Gand A": NaN,
        "Gross Profit": 28428000000.0,
        "Cost Of Revenue": 35374000000.0,
        "Total Revenue": 63803000000.0,
        "Operating Revenue": 63638000000.0
    }
}