{
    "2023-03-31": {
        "Tax Effect Of Unusual Items": NaN,
        "Tax Rate For Calcs": NaN,
        "Normalized EBITDA": NaN,
        "Total Unusual Items": NaN,
        "Total Unusual Items Excluding Goodwill": NaN,
        "Net Income From Continuing Operation Net Minority Interest": NaN,
        "Reconciled Depreciation": NaN,
        "Reconciled Cost Of Revenue": NaN,
        "EBITDA": NaN,
        "EBIT": NaN,
        "Net Interest Income": NaN,
        "Interest Expense": NaN,
        "Normalized Income": NaN,
        "Net Income From Continuing And Discontinued Operation": NaN,
        "Total Expenses": NaN,
        "Total Operating Income As Reported": NaN,
        "Diluted Average Shares": NaN,
        "Basic Average Shares": NaN,
        "Diluted EPS": NaN,
        "Basic EPS": NaN,
        "Diluted NI Availto Com Stockholders": NaN,
        "Net Income Common Stockholders": NaN,
        "Net Income": NaN,
        "Minority Interests": NaN,
        "Net Income Including Noncontrolling Interests": NaN,
        "Net Income Discontinuous Operations": 0.0,
        "Net Income Continuous Operations": NaN,
        "Tax Provision": NaN,
        "Pretax Income": NaN,
        "Other Income Expense": NaN,
        "Other Non Operating Income Expenses": NaN,
        "Special Income Charges": NaN,
        "Gain On Sale Of Ppe": NaN,
        "Net Non Operating Interest Income Expense": NaN,
        "Interest Expense Non Operating": NaN,
        "Operating Income": NaN,
        "Operating Expense": NaN,
        "Depreciation Amortization Depletion Income Statement": NaN,
        "Depreciation And Amortization In Income Statement": NaN,
        "Selling General And Administration": NaN,
        "Gross Profit": NaN,
        "Cost Of Revenue": NaN,
        "Total Revenue": NaN,
        "Operating Revenue": NaN
    },
    "2022-12-31": {
        "Tax Effect Of Unusual Items": NaN,
        "Tax Rate For Calcs": NaN,
        "Normalized EBITDA": NaN,
        "Total Unusual Items": NaN,
        "Total Unusual Items Excluding Goodwill": NaN,
        "Net Income From Continuing Operation Net Minority Interest": NaN,
        "Reconciled Depreciation": NaN,
        "Reconciled Cost Of Revenue": NaN,
        "EBITDA": NaN,
        "EBIT": NaN,
        "Net Interest Income": NaN,
        "Interest Expense": NaN,
        "Normalized Income": NaN,
        "Net Income From Continuing And Discontinued Operation": NaN,
        "Total Expenses": NaN,
        "Total Operating Income As Reported": NaN,
        "Diluted Average Shares": NaN,
        "Basic Average Shares": NaN,
        "Diluted EPS": NaN,
        "Basic EPS": NaN,
        "Diluted NI Availto Com Stockholders": NaN,
        "Net Income Common Stockholders": NaN,
        "Net Income": NaN,
        "Minority Interests": NaN,
        "Net Income Including Noncontrolling Interests": NaN,
        "Net Income Discontinuous Operations": -100000.0,
        "Net Income Continuous Operations": NaN,
        "Tax Provision": NaN,
        "Pretax Income": NaN,
        "Other Income Expense": NaN,
        "Other Non Operating Income Expenses": NaN,
        "Special Income Charges": NaN,
        "Gain On Sale Of Ppe": NaN,
        "Impairment Of Capital Assets": 0.0,
        "Net Non Operating Interest Income Expense": NaN,
        "Interest Expense Non Operating": NaN,
        "Operating Income": NaN,
        "Operating Expense": NaN,
        "Depreciation Amortization Depletion Income Statement": NaN,
        "Depreciation And Amortization In Income Statement": NaN,
        "Selling General And Administration": NaN,
        "Gross Profit": NaN,
        "Cost Of Revenue": NaN,
        "Total Revenue": NaN,
        "Operating Revenue": NaN
    },
    "2022-09-30": {
        "Tax Effect Of Unusual Items": NaN,
        "Tax Rate For Calcs": NaN,
        "Normalized EBITDA": NaN,
        "Total Unusual Items": NaN,
        "Total Unusual Items Excluding Goodwill": NaN,
        "Net Income From Continuing Operation Net Minority Interest": NaN,
        "Reconciled Depreciation": NaN,
        "Reconciled Cost Of Revenue": NaN,
        "EBITDA": NaN,
        "EBIT": NaN,
        "Net Interest Income": NaN,
        "Interest Expense": NaN,
        "Normalized Income": NaN,
        "Net Income From Continuing And Discontinued Operation": NaN,
        "Total Expenses": NaN,
        "Total Operating Income As Reported": NaN,
        "Diluted Average Shares": NaN,
        "Basic Average Shares": NaN,
        "Diluted EPS": NaN,
        "Basic EPS": NaN,
        "Diluted NI Availto Com Stockholders": NaN,
        "Net Income Common Stockholders": NaN,
        "Net Income": NaN,
        "Minority Interests": NaN,
        "Net Income Including Noncontrolling Interests": NaN,
        "Net Income Discontinuous Operations": NaN,
        "Net Income Continuous Operations": NaN,
        "Tax Provision": NaN,
        "Pretax Income": NaN,
        "Other Income Expense": NaN,
        "Other Non Operating Income Expenses": NaN,
        "Special Income Charges": NaN,
        "Gain On Sale Of Ppe": NaN,
        "Impairment Of Capital Assets": 0.0,
        "Net Non Operating Interest Income Expense": NaN,
        "Interest Expense Non Operating": NaN,
        "Operating Income": NaN,
        "Operating Expense": NaN,
        "Depreciation Amortization Depletion Income Statement": NaN,
        "Depreciation And Amortization In Income Statement": NaN,
        "Selling General And Administration": NaN,
        "Gross Profit": NaN,
        "Cost Of Revenue": NaN,
        "Total Revenue": NaN,
        "Operating Revenue": NaN
    },
    "2022-06-30": {
        "Tax Effect Of Unusual Items": 0.0,
        "Tax Rate For Calcs": 0.369565,
        "Normalized EBITDA": 42900000.0,
        "Total Unusual Items": 0.0,
        "Total Unusual Items Excluding Goodwill": 0.0,
        "Net Income From Continuing Operation Net Minority Interest": 11700000.0,
        "Reconciled Depreciation": 13400000.0,
        "Reconciled Cost Of Revenue": 419400000.0,
        "EBITDA": 42900000.0,
        "EBIT": 29500000.0,
        "Net Interest Income": -11100000.0,
        "Interest Expense": 11100000.0,
        "Normalized Income": 11700000.0,
        "Net Income From Continuing And Discontinued Operation": 11700000.0,
        "Total Expenses": 473400000.0,
        "Total Operating Income As Reported": 29100000.0,
        "Diluted Average Shares": 21239000.0,
        "Basic Average Shares": 21026000.0,
        "Diluted EPS": 0.55,
        "Basic EPS": 0.56,
        "Diluted NI Availto Com Stockholders": 11700000.0,
        "Net Income Common Stockholders": 11700000.0,
        "Net Income": 11700000.0,
        "Minority Interests": 100000.0,
        "Net Income Including Noncontrolling Interests": 11600000.0,
        "Net Income Discontinuous Operations": 0.0,
        "Net Income Continuous Operations": 11600000.0,
        "Tax Provision": 6800000.0,
        "Pretax Income": 18400000.0,
        "Other Income Expense": 400000.0,
        "Other Non Operating Income Expenses": 400000.0,
        "Special Income Charges": 0.0,
        "Gain On Sale Of Ppe": 0.0,
        "Impairment Of Capital Assets": 0.0,
        "Net Non Operating Interest Income Expense": -11100000.0,
        "Interest Expense Non Operating": 11100000.0,
        "Operating Income": 29100000.0,
        "Operating Expense": 54000000.0,
        "Depreciation Amortization Depletion Income Statement": 13400000.0,
        "Depreciation And Amortization In Income Statement": 13400000.0,
        "Selling General And Administration": 40600000.0,
        "Gross Profit": 83100000.0,
        "Cost Of Revenue": 419400000.0,
        "Total Revenue": 502500000.0,
        "Operating Revenue": 502500000.0
    },
    "2023-06-30": {
        "Tax Effect Of Unusual Items": 0.0,
        "Tax Rate For Calcs": 0.28863,
        "Normalized EBITDA": 69000000.0,
        "Total Unusual Items": 0.0,
        "Total Unusual Items Excluding Goodwill": 0.0,
        "Net Income From Continuing Operation Net Minority Interest": 24500000.0,
        "Reconciled Depreciation": 14400000.0,
        "Reconciled Cost Of Revenue": 464700000.0,
        "EBITDA": 69000000.0,
        "EBIT": 54600000.0,
        "Net Interest Income": -20300000.0,
        "Interest Expense": 20300000.0,
        "Normalized Income": 24500000.0,
        "Net Income From Continuing And Discontinued Operation": 24500000.0,
        "Total Expenses": 522800000.0,
        "Total Operating Income As Reported": 54400000.0,
        "Diluted Average Shares": 21351000.0,
        "Basic Average Shares": 20843000.0,
        "Diluted EPS": 1.15,
        "Basic EPS": 1.17,
        "Diluted NI Availto Com Stockholders": 24500000.0,
        "Net Income Common Stockholders": 24500000.0,
        "Net Income": 24500000.0,
        "Minority Interests": 100000.0,
        "Net Income Including Noncontrolling Interests": 24400000.0,
        "Net Income Discontinuous Operations": 0.0,
        "Net Income Continuous Operations": 24400000.0,
        "Tax Provision": 9900000.0,
        "Pretax Income": 34300000.0,
        "Other Income Expense": 200000.0,
        "Other Non Operating Income Expenses": 200000.0,
        "Special Income Charges": 0.0,
        "Gain On Sale Of Ppe": 0.0,
        "Net Non Operating Interest Income Expense": -20300000.0,
        "Interest Expense Non Operating": 20300000.0,
        "Operating Income": 54400000.0,
        "Operating Expense": 58100000.0,
        "Depreciation Amortization Depletion Income Statement": 14400000.0,
        "Depreciation And Amortization In Income Statement": 14400000.0,
        "Selling General And Administration": 43700000.0,
        "Gross Profit": 112500000.0,
        "Cost Of Revenue": 464700000.0,
        "Total Revenue": 577200000.0,
        "Operating Revenue": 577200000.0
    },
    "2023-09-30": {
        "Tax Effect Of Unusual Items": 0.0,
        "Tax Rate For Calcs": 0.24058,
        "Normalized EBITDA": 67800000.0,
        "Total Unusual Items": 0.0,
        "Total Unusual Items Excluding Goodwill": 0.0,
        "Net Income From Continuing Operation Net Minority Interest": 26300000.0,
        "Reconciled Depreciation": 14300000.0,
        "Reconciled Cost Of Revenue": 439000000.0,
        "EBITDA": 67800000.0,
        "EBIT": 53500000.0,
        "Net Interest Income": -19000000.0,
        "Interest Expense": 19000000.0,
        "Normalized Income": 26300000.0,
        "Net Income From Continuing And Discontinued Operation": 26300000.0,
        "Total Expenses": 497100000.0,
        "Total Operating Income As Reported": 53300000.0,
        "Diluted Average Shares": 21659000.0,
        "Basic Average Shares": 20828000.0,
        "Diluted EPS": 1.22,
        "Basic EPS": 1.27,
        "Diluted NI Availto Com Stockholders": 26300000.0,
        "Net Income Common Stockholders": 26300000.0,
        "Net Income": 26300000.0,
        "Minority Interests": 100000.0,
        "Net Income Including Noncontrolling Interests": 26200000.0,
        "Net Income Discontinuous Operations": 0.0,
        "Net Income Continuous Operations": 26200000.0,
        "Tax Provision": 8300000.0,
        "Pretax Income": 34500000.0,
        "Other Income Expense": 200000.0,
        "Other Non Operating Income Expenses": 200000.0,
        "Special Income Charges": 0.0,
        "Gain On Sale Of Ppe": 0.0,
        "Net Non Operating Interest Income Expense": -19000000.0,
        "Interest Expense Non Operating": 19000000.0,
        "Operating Income": 53300000.0,
        "Operating Expense": 58100000.0,
        "Depreciation Amortization Depletion Income Statement": 14300000.0,
        "Depreciation And Amortization In Income Statement": 14300000.0,
        "Selling General And Administration": 43800000.0,
        "Gross Profit": 111400000.0,
        "Cost Of Revenue": 439000000.0,
        "Total Revenue": 550400000.0,
        "Operating Revenue": 550400000.0
    },
    "2023-12-31": {
        "Tax Effect Of Unusual Items": 0.0,
        "Tax Rate For Calcs": 0.340102,
        "Normalized EBITDA": 51700000.0,
        "Total Unusual Items": 0.0,
        "Total Unusual Items Excluding Goodwill": 0.0,
        "Net Income From Continuing Operation Net Minority Interest": 12900000.0,
        "Reconciled Depreciation": 14300000.0,
        "Reconciled Cost Of Revenue": 416700000.0,
        "EBITDA": 51700000.0,
        "EBIT": 37400000.0,
        "Net Interest Income": -17700000.0,
        "Interest Expense": 17700000.0,
        "Normalized Income": 12900000.0,
        "Net Income From Continuing And Discontinued Operation": 12900000.0,
        "Total Expenses": 476000000.0,
        "Total Operating Income As Reported": 37200000.0,
        "Diluted Average Shares": 21687000.0,
        "Basic Average Shares": 20826000.0,
        "Diluted EPS": 0.59,
        "Basic EPS": 0.62,
        "Diluted NI Availto Com Stockholders": 12900000.0,
        "Net Income Common Stockholders": 12900000.0,
        "Net Income": 12900000.0,
        "Minority Interests": -100000.0,
        "Net Income Including Noncontrolling Interests": 13000000.0,
        "Net Income Discontinuous Operations": 0.0,
        "Net Income Continuous Operations": 13000000.0,
        "Tax Provision": 6700000.0,
        "Pretax Income": 19700000.0,
        "Other Income Expense": 200000.0,
        "Other Non Operating Income Expenses": 200000.0,
        "Special Income Charges": 0.0,
        "Gain On Sale Of Ppe": 0.0,
        "Net Non Operating Interest Income Expense": -17700000.0,
        "Interest Expense Non Operating": 17700000.0,
        "Operating Income": 37200000.0,
        "Operating Expense": 59300000.0,
        "Depreciation Amortization Depletion Income Statement": 14300000.0,
        "Depreciation And Amortization In Income Statement": 14300000.0,
        "Selling General And Administration": 45000000.0,
        "Gross Profit": 96500000.0,
        "Cost Of Revenue": 416700000.0,
        "Total Revenue": 513200000.0,
        "Operating Revenue": 513200000.0
    },
    "2024-03-31": {
        "Tax Effect Of Unusual Items": 0.0,
        "Tax Rate For Calcs": 0.253,
        "Normalized EBITDA": 50600000.0,
        "Total Unusual Items": 0.0,
        "Total Unusual Items Excluding Goodwill": 0.0,
        "Net Income From Continuing Operation Net Minority Interest": 13000000.0,
        "Reconciled Depreciation": 16100000.0,
        "Reconciled Cost Of Revenue": 401400000.0,
        "EBITDA": 50600000.0,
        "EBIT": 34500000.0,
        "Net Interest Income": -17100000.0,
        "Interest Expense": 17100000.0,
        "Normalized Income": 13000000.0,
        "Net Income From Continuing And Discontinued Operation": 13000000.0,
        "Total Expenses": 463000000.0,
        "Total Operating Income As Reported": 34600000.0,
        "Diluted Average Shares": 21909000.0,
        "Basic Average Shares": 21066000.0,
        "Diluted EPS": 0.59,
        "Basic EPS": 0.61,
        "Diluted NI Availto Com Stockholders": 13000000.0,
        "Net Income Common Stockholders": 13000000.0,
        "Net Income": 13000000.0,
        "Minority Interests": 0.0,
        "Net Income Including Noncontrolling Interests": 13000000.0,
        "Net Income Discontinuous Operations": NaN,
        "Net Income Continuous Operations": 13000000.0,
        "Tax Provision": 4400000.0,
        "Pretax Income": 17400000.0,
        "Other Income Expense": -100000.0,
        "Other Non Operating Income Expenses": -100000.0,
        "Special Income Charges": 0.0,
        "Gain On Sale Of Ppe": 0.0,
        "Net Non Operating Interest Income Expense": -17100000.0,
        "Interest Expense Non Operating": 17100000.0,
        "Operating Income": 34600000.0,
        "Operating Expense": 61600000.0,
        "Depreciation Amortization Depletion Income Statement": 16100000.0,
        "Depreciation And Amortization In Income Statement": 16100000.0,
        "Selling General And Administration": 45500000.0,
        "Gross Profit": 96200000.0,
        "Cost Of Revenue": 401400000.0,
        "Total Revenue": 497600000.0,
        "Operating Revenue": 497600000.0
    },
    "2024-06-30": {
        "Tax Effect Of Unusual Items": 0.0,
        "Tax Rate For Calcs": 0.275676,
        "Normalized EBITDA": 75800000.0,
        "Total Unusual Items": 0.0,
        "Total Unusual Items Excluding Goodwill": 0.0,
        "Net Income From Continuing Operation Net Minority Interest": 26800000.0,
        "Reconciled Depreciation": 18200000.0,
        "Reconciled Cost Of Revenue": 441600000.0,
        "EBITDA": 75800000.0,
        "EBIT": 57600000.0,
        "Net Interest Income": -20600000.0,
        "Interest Expense": 20600000.0,
        "Normalized Income": 26800000.0,
        "Net Income From Continuing And Discontinued Operation": 26800000.0,
        "Total Expenses": 505700000.0,
        "Total Operating Income As Reported": 57500000.0,
        "Diluted Average Shares": 21559000.0,
        "Basic Average Shares": 20901000.0,
        "Diluted EPS": 1.25,
        "Basic EPS": 1.29,
        "Diluted NI Availto Com Stockholders": 26800000.0,
        "Net Income Common Stockholders": 26800000.0,
        "Net Income": 26800000.0,
        "Minority Interests": 0.0,
        "Net Income Including Noncontrolling Interests": 26800000.0,
        "Net Income Discontinuous Operations": NaN,
        "Net Income Continuous Operations": 26800000.0,
        "Tax Provision": 10200000.0,
        "Pretax Income": 37000000.0,
        "Other Income Expense": 100000.0,
        "Other Non Operating Income Expenses": 100000.0,
        "Special Income Charges": 0.0,
        "Gain On Sale Of Ppe": 0.0,
        "Net Non Operating Interest Income Expense": -20600000.0,
        "Interest Expense Non Operating": 20600000.0,
        "Operating Income": 57500000.0,
        "Operating Expense": 64100000.0,
        "Depreciation Amortization Depletion Income Statement": 18200000.0,
        "Depreciation And Amortization In Income Statement": 18200000.0,
        "Selling General And Administration": 45900000.0,
        "Gross Profit": 121600000.0,
        "Cost Of Revenue": 441600000.0,
        "Total Revenue": 563200000.0,
        "Operating Revenue": 563200000.0
    }
}