{
    "2023-03-31": {
        "Tax Effect Of Unusual Items": 0.0,
        "Tax Rate For Calcs": 0.121,
        "Normalized EBITDA": -394730.0,
        "Net Income From Continuing Operation Net Minority Interest": -224480.0,
        "Reconciled Depreciation": 50253.0,
        "Reconciled Cost Of Revenue": 2076482.0,
        "EBITDA": -394730.0,
        "EBIT": -444983.0,
        "Net Interest Income": 189593.0,
        "Interest Income": 189593.0,
        "Normalized Income": -224480.0,
        "Net Income From Continuing And Discontinued Operation": -224480.0,
        "Total Expenses": 3825823.0,
        "Total Operating Income As Reported": -444983.0,
        "Diluted Average Shares": 9206135.0,
        "Basic Average Shares": 9206135.0,
        "Diluted EPS": -0.02,
        "Basic EPS": -0.02,
        "Diluted NI Availto Com Stockholders": -224480.0,
        "Net Income Common Stockholders": -224480.0,
        "Net Income": -224480.0,
        "Net Income Including Noncontrolling Interests": -224480.0,
        "Net Income Continuous Operations": -224480.0,
        "Tax Provision": -30910.0,
        "Pretax Income": -255390.0,
        "Other Income Expense": NaN,
        "Other Non Operating Income Expenses": NaN,
        "Net Non Operating Interest Income Expense": 189593.0,
        "Interest Income Non Operating": 189593.0,
        "Operating Income": -444983.0,
        "Operating Expense": 1749341.0,
        "Selling General And Administration": 1749341.0,
        "Gross Profit": 1304358.0,
        "Cost Of Revenue": 2076482.0,
        "Total Revenue": 3380840.0,
        "Operating Revenue": 3380840.0
    },
    "2022-12-31": {
        "Tax Effect Of Unusual Items": 0.0,
        "Tax Rate For Calcs": 0.083,
        "Normalized EBITDA": -1278819.0,
        "Net Income From Continuing Operation Net Minority Interest": -1146190.0,
        "Reconciled Depreciation": 68305.0,
        "Reconciled Cost Of Revenue": 2145769.0,
        "EBITDA": -1278819.0,
        "EBIT": -1347124.0,
        "Net Interest Income": 97832.0,
        "Interest Income": 97832.0,
        "Normalized Income": -1146190.0,
        "Net Income From Continuing And Discontinued Operation": -1146190.0,
        "Total Expenses": 4628457.0,
        "Total Operating Income As Reported": -1347124.0,
        "Diluted Average Shares": 9186208.0,
        "Basic Average Shares": 9186208.0,
        "Diluted EPS": -0.12,
        "Basic EPS": -0.12,
        "Diluted NI Availto Com Stockholders": -1146190.0,
        "Net Income Common Stockholders": -1146190.0,
        "Net Income": -1146190.0,
        "Net Income Including Noncontrolling Interests": -1146190.0,
        "Net Income Continuous Operations": -1146190.0,
        "Tax Provision": -103102.0,
        "Pretax Income": -1249292.0,
        "Other Income Expense": NaN,
        "Other Non Operating Income Expenses": NaN,
        "Net Non Operating Interest Income Expense": 97832.0,
        "Interest Income Non Operating": 97832.0,
        "Operating Income": -1347124.0,
        "Operating Expense": 2482688.0,
        "Selling General And Administration": 2482688.0,
        "Gross Profit": 1135564.0,
        "Cost Of Revenue": 2145769.0,
        "Total Revenue": 3281333.0,
        "Operating Revenue": 3281333.0
    },
    "2022-09-30": {
        "Tax Effect Of Unusual Items": NaN,
        "Tax Rate For Calcs": NaN,
        "Normalized EBITDA": NaN,
        "Net Income From Continuing Operation Net Minority Interest": NaN,
        "Reconciled Depreciation": NaN,
        "Reconciled Cost Of Revenue": NaN,
        "EBITDA": NaN,
        "EBIT": NaN,
        "Net Interest Income": NaN,
        "Interest Income": NaN,
        "Normalized Income": NaN,
        "Net Income From Continuing And Discontinued Operation": NaN,
        "Total Expenses": NaN,
        "Total Operating Income As Reported": NaN,
        "Diluted Average Shares": NaN,
        "Basic Average Shares": NaN,
        "Diluted EPS": NaN,
        "Basic EPS": NaN,
        "Diluted NI Availto Com Stockholders": NaN,
        "Net Income Common Stockholders": NaN,
        "Net Income": NaN,
        "Net Income Including Noncontrolling Interests": NaN,
        "Net Income Continuous Operations": NaN,
        "Tax Provision": NaN,
        "Pretax Income": NaN,
        "Other Income Expense": 33000000.0,
        "Other Non Operating Income Expenses": 33000000.0,
        "Net Non Operating Interest Income Expense": NaN,
        "Interest Income Non Operating": NaN,
        "Operating Income": NaN,
        "Operating Expense": NaN,
        "Selling General And Administration": NaN,
        "Gross Profit": NaN,
        "Cost Of Revenue": NaN,
        "Total Revenue": NaN,
        "Operating Revenue": NaN
    },
    "2022-06-30": {
        "Tax Effect Of Unusual Items": 0.0,
        "Tax Rate For Calcs": 0.004849,
        "Normalized EBITDA": 383797.0,
        "Net Income From Continuing Operation Net Minority Interest": 385595.0,
        "Reconciled Depreciation": 68335.0,
        "Reconciled Cost Of Revenue": 2669130.0,
        "EBITDA": 383797.0,
        "EBIT": 383797.0,
        "Net Interest Income": 3677.0,
        "Interest Income": 3677.0,
        "Normalized Income": 385595.0,
        "Net Income From Continuing And Discontinued Operation": 385595.0,
        "Total Expenses": 3807964.0,
        "Total Operating Income As Reported": 383797.0,
        "Diluted Average Shares": 9869229.0,
        "Basic Average Shares": 9147512.0,
        "Diluted EPS": 0.04,
        "Basic EPS": 0.04,
        "Diluted NI Availto Com Stockholders": 385595.0,
        "Net Income Common Stockholders": 385595.0,
        "Net Income": 385595.0,
        "Net Income Including Noncontrolling Interests": 385595.0,
        "Net Income Continuous Operations": 385595.0,
        "Tax Provision": 1879.0,
        "Pretax Income": 387474.0,
        "Other Income Expense": 1.0,
        "Other Non Operating Income Expenses": 1.0,
        "Net Non Operating Interest Income Expense": 3677.0,
        "Interest Income Non Operating": 3677.0,
        "Operating Income": 383797.0,
        "Operating Expense": 1138834.0,
        "Selling General And Administration": 1138834.0,
        "Gross Profit": 1522631.0,
        "Cost Of Revenue": 2669130.0,
        "Total Revenue": 4191761.0,
        "Operating Revenue": 4191761.0
    },
    "2022-03-31": {
        "Diluted EPS": 0.04,
        "Total Revenue": 5,
        "Gross Profit": 2,
        "Operating Income": 0,
        "EBIT": 0,
        "Net Income": 0
    },
    "2021-12-31": {
        "Diluted EPS": 0.06,
        "Total Revenue": 4,
        "Gross Profit": 2,
        "Operating Income": 0,
        "EBIT": 0,
        "Net Income": 1
    },
    "2021-09-30": {
        "Diluted EPS": -0.01,
        "Total Revenue": 4,
        "Gross Profit": 2,
        "Operating Income": 0,
        "EBIT": 0,
        "Net Income": 0
    },
    "2021-06-30": {
        "Diluted EPS": 0.02,
        "Total Revenue": 5,
        "Gross Profit": 2,
        "Operating Income": 0,
        "EBIT": 0,
        "Net Income": 0
    },
    "2021-03-31": {
        "Diluted EPS": -0.06,
        "Total Revenue": 4,
        "Gross Profit": 1,
        "Operating Income": -1,
        "EBIT": -1,
        "Net Income": 0
    },
    "2020-12-31": {
        "Diluted EPS": 0.07,
        "Total Revenue": 5,
        "Gross Profit": 2,
        "Operating Income": 0,
        "EBIT": 0,
        "Net Income": 1
    },
    "2020-09-30": {
        "Diluted EPS": 0.02,
        "Total Revenue": 5,
        "Gross Profit": 2,
        "Operating Income": 0,
        "EBIT": 0,
        "Net Income": 0
    },
    "2020-06-30": {
        "Diluted EPS": 0.02,
        "Total Revenue": 4,
        "Gross Profit": 1,
        "Operating Income": 0,
        "EBIT": 0,
        "Net Income": 0
    },
    "2020-03-31": {
        "Diluted EPS": -0.01,
        "Total Revenue": 5,
        "Gross Profit": 2,
        "Operating Income": 0,
        "EBIT": 0,
        "Net Income": 0
    },
    "2019-12-31": {
        "Diluted EPS": -0.03,
        "Total Revenue": 4,
        "Gross Profit": 1,
        "Operating Income": 0,
        "EBIT": 0,
        "Net Income": 0
    },
    "2019-09-30": {
        "Diluted EPS": -0.04,
        "Total Revenue": 5,
        "Gross Profit": 1,
        "Operating Income": 0,
        "EBIT": 0,
        "Net Income": 0
    },
    "2019-06-30": {
        "Diluted EPS": 0.0,
        "Total Revenue": 6,
        "Gross Profit": 2,
        "Operating Income": 0,
        "EBIT": 0,
        "Net Income": 0
    },
    "2019-03-31": {
        "Diluted EPS": 0.02,
        "Total Revenue": 5,
        "Gross Profit": 2,
        "Operating Income": 0,
        "EBIT": 0,
        "Net Income": 0
    },
    "2018-12-31": {
        "Diluted EPS": 0.01,
        "Total Revenue": 5,
        "Gross Profit": 2,
        "Operating Income": 0,
        "EBIT": 0,
        "Net Income": 0
    },
    "2018-09-30": {
        "Diluted EPS": 0.01,
        "Total Revenue": 6,
        "Gross Profit": 2,
        "Operating Income": 0,
        "EBIT": 0,
        "Net Income": 0
    },
    "2018-06-30": {
        "Diluted EPS": 0.04,
        "Total Revenue": 7,
        "Gross Profit": 2,
        "Operating Income": 0,
        "EBIT": 0,
        "Net Income": 0
    },
    "2018-03-31": {
        "Diluted EPS": -0.1,
        "Total Revenue": 4,
        "Gross Profit": 1,
        "Operating Income": -1,
        "EBIT": -1,
        "Net Income": -1
    },
    "2017-12-31": {
        "Diluted EPS": -0.4,
        "Total Revenue": 6,
        "Gross Profit": 2,
        "Operating Income": 0,
        "EBIT": 0,
        "Net Income": -3
    },
    "2017-09-30": {
        "Diluted EPS": 0.0,
        "Total Revenue": 6,
        "Gross Profit": 2,
        "Operating Income": 0,
        "EBIT": 0,
        "Net Income": 0
    },
    "2017-06-30": {
        "Diluted EPS": -0.01,
        "Total Revenue": 6,
        "Gross Profit": 2,
        "Operating Income": 0,
        "EBIT": 0,
        "Net Income": 0
    },
    "2017-03-31": {
        "Diluted EPS": -0.15,
        "Total Revenue": 5,
        "Gross Profit": 1,
        "Operating Income": -1,
        "EBIT": -1,
        "Net Income": -1
    },
    "2016-12-31": {
        "Diluted EPS": 0.02,
        "Total Revenue": 7,
        "Gross Profit": 2,
        "Operating Income": 0,
        "EBIT": 0,
        "Net Income": 0
    },
    "2016-09-30": {
        "Diluted EPS": 0.01,
        "Total Revenue": 6,
        "Gross Profit": 2,
        "Operating Income": 0,
        "EBIT": 0,
        "Net Income": 0
    },
    "2016-06-30": {
        "Diluted EPS": 0.03,
        "Total Revenue": 7,
        "Gross Profit": 3,
        "Operating Income": 0,
        "EBIT": 1,
        "Net Income": 0
    },
    "2016-03-31": {
        "Diluted EPS": 0.12,
        "Total Revenue": 6,
        "Gross Profit": 2,
        "Operating Income": 1,
        "EBIT": 1,
        "Net Income": 1
    },
    "2015-12-31": {
        "Diluted EPS": 0.05,
        "Total Revenue": 7,
        "Gross Profit": 3,
        "Operating Income": 1,
        "EBIT": 1,
        "Net Income": 0
    },
    "2015-09-30": {
        "Diluted EPS": -0.01,
        "Total Revenue": 6,
        "Gross Profit": 2,
        "Operating Income": 0,
        "EBIT": 0,
        "Net Income": 0
    },
    "2015-06-30": {
        "Diluted EPS": 0.05,
        "Total Revenue": 6,
        "Gross Profit": 2,
        "Operating Income": 0,
        "EBIT": 0,
        "Net Income": 0
    },
    "2015-03-31": {
        "Diluted EPS": 0.01,
        "Total Revenue": 6,
        "Gross Profit": 2,
        "Operating Income": 0,
        "EBIT": 0,
        "Net Income": 0
    },
    "2014-12-31": {
        "Diluted EPS": 0.02,
        "Total Revenue": 7,
        "Gross Profit": 2,
        "Operating Income": 0,
        "EBIT": 0,
        "Net Income": 0
    },
    "2014-09-30": {
        "Diluted EPS": -0.01,
        "Total Revenue": 5,
        "Gross Profit": 2,
        "Operating Income": 0,
        "EBIT": 0,
        "Net Income": 0
    },
    "2014-06-30": {
        "Diluted EPS": -0.29,
        "Total Revenue": 6,
        "Gross Profit": -1,
        "Operating Income": -4,
        "EBIT": -4,
        "Net Income": -2
    },
    "2014-03-31": {
        "Diluted EPS": -0.0,
        "Total Revenue": 4,
        "Gross Profit": 1,
        "Operating Income": -1,
        "EBIT": -1,
        "Net Income": 0
    },
    "2013-12-31": {
        "Diluted EPS": -0.47,
        "Total Revenue": 7,
        "Gross Profit": -2,
        "Operating Income": -5,
        "EBIT": -5,
        "Net Income": -3
    },
    "2013-09-30": {
        "Diluted EPS": 0.01,
        "Total Revenue": 7,
        "Gross Profit": 2,
        "Operating Income": 0,
        "EBIT": 1,
        "Net Income": 0
    },
    "2013-06-30": {
        "Diluted EPS": 0.62,
        "Total Revenue": 10,
        "Gross Profit": 4,
        "Operating Income": 6,
        "EBIT": 7,
        "Net Income": 5
    },
    "2013-03-31": {
        "Diluted EPS": 0.02,
        "Total Revenue": 8,
        "Gross Profit": 3,
        "Operating Income": 0,
        "EBIT": 1,
        "Net Income": 0
    },
    "2012-12-31": {
        "Diluted EPS": 0.05,
        "Total Revenue": 9,
        "Gross Profit": 3,
        "Operating Income": 1,
        "EBIT": 1,
        "Net Income": 0
    },
    "2012-09-30": {
        "Diluted EPS": 0.05,
        "Total Revenue": 9,
        "Gross Profit": 3,
        "Operating Income": 1,
        "EBIT": 1,
        "Net Income": 0
    },
    "2012-06-30": {
        "Diluted EPS": 0.13,
        "Total Revenue": 11,
        "Gross Profit": 4,
        "Operating Income": 1,
        "EBIT": 2,
        "Net Income": 1
    },
    "2012-03-31": {
        "Diluted EPS": 0.12,
        "Total Revenue": 8,
        "Gross Profit": 3,
        "Operating Income": 1,
        "EBIT": 1,
        "Net Income": 1
    },
    "2011-12-31": {
        "Diluted EPS": 0.11,
        "Total Revenue": 10,
        "Gross Profit": 4,
        "Operating Income": 1,
        "EBIT": 2,
        "Net Income": 1
    },
    "2011-09-30": {
        "Diluted EPS": 0.04,
        "Total Revenue": 9,
        "Gross Profit": 3,
        "Operating Income": 0,
        "EBIT": 1,
        "Net Income": 0
    },
    "2011-06-30": {
        "Diluted EPS": 0.24,
        "Total Revenue": 10,
        "Gross Profit": 4,
        "Operating Income": 2,
        "EBIT": 2,
        "Net Income": 2
    },
    "2011-03-31": {
        "Diluted EPS": 0.09,
        "Total Revenue": 8,
        "Gross Profit": 3,
        "Operating Income": 1,
        "EBIT": 1,
        "Net Income": 1
    },
    "2010-12-31": {
        "Diluted EPS": 0.18,
        "Total Revenue": 13,
        "Gross Profit": 5,
        "Operating Income": 2,
        "EBIT": 3,
        "Net Income": 1
    },
    "2010-09-30": {
        "Diluted EPS": 0.08,
        "Total Revenue": 10,
        "Gross Profit": 4,
        "Operating Income": 1,
        "EBIT": 1,
        "Net Income": 1
    },
    "2010-06-30": {
        "Diluted EPS": -0.05,
        "Total Revenue": 8,
        "Gross Profit": 3,
        "Operating Income": 0,
        "EBIT": 0,
        "Net Income": 0
    },
    "2010-03-31": {
        "Diluted EPS": 0.04,
        "Total Revenue": 9,
        "Gross Profit": 3,
        "Operating Income": 1,
        "EBIT": 1,
        "Net Income": 0
    },
    "2009-12-31": {
        "Diluted EPS": -0.25,
        "Total Revenue": 12,
        "Gross Profit": 5,
        "Operating Income": -3,
        "EBIT": -3,
        "Net Income": -2
    },
    "2009-09-30": {
        "Diluted EPS": -0.22,
        "Total Revenue": 12,
        "Gross Profit": 6,
        "Operating Income": -2,
        "EBIT": -2,
        "Net Income": -2
    },
    "2009-06-30": {
        "Diluted EPS": -0.16,
        "Total Revenue": 10,
        "Gross Profit": 5,
        "Operating Income": -2,
        "EBIT": -2,
        "Net Income": -1
    },
    "2009-03-31": {
        "Diluted EPS": -0.02,
        "Total Revenue": 9,
        "Gross Profit": 4,
        "Operating Income": 0,
        "EBIT": 0,
        "Net Income": 0
    },
    "2023-06-30": {
        "Tax Effect Of Unusual Items": 0.0,
        "Tax Rate For Calcs": 0.358156,
        "Normalized EBITDA": -571385.0,
        "Net Income From Continuing Operation Net Minority Interest": -262631.0,
        "Reconciled Depreciation": 44124.0,
        "Reconciled Cost Of Revenue": 2251680.0,
        "EBITDA": -571385.0,
        "EBIT": -615509.0,
        "Net Interest Income": 206327.0,
        "Interest Income": 206327.0,
        "Normalized Income": -262631.0,
        "Net Income From Continuing And Discontinued Operation": -262631.0,
        "Total Expenses": 3719540.0,
        "Total Operating Income As Reported": -615509.0,
        "Diluted Average Shares": 9222180.0,
        "Basic Average Shares": 9222180.0,
        "Diluted EPS": -0.03,
        "Basic EPS": -0.03,
        "Diluted NI Availto Com Stockholders": -262631.0,
        "Net Income Common Stockholders": -262631.0,
        "Net Income": -262631.0,
        "Net Income Including Noncontrolling Interests": -262631.0,
        "Net Income Continuous Operations": -262631.0,
        "Tax Provision": -146551.0,
        "Pretax Income": -409182.0,
        "Other Income Expense": 0.0,
        "Other Non Operating Income Expenses": 0.0,
        "Net Non Operating Interest Income Expense": 206327.0,
        "Interest Income Non Operating": 206327.0,
        "Operating Income": -615509.0,
        "Operating Expense": 1467860.0,
        "Selling General And Administration": 1467860.0,
        "Gross Profit": 852351.0,
        "Cost Of Revenue": 2251680.0,
        "Total Revenue": 3104031.0,
        "Operating Revenue": 3104031.0
    },
    "2023-09-30": {
        "Tax Effect Of Unusual Items": 0.0,
        "Tax Rate For Calcs": 0.21,
        "Normalized EBITDA": -422975.0,
        "Net Income From Continuing Operation Net Minority Interest": -257609.0,
        "Reconciled Depreciation": 45614.0,
        "Reconciled Cost Of Revenue": 2306248.0,
        "EBITDA": -422975.0,
        "EBIT": -468589.0,
        "Net Interest Income": 212859.0,
        "Interest Income": 212859.0,
        "Normalized Income": -257609.0,
        "Net Income From Continuing And Discontinued Operation": -257609.0,
        "Total Expenses": 3842527.0,
        "Total Operating Income As Reported": -468589.0,
        "Diluted Average Shares": 9234795.0,
        "Basic Average Shares": 9234795.0,
        "Diluted EPS": -0.03,
        "Basic EPS": -0.03,
        "Diluted NI Availto Com Stockholders": -257609.0,
        "Net Income Common Stockholders": -257609.0,
        "Net Income": -257609.0,
        "Net Income Including Noncontrolling Interests": -257609.0,
        "Net Income Continuous Operations": -257609.0,
        "Tax Provision": 1879.0,
        "Pretax Income": -255730.0,
        "Other Income Expense": NaN,
        "Other Non Operating Income Expenses": NaN,
        "Net Non Operating Interest Income Expense": 212859.0,
        "Interest Income Non Operating": 212859.0,
        "Operating Income": -468589.0,
        "Operating Expense": 1536279.0,
        "Selling General And Administration": 1536279.0,
        "Gross Profit": 1067690.0,
        "Cost Of Revenue": 2306248.0,
        "Total Revenue": 3373938.0,
        "Operating Revenue": 3373938.0
    },
    "2023-12-31": {
        "Tax Effect Of Unusual Items": 0.0,
        "Tax Rate For Calcs": 0.21,
        "Normalized EBITDA": -428050.0,
        "Net Income From Continuing Operation Net Minority Interest": -269153.0,
        "Reconciled Depreciation": 48033.0,
        "Reconciled Cost Of Revenue": 2251684.0,
        "EBITDA": -428050.0,
        "EBIT": -476083.0,
        "Net Interest Income": 208809.0,
        "Interest Income": 208809.0,
        "Normalized Income": -269153.0,
        "Net Income From Continuing And Discontinued Operation": -269153.0,
        "Total Expenses": 3836207.0,
        "Total Operating Income As Reported": -476083.0,
        "Diluted Average Shares": 9241208.0,
        "Basic Average Shares": 9241208.0,
        "Diluted EPS": -0.03,
        "Basic EPS": -0.03,
        "Diluted NI Availto Com Stockholders": -269153.0,
        "Net Income Common Stockholders": -269153.0,
        "Net Income": -269153.0,
        "Net Income Including Noncontrolling Interests": -269153.0,
        "Net Income Continuous Operations": -269153.0,
        "Tax Provision": 1879.0,
        "Pretax Income": -267274.0,
        "Other Income Expense": NaN,
        "Other Non Operating Income Expenses": NaN,
        "Net Non Operating Interest Income Expense": 208809.0,
        "Interest Income Non Operating": 208809.0,
        "Operating Income": -476083.0,
        "Operating Expense": 1584523.0,
        "Selling General And Administration": 1584523.0,
        "Gross Profit": 1108440.0,
        "Cost Of Revenue": 2251684.0,
        "Total Revenue": 3360124.0,
        "Operating Revenue": 3360124.0
    },
    "2024-03-31": {
        "Tax Effect Of Unusual Items": 0.0,
        "Tax Rate For Calcs": 0.205,
        "Normalized EBITDA": -561325.0,
        "Net Income From Continuing Operation Net Minority Interest": -313780.0,
        "Reconciled Depreciation": 48399.0,
        "Reconciled Cost Of Revenue": 1796083.0,
        "EBITDA": -561325.0,
        "EBIT": -609724.0,
        "Net Interest Income": 214814.0,
        "Interest Income": 214814.0,
        "Normalized Income": -313780.0,
        "Net Income From Continuing And Discontinued Operation": -313780.0,
        "Total Expenses": 3247330.0,
        "Total Operating Income As Reported": -609724.0,
        "Diluted Average Shares": 9254795.0,
        "Basic Average Shares": 9254795.0,
        "Diluted EPS": -0.03,
        "Basic EPS": -0.03,
        "Diluted NI Availto Com Stockholders": -313780.0,
        "Net Income Common Stockholders": -313780.0,
        "Net Income": -313780.0,
        "Net Income Including Noncontrolling Interests": -313780.0,
        "Net Income Continuous Operations": -313780.0,
        "Tax Provision": -81130.0,
        "Pretax Income": -394910.0,
        "Other Income Expense": NaN,
        "Other Non Operating Income Expenses": NaN,
        "Net Non Operating Interest Income Expense": 214814.0,
        "Interest Income Non Operating": 214814.0,
        "Operating Income": -609724.0,
        "Operating Expense": 1451247.0,
        "Selling General And Administration": 1451247.0,
        "Gross Profit": 841523.0,
        "Cost Of Revenue": 1796083.0,
        "Total Revenue": 2637606.0,
        "Operating Revenue": 2637606.0
    }
}