{
    "2023-03-31": {
        "Tax Effect Of Unusual Items": NaN,
        "Tax Rate For Calcs": NaN,
        "Normalized EBITDA": NaN,
        "Total Unusual Items": NaN,
        "Total Unusual Items Excluding Goodwill": NaN,
        "Net Income From Continuing Operation Net Minority Interest": NaN,
        "Reconciled Depreciation": NaN,
        "EBITDA": NaN,
        "EBIT": NaN,
        "Net Interest Income": NaN,
        "Interest Income": NaN,
        "Normalized Income": NaN,
        "Net Income From Continuing And Discontinued Operation": NaN,
        "Total Expenses": NaN,
        "Total Operating Income As Reported": NaN,
        "Diluted Average Shares": NaN,
        "Basic Average Shares": NaN,
        "Diluted EPS": NaN,
        "Basic EPS": NaN,
        "Diluted NI Availto Com Stockholders": NaN,
        "Net Income Common Stockholders": NaN,
        "Otherunder Preferred Stock Dividend": NaN,
        "Net Income": NaN,
        "Net Income Including Noncontrolling Interests": NaN,
        "Net Income Continuous Operations": NaN,
        "Pretax Income": NaN,
        "Other Income Expense": NaN,
        "Other Non Operating Income Expenses": NaN,
        "Special Income Charges": NaN,
        "Gain On Sale Of Ppe": 0.0,
        "Write Off": NaN,
        "Restructuring And Mergern Acquisition": NaN,
        "Net Non Operating Interest Income Expense": NaN,
        "Total Other Finance Cost": NaN,
        "Interest Income Non Operating": NaN,
        "Operating Income": NaN,
        "Operating Expense": NaN,
        "Other Operating Expenses": NaN,
        "Research And Development": NaN,
        "Selling General And Administration": NaN,
        "General And Administrative Expense": NaN,
        "Other Gand A": NaN,
        "Total Revenue": NaN,
        "Operating Revenue": NaN
    },
    "2022-12-31": {
        "Tax Effect Of Unusual Items": NaN,
        "Tax Rate For Calcs": NaN,
        "Normalized EBITDA": NaN,
        "Total Unusual Items": NaN,
        "Total Unusual Items Excluding Goodwill": NaN,
        "Net Income From Continuing Operation Net Minority Interest": NaN,
        "Reconciled Depreciation": NaN,
        "EBITDA": NaN,
        "EBIT": NaN,
        "Net Interest Income": NaN,
        "Interest Income": NaN,
        "Normalized Income": NaN,
        "Net Income From Continuing And Discontinued Operation": NaN,
        "Total Expenses": NaN,
        "Total Operating Income As Reported": NaN,
        "Diluted Average Shares": NaN,
        "Basic Average Shares": NaN,
        "Diluted EPS": NaN,
        "Basic EPS": NaN,
        "Diluted NI Availto Com Stockholders": NaN,
        "Net Income Common Stockholders": NaN,
        "Otherunder Preferred Stock Dividend": NaN,
        "Net Income": NaN,
        "Net Income Including Noncontrolling Interests": NaN,
        "Net Income Continuous Operations": NaN,
        "Pretax Income": NaN,
        "Other Income Expense": NaN,
        "Other Non Operating Income Expenses": NaN,
        "Special Income Charges": NaN,
        "Gain On Sale Of Ppe": NaN,
        "Write Off": NaN,
        "Restructuring And Mergern Acquisition": NaN,
        "Gain On Sale Of Security": -14498.0,
        "Net Non Operating Interest Income Expense": NaN,
        "Total Other Finance Cost": NaN,
        "Interest Income Non Operating": NaN,
        "Operating Income": NaN,
        "Operating Expense": NaN,
        "Other Operating Expenses": NaN,
        "Research And Development": NaN,
        "Selling General And Administration": NaN,
        "General And Administrative Expense": NaN,
        "Other Gand A": NaN,
        "Total Revenue": NaN,
        "Operating Revenue": NaN
    },
    "2022-09-30": {
        "Tax Effect Of Unusual Items": NaN,
        "Tax Rate For Calcs": NaN,
        "Normalized EBITDA": NaN,
        "Total Unusual Items": NaN,
        "Total Unusual Items Excluding Goodwill": NaN,
        "Net Income From Continuing Operation Net Minority Interest": NaN,
        "Reconciled Depreciation": NaN,
        "EBITDA": NaN,
        "EBIT": NaN,
        "Net Interest Income": NaN,
        "Interest Income": 7861.0,
        "Normalized Income": NaN,
        "Net Income From Continuing And Discontinued Operation": NaN,
        "Total Expenses": NaN,
        "Total Operating Income As Reported": NaN,
        "Diluted Average Shares": 848534.0,
        "Basic Average Shares": 848534.0,
        "Diluted EPS": -6.03,
        "Basic EPS": -6.03,
        "Diluted NI Availto Com Stockholders": NaN,
        "Net Income Common Stockholders": NaN,
        "Otherunder Preferred Stock Dividend": 0.0,
        "Net Income": NaN,
        "Net Income Including Noncontrolling Interests": NaN,
        "Net Income Continuous Operations": NaN,
        "Pretax Income": NaN,
        "Other Income Expense": NaN,
        "Other Non Operating Income Expenses": NaN,
        "Special Income Charges": NaN,
        "Gain On Sale Of Ppe": NaN,
        "Write Off": 0.0,
        "Restructuring And Mergern Acquisition": NaN,
        "Gain On Sale Of Security": -1425102.0,
        "Net Non Operating Interest Income Expense": NaN,
        "Total Other Finance Cost": -7861.0,
        "Interest Income Non Operating": 7861.0,
        "Operating Income": NaN,
        "Operating Expense": NaN,
        "Research And Development": NaN,
        "Selling General And Administration": NaN,
        "General And Administrative Expense": NaN,
        "Other Gand A": NaN,
        "Total Revenue": NaN,
        "Operating Revenue": NaN
    },
    "2022-06-30": {
        "Tax Effect Of Unusual Items": 0.0,
        "Tax Rate For Calcs": 0.0,
        "Normalized EBITDA": -2357587.0,
        "Total Unusual Items": -32943.0,
        "Total Unusual Items Excluding Goodwill": -32943.0,
        "Net Income From Continuing Operation Net Minority Interest": -2400811.0,
        "Reconciled Depreciation": 10281.0,
        "EBITDA": -2390530.0,
        "EBIT": -2400811.0,
        "Net Interest Income": 1237.0,
        "Interest Expense": 0.0,
        "Interest Income": 1237.0,
        "Normalized Income": -2367868.0,
        "Net Income From Continuing And Discontinued Operation": -2400811.0,
        "Total Expenses": 2369105.0,
        "Total Operating Income As Reported": -2402048.0,
        "Diluted Average Shares": 326643.0,
        "Basic Average Shares": 326643.0,
        "Diluted EPS": -7.2,
        "Basic EPS": -7.2,
        "Diluted NI Availto Com Stockholders": -2400811.0,
        "Net Income Common Stockholders": -2400811.0,
        "Net Income": -2400811.0,
        "Net Income Including Noncontrolling Interests": -2400811.0,
        "Net Income Continuous Operations": -2400811.0,
        "Pretax Income": -2400811.0,
        "Other Income Expense": -32943.0,
        "Other Non Operating Income Expenses": NaN,
        "Special Income Charges": -32943.0,
        "Gain On Sale Of Ppe": 0.0,
        "Restructuring And Mergern Acquisition": 32943.0,
        "Gain On Sale Of Security": NaN,
        "Net Non Operating Interest Income Expense": 1237.0,
        "Total Other Finance Cost": NaN,
        "Interest Expense Non Operating": 0.0,
        "Interest Income Non Operating": 1237.0,
        "Operating Income": -2369105.0,
        "Operating Expense": 2369105.0,
        "Research And Development": 567227.0,
        "Selling General And Administration": 1801878.0,
        "General And Administrative Expense": 1801878.0,
        "Other Gand A": 1801878.0,
        "Total Revenue": 0.0,
        "Operating Revenue": 0.0
    },
    "2023-06-30": {
        "Tax Effect Of Unusual Items": NaN,
        "Tax Rate For Calcs": NaN,
        "Normalized EBITDA": NaN,
        "Total Unusual Items": NaN,
        "Total Unusual Items Excluding Goodwill": NaN,
        "Net Income From Continuing Operation Net Minority Interest": NaN,
        "Reconciled Depreciation": NaN,
        "EBITDA": NaN,
        "EBIT": NaN,
        "Net Interest Income": NaN,
        "Interest Income": NaN,
        "Normalized Income": NaN,
        "Net Income From Continuing And Discontinued Operation": NaN,
        "Total Expenses": NaN,
        "Total Operating Income As Reported": NaN,
        "Diluted Average Shares": 365530.0,
        "Basic Average Shares": 365530.0,
        "Diluted EPS": -7.15,
        "Basic EPS": -7.15,
        "Diluted NI Availto Com Stockholders": NaN,
        "Net Income Common Stockholders": NaN,
        "Otherunder Preferred Stock Dividend": NaN,
        "Net Income": NaN,
        "Net Income Including Noncontrolling Interests": NaN,
        "Net Income Continuous Operations": NaN,
        "Pretax Income": NaN,
        "Other Income Expense": NaN,
        "Other Non Operating Income Expenses": NaN,
        "Special Income Charges": NaN,
        "Gain On Sale Of Ppe": 0.0,
        "Write Off": NaN,
        "Restructuring And Mergern Acquisition": NaN,
        "Net Non Operating Interest Income Expense": NaN,
        "Total Other Finance Cost": -45087.0,
        "Interest Income Non Operating": NaN,
        "Operating Income": NaN,
        "Operating Expense": NaN,
        "Other Operating Expenses": NaN,
        "Research And Development": NaN,
        "Selling General And Administration": NaN,
        "General And Administrative Expense": NaN,
        "Other Gand A": NaN,
        "Total Revenue": NaN,
        "Operating Revenue": NaN
    },
    "2023-09-30": {
        "Tax Effect Of Unusual Items": 0.0,
        "Tax Rate For Calcs": 0.0,
        "Normalized EBITDA": 928168.0,
        "Total Unusual Items": -3417714.0,
        "Total Unusual Items Excluding Goodwill": -3417714.0,
        "Net Income From Continuing Operation Net Minority Interest": -5762941.0,
        "Reconciled Depreciation": 11308.0,
        "EBITDA": -2489546.0,
        "EBIT": -2500854.0,
        "Net Interest Income": 49912.0,
        "Interest Income": 49912.0,
        "Normalized Income": -2345227.0,
        "Net Income From Continuing And Discontinued Operation": -5762941.0,
        "Total Expenses": 2500854.0,
        "Total Operating Income As Reported": -5918568.0,
        "Diluted Average Shares": 789656.0,
        "Basic Average Shares": 789656.0,
        "Diluted EPS": -7.3,
        "Basic EPS": -7.3,
        "Diluted NI Availto Com Stockholders": -6293926.0,
        "Net Income Common Stockholders": -6293926.0,
        "Otherunder Preferred Stock Dividend": 530985.0,
        "Net Income": -5762941.0,
        "Net Income Including Noncontrolling Interests": -5762941.0,
        "Net Income Continuous Operations": -5762941.0,
        "Pretax Income": -5762941.0,
        "Other Income Expense": -3311999.0,
        "Other Non Operating Income Expenses": 105715.0,
        "Special Income Charges": -3417714.0,
        "Gain On Sale Of Ppe": NaN,
        "Write Off": 1904314.0,
        "Restructuring And Mergern Acquisition": 1513400.0,
        "Net Non Operating Interest Income Expense": 49912.0,
        "Total Other Finance Cost": NaN,
        "Interest Income Non Operating": 49912.0,
        "Operating Income": -2500854.0,
        "Operating Expense": 2500854.0,
        "Other Operating Expenses": NaN,
        "Research And Development": 1085010.0,
        "Selling General And Administration": 1415844.0,
        "General And Administrative Expense": 1415844.0,
        "Other Gand A": 1415844.0,
        "Total Revenue": 0.0,
        "Operating Revenue": 0.0
    },
    "2023-12-31": {
        "Tax Effect Of Unusual Items": 0.0,
        "Tax Rate For Calcs": 0.0,
        "Normalized EBITDA": -5551689.0,
        "Total Unusual Items": -154833.0,
        "Total Unusual Items Excluding Goodwill": -154833.0,
        "Net Income From Continuing Operation Net Minority Interest": -2268606.0,
        "Reconciled Depreciation": 7935.0,
        "EBITDA": -5706522.0,
        "EBIT": -5714457.0,
        "Net Interest Income": 34393.0,
        "Interest Income": 45525.0,
        "Normalized Income": -2113773.0,
        "Net Income From Continuing And Discontinued Operation": -2268606.0,
        "Total Expenses": 1992195.0,
        "Total Operating Income As Reported": -2118649.0,
        "Diluted Average Shares": NaN,
        "Basic Average Shares": NaN,
        "Diluted EPS": NaN,
        "Basic EPS": NaN,
        "Diluted NI Availto Com Stockholders": -2268606.0,
        "Net Income Common Stockholders": -2268606.0,
        "Otherunder Preferred Stock Dividend": 0.0,
        "Net Income": -2268606.0,
        "Net Income Including Noncontrolling Interests": -2268606.0,
        "Net Income Continuous Operations": -2268606.0,
        "Pretax Income": -2178287.0,
        "Other Income Expense": -220485.0,
        "Other Non Operating Income Expenses": -65652.0,
        "Special Income Charges": -154833.0,
        "Gain On Sale Of Ppe": NaN,
        "Write Off": 0.0,
        "Restructuring And Mergern Acquisition": 126454.0,
        "Net Non Operating Interest Income Expense": 34393.0,
        "Total Other Finance Cost": NaN,
        "Interest Income Non Operating": 45525.0,
        "Operating Income": -1992195.0,
        "Operating Expense": 1992195.0,
        "Other Operating Expenses": NaN,
        "Research And Development": 1111645.0,
        "Selling General And Administration": 880550.0,
        "General And Administrative Expense": 880550.0,
        "Other Gand A": 880550.0,
        "Total Revenue": 0.0,
        "Operating Revenue": 0.0
    },
    "2024-03-31": {
        "Tax Effect Of Unusual Items": 2560.74,
        "Tax Rate For Calcs": 0.21,
        "Normalized EBITDA": 13202575.0,
        "Total Unusual Items": 12194.0,
        "Total Unusual Items Excluding Goodwill": 12194.0,
        "Net Income From Continuing Operation Net Minority Interest": 13453207.0,
        "Reconciled Depreciation": 4869.0,
        "EBITDA": 13214769.0,
        "EBIT": 13209900.0,
        "Net Interest Income": 223047.0,
        "Interest Income": 223047.0,
        "Normalized Income": 13443573.74,
        "Net Income From Continuing And Discontinued Operation": 13453207.0,
        "Total Expenses": 2790100.0,
        "Total Operating Income As Reported": 13222094.0,
        "Diluted Average Shares": 3891721.0,
        "Basic Average Shares": 2881795.0,
        "Diluted EPS": 3.42,
        "Basic EPS": 4.68,
        "Diluted NI Availto Com Stockholders": 13453207.0,
        "Net Income Common Stockholders": 13453207.0,
        "Otherunder Preferred Stock Dividend": NaN,
        "Net Income": 13453207.0,
        "Net Income Including Noncontrolling Interests": 13453207.0,
        "Net Income Continuous Operations": 13453207.0,
        "Pretax Income": 13453207.0,
        "Other Income Expense": 20260.0,
        "Other Non Operating Income Expenses": 8066.0,
        "Special Income Charges": 12194.0,
        "Gain On Sale Of Ppe": NaN,
        "Write Off": NaN,
        "Restructuring And Mergern Acquisition": -12194.0,
        "Net Non Operating Interest Income Expense": 223047.0,
        "Total Other Finance Cost": NaN,
        "Interest Income Non Operating": 223047.0,
        "Operating Income": 13209900.0,
        "Operating Expense": 2790100.0,
        "Other Operating Expenses": NaN,
        "Research And Development": 1493659.0,
        "Selling General And Administration": 1296441.0,
        "General And Administrative Expense": 1296441.0,
        "Other Gand A": 1296441.0,
        "Total Revenue": 16000000.0,
        "Operating Revenue": 16000000.0
    },
    "2024-06-30": {
        "Tax Effect Of Unusual Items": 0.0,
        "Tax Rate For Calcs": 0.0,
        "Normalized EBITDA": -2298090.0,
        "Total Unusual Items": -120234.0,
        "Total Unusual Items Excluding Goodwill": -120234.0,
        "Net Income From Continuing Operation Net Minority Interest": -2221646.0,
        "Reconciled Depreciation": 6329.0,
        "EBITDA": -2418324.0,
        "EBIT": -2424653.0,
        "Net Interest Income": 342102.0,
        "Interest Income": 342102.0,
        "Normalized Income": -2101412.0,
        "Net Income From Continuing And Discontinued Operation": -2221646.0,
        "Total Expenses": 2424653.0,
        "Total Operating Income As Reported": -2544887.0,
        "Diluted Average Shares": 463403.0,
        "Basic Average Shares": 463403.0,
        "Diluted EPS": -4.77,
        "Basic EPS": -4.77,
        "Diluted NI Availto Com Stockholders": -2221646.0,
        "Net Income Common Stockholders": -2221646.0,
        "Otherunder Preferred Stock Dividend": NaN,
        "Net Income": -2221646.0,
        "Net Income Including Noncontrolling Interests": -2221646.0,
        "Net Income Continuous Operations": -2221646.0,
        "Pretax Income": -2221646.0,
        "Other Income Expense": -139095.0,
        "Other Non Operating Income Expenses": -18861.0,
        "Special Income Charges": -120234.0,
        "Gain On Sale Of Ppe": NaN,
        "Write Off": NaN,
        "Restructuring And Mergern Acquisition": 120234.0,
        "Net Non Operating Interest Income Expense": 342102.0,
        "Total Other Finance Cost": NaN,
        "Interest Income Non Operating": 342102.0,
        "Operating Income": -2424653.0,
        "Operating Expense": 2424653.0,
        "Other Operating Expenses": -20000.0,
        "Research And Development": 906680.0,
        "Selling General And Administration": 1537973.0,
        "General And Administrative Expense": 1537973.0,
        "Other Gand A": 1537973.0,
        "Total Revenue": 0.0,
        "Operating Revenue": 0.0
    },
    "2024-09-30": {
        "Tax Effect Of Unusual Items": 0.0,
        "Tax Rate For Calcs": 0.0,
        "Normalized EBITDA": -1792124.0,
        "Total Unusual Items": -904009.0,
        "Total Unusual Items Excluding Goodwill": -904009.0,
        "Net Income From Continuing Operation Net Minority Interest": -3413326.0,
        "Reconciled Depreciation": 2095.0,
        "EBITDA": -2696133.0,
        "EBIT": -2698228.0,
        "Net Interest Income": 248840.0,
        "Interest Income": 248840.0,
        "Normalized Income": -2509317.0,
        "Net Income From Continuing And Discontinued Operation": -3413326.0,
        "Total Expenses": 2698228.0,
        "Total Operating Income As Reported": -3602237.0,
        "Diluted Average Shares": 4214950.0,
        "Basic Average Shares": 4214950.0,
        "Diluted EPS": -0.81,
        "Basic EPS": -0.81,
        "Diluted NI Availto Com Stockholders": -3413326.0,
        "Net Income Common Stockholders": -3413326.0,
        "Otherunder Preferred Stock Dividend": 0.0,
        "Net Income": -3413326.0,
        "Net Income Including Noncontrolling Interests": -3413326.0,
        "Net Income Continuous Operations": -3413326.0,
        "Pretax Income": -3413326.0,
        "Other Income Expense": -963938.0,
        "Other Non Operating Income Expenses": -59929.0,
        "Special Income Charges": -904009.0,
        "Gain On Sale Of Ppe": NaN,
        "Write Off": 2008000.0,
        "Restructuring And Mergern Acquisition": -1103991.0,
        "Net Non Operating Interest Income Expense": 248840.0,
        "Total Other Finance Cost": NaN,
        "Interest Income Non Operating": 248840.0,
        "Operating Income": -2698228.0,
        "Operating Expense": 2698228.0,
        "Other Operating Expenses": NaN,
        "Research And Development": 1317231.0,
        "Selling General And Administration": 1380997.0,
        "General And Administrative Expense": 1380997.0,
        "Other Gand A": 1380997.0,
        "Total Revenue": 0.0,
        "Operating Revenue": 0.0
    }
}