{
    "2023-04-30": {
        "Tax Effect Of Unusual Items": NaN,
        "Tax Rate For Calcs": NaN,
        "Normalized EBITDA": NaN,
        "Total Unusual Items": NaN,
        "Total Unusual Items Excluding Goodwill": NaN,
        "Net Income From Continuing Operation Net Minority Interest": NaN,
        "Reconciled Depreciation": NaN,
        "Reconciled Cost Of Revenue": NaN,
        "EBITDA": NaN,
        "EBIT": NaN,
        "Net Interest Income": NaN,
        "Interest Expense": NaN,
        "Normalized Income": NaN,
        "Net Income From Continuing And Discontinued Operation": NaN,
        "Total Expenses": NaN,
        "Rent Expense Supplemental": NaN,
        "Total Operating Income As Reported": NaN,
        "Diluted Average Shares": NaN,
        "Basic Average Shares": NaN,
        "Diluted EPS": NaN,
        "Basic EPS": NaN,
        "Diluted NI Availto Com Stockholders": NaN,
        "Net Income Common Stockholders": NaN,
        "Net Income": NaN,
        "Minority Interests": NaN,
        "Net Income Including Noncontrolling Interests": NaN,
        "Net Income Continuous Operations": NaN,
        "Tax Provision": NaN,
        "Pretax Income": NaN,
        "Other Income Expense": NaN,
        "Other Non Operating Income Expenses": NaN,
        "Special Income Charges": NaN,
        "Gain On Sale Of Business": NaN,
        "Gain On Sale Of Security": NaN,
        "Net Non Operating Interest Income Expense": NaN,
        "Interest Expense Non Operating": NaN,
        "Operating Income": NaN,
        "Operating Expense": NaN,
        "Other Operating Expenses": NaN,
        "Depreciation Amortization Depletion Income Statement": NaN,
        "Depreciation And Amortization In Income Statement": NaN,
        "Selling General And Administration": NaN,
        "General And Administrative Expense": NaN,
        "Other Gand A": 7393000000.0,
        "Rent And Landing Fees": NaN,
        "Salaries And Wages": NaN,
        "Gross Profit": NaN,
        "Cost Of Revenue": NaN,
        "Total Revenue": NaN,
        "Operating Revenue": NaN
    },
    "2023-01-31": {
        "Tax Effect Of Unusual Items": NaN,
        "Tax Rate For Calcs": NaN,
        "Normalized EBITDA": NaN,
        "Total Unusual Items": NaN,
        "Total Unusual Items Excluding Goodwill": NaN,
        "Net Income From Continuing Operation Net Minority Interest": NaN,
        "Reconciled Depreciation": NaN,
        "Reconciled Cost Of Revenue": NaN,
        "EBITDA": NaN,
        "EBIT": NaN,
        "Net Interest Income": NaN,
        "Interest Expense": NaN,
        "Normalized Income": NaN,
        "Net Income From Continuing And Discontinued Operation": NaN,
        "Total Expenses": NaN,
        "Rent Expense Supplemental": NaN,
        "Total Operating Income As Reported": NaN,
        "Diluted Average Shares": NaN,
        "Basic Average Shares": NaN,
        "Diluted EPS": NaN,
        "Basic EPS": NaN,
        "Diluted NI Availto Com Stockholders": NaN,
        "Net Income Common Stockholders": NaN,
        "Net Income": NaN,
        "Minority Interests": NaN,
        "Net Income Including Noncontrolling Interests": NaN,
        "Net Income Continuous Operations": NaN,
        "Tax Provision": NaN,
        "Pretax Income": NaN,
        "Other Income Expense": NaN,
        "Other Non Operating Income Expenses": NaN,
        "Gain On Sale Of Security": NaN,
        "Net Non Operating Interest Income Expense": NaN,
        "Interest Expense Non Operating": NaN,
        "Operating Income": NaN,
        "Operating Expense": NaN,
        "Other Operating Expenses": NaN,
        "Depreciation Amortization Depletion Income Statement": NaN,
        "Depreciation And Amortization In Income Statement": NaN,
        "Selling General And Administration": NaN,
        "General And Administrative Expense": NaN,
        "Other Gand A": 5847000000.0,
        "Rent And Landing Fees": NaN,
        "Salaries And Wages": NaN,
        "Gross Profit": NaN,
        "Cost Of Revenue": NaN,
        "Total Revenue": NaN,
        "Operating Revenue": NaN
    },
    "2022-10-31": {
        "Tax Effect Of Unusual Items": NaN,
        "Tax Rate For Calcs": NaN,
        "Normalized EBITDA": NaN,
        "Total Unusual Items": NaN,
        "Total Unusual Items Excluding Goodwill": NaN,
        "Net Income From Continuing Operation Net Minority Interest": NaN,
        "Reconciled Depreciation": NaN,
        "Reconciled Cost Of Revenue": NaN,
        "EBITDA": NaN,
        "EBIT": NaN,
        "Net Interest Income": NaN,
        "Interest Expense": NaN,
        "Normalized Income": NaN,
        "Net Income From Continuing And Discontinued Operation": NaN,
        "Total Expenses": NaN,
        "Rent Expense Supplemental": NaN,
        "Total Operating Income As Reported": NaN,
        "Diluted Average Shares": NaN,
        "Basic Average Shares": NaN,
        "Diluted EPS": NaN,
        "Basic EPS": NaN,
        "Diluted NI Availto Com Stockholders": NaN,
        "Net Income Common Stockholders": NaN,
        "Net Income": NaN,
        "Minority Interests": NaN,
        "Net Income Including Noncontrolling Interests": NaN,
        "Net Income Continuous Operations": NaN,
        "Tax Provision": NaN,
        "Pretax Income": NaN,
        "Other Income Expense": NaN,
        "Other Non Operating Income Expenses": 11000000.0,
        "Gain On Sale Of Security": NaN,
        "Net Non Operating Interest Income Expense": NaN,
        "Interest Expense Non Operating": NaN,
        "Operating Income": NaN,
        "Operating Expense": NaN,
        "Other Operating Expenses": NaN,
        "Depreciation Amortization Depletion Income Statement": NaN,
        "Depreciation And Amortization In Income Statement": NaN,
        "Selling General And Administration": NaN,
        "General And Administrative Expense": NaN,
        "Other Gand A": NaN,
        "Rent And Landing Fees": NaN,
        "Salaries And Wages": NaN,
        "Gross Profit": NaN,
        "Cost Of Revenue": NaN,
        "Total Revenue": NaN,
        "Operating Revenue": NaN
    },
    "2022-07-31": {
        "Tax Effect Of Unusual Items": 22876726.886291,
        "Tax Rate For Calcs": 0.222104,
        "Normalized EBITDA": 1792000000.0,
        "Total Unusual Items": 103000000.0,
        "Total Unusual Items Excluding Goodwill": 103000000.0,
        "Net Income From Continuing Operation Net Minority Interest": 731000000.0,
        "Reconciled Depreciation": 827000000.0,
        "Reconciled Cost Of Revenue": 27249000000.0,
        "EBITDA": 1895000000.0,
        "EBIT": 1068000000.0,
        "Net Interest Income": -127000000.0,
        "Interest Expense": 127000000.0,
        "Normalized Income": 650876726.886291,
        "Net Income From Continuing And Discontinued Operation": 731000000.0,
        "Total Expenses": 33684000000.0,
        "Rent Expense Supplemental": 191000000.0,
        "Total Operating Income As Reported": 954000000.0,
        "Diluted Average Shares": 725000000.0,
        "Basic Average Shares": 716000000.0,
        "Diluted EPS": 1.0,
        "Basic EPS": 1.01,
        "Diluted NI Availto Com Stockholders": 731000000.0,
        "Net Income Common Stockholders": 731000000.0,
        "Net Income": 731000000.0,
        "Minority Interests": -1000000.0,
        "Net Income Including Noncontrolling Interests": 732000000.0,
        "Net Income Continuous Operations": 732000000.0,
        "Tax Provision": 209000000.0,
        "Pretax Income": 941000000.0,
        "Other Income Expense": 114000000.0,
        "Other Non Operating Income Expenses": 11000000.0,
        "Gain On Sale Of Security": 103000000.0,
        "Net Non Operating Interest Income Expense": -127000000.0,
        "Interest Expense Non Operating": 127000000.0,
        "Operating Income": 954000000.0,
        "Operating Expense": 6292000000.0,
        "Other Operating Expenses": 5417000000.0,
        "Depreciation Amortization Depletion Income Statement": 684000000.0,
        "Depreciation And Amortization In Income Statement": 684000000.0,
        "Selling General And Administration": 191000000.0,
        "General And Administrative Expense": 191000000.0,
        "Other Gand A": 5417000000.0,
        "Rent And Landing Fees": 191000000.0,
        "Gross Profit": 7246000000.0,
        "Cost Of Revenue": 27392000000.0,
        "Total Revenue": 34638000000.0,
        "Operating Revenue": 34638000000.0
    },
    "2023-07-31": {
        "Tax Effect Of Unusual Items": NaN,
        "Tax Rate For Calcs": NaN,
        "Normalized EBITDA": NaN,
        "Total Unusual Items": NaN,
        "Total Unusual Items Excluding Goodwill": NaN,
        "Net Income From Continuing Operation Net Minority Interest": NaN,
        "Reconciled Depreciation": NaN,
        "Reconciled Cost Of Revenue": NaN,
        "EBITDA": NaN,
        "EBIT": NaN,
        "Net Interest Income": NaN,
        "Interest Expense": NaN,
        "Normalized Income": NaN,
        "Net Income From Continuing And Discontinued Operation": NaN,
        "Total Expenses": NaN,
        "Rent Expense Supplemental": NaN,
        "Total Operating Income As Reported": NaN,
        "Diluted Average Shares": NaN,
        "Basic Average Shares": NaN,
        "Diluted EPS": NaN,
        "Basic EPS": NaN,
        "Diluted NI Availto Com Stockholders": NaN,
        "Net Income Common Stockholders": NaN,
        "Net Income": NaN,
        "Minority Interests": NaN,
        "Net Income Including Noncontrolling Interests": NaN,
        "Net Income Continuous Operations": NaN,
        "Tax Provision": NaN,
        "Pretax Income": NaN,
        "Other Income Expense": NaN,
        "Other Non Operating Income Expenses": NaN,
        "Special Income Charges": NaN,
        "Gain On Sale Of Business": NaN,
        "Gain On Sale Of Security": NaN,
        "Net Non Operating Interest Income Expense": NaN,
        "Interest Expense Non Operating": NaN,
        "Operating Income": NaN,
        "Operating Expense": NaN,
        "Other Operating Expenses": NaN,
        "Depreciation Amortization Depletion Income Statement": NaN,
        "Depreciation And Amortization In Income Statement": NaN,
        "Selling General And Administration": NaN,
        "General And Administrative Expense": NaN,
        "Other Gand A": 6935000000.0,
        "Rent And Landing Fees": NaN,
        "Salaries And Wages": -8000000.0,
        "Gross Profit": NaN,
        "Cost Of Revenue": NaN,
        "Total Revenue": NaN,
        "Operating Revenue": NaN
    },
    "2023-10-31": {
        "Tax Effect Of Unusual Items": NaN,
        "Tax Rate For Calcs": NaN,
        "Normalized EBITDA": NaN,
        "Total Unusual Items": NaN,
        "Total Unusual Items Excluding Goodwill": NaN,
        "Net Income From Continuing Operation Net Minority Interest": NaN,
        "Reconciled Depreciation": NaN,
        "Reconciled Cost Of Revenue": NaN,
        "EBITDA": NaN,
        "EBIT": NaN,
        "Net Interest Income": NaN,
        "Interest Expense": NaN,
        "Normalized Income": NaN,
        "Net Income From Continuing And Discontinued Operation": NaN,
        "Total Expenses": NaN,
        "Rent Expense Supplemental": NaN,
        "Total Operating Income As Reported": NaN,
        "Diluted Average Shares": NaN,
        "Basic Average Shares": NaN,
        "Diluted EPS": NaN,
        "Basic EPS": NaN,
        "Diluted NI Availto Com Stockholders": NaN,
        "Net Income Common Stockholders": NaN,
        "Net Income": NaN,
        "Minority Interests": NaN,
        "Net Income Including Noncontrolling Interests": NaN,
        "Net Income Continuous Operations": NaN,
        "Tax Provision": NaN,
        "Pretax Income": NaN,
        "Other Income Expense": NaN,
        "Other Non Operating Income Expenses": NaN,
        "Special Income Charges": 0.0,
        "Gain On Sale Of Business": 0.0,
        "Gain On Sale Of Security": NaN,
        "Net Non Operating Interest Income Expense": NaN,
        "Interest Expense Non Operating": NaN,
        "Operating Income": NaN,
        "Operating Expense": NaN,
        "Other Operating Expenses": NaN,
        "Depreciation Amortization Depletion Income Statement": NaN,
        "Depreciation And Amortization In Income Statement": NaN,
        "Selling General And Administration": NaN,
        "General And Administrative Expense": NaN,
        "Other Gand A": 5646000000.0,
        "Rent And Landing Fees": NaN,
        "Salaries And Wages": -7000000.0,
        "Gross Profit": NaN,
        "Cost Of Revenue": NaN,
        "Total Revenue": NaN,
        "Operating Revenue": NaN
    },
    "2024-01-31": {
        "Tax Effect Of Unusual Items": -34657387.5803,
        "Tax Rate For Calcs": 0.208779,
        "Normalized EBITDA": 2082000000.0,
        "Total Unusual Items": -166000000.0,
        "Total Unusual Items Excluding Goodwill": -166000000.0,
        "Net Income From Continuing Operation Net Minority Interest": 736000000.0,
        "Reconciled Depreciation": 882000000.0,
        "Reconciled Cost Of Revenue": 28490000000.0,
        "EBITDA": 1916000000.0,
        "EBIT": 1034000000.0,
        "Net Interest Income": -100000000.0,
        "Interest Expense": 100000000.0,
        "Normalized Income": 867342612.4197,
        "Net Income From Continuing And Discontinued Operation": 736000000.0,
        "Total Expenses": 35870000000.0,
        "Rent Expense Supplemental": 220000000.0,
        "Total Operating Income As Reported": 1194000000.0,
        "Diluted Average Shares": 725000000.0,
        "Basic Average Shares": 719000000.0,
        "Diluted EPS": 1.01,
        "Basic EPS": 1.01,
        "Diluted NI Availto Com Stockholders": 718000000.0,
        "Net Income Common Stockholders": 718000000.0,
        "Net Income": 736000000.0,
        "Minority Interests": -3000000.0,
        "Net Income Including Noncontrolling Interests": 739000000.0,
        "Net Income Continuous Operations": 739000000.0,
        "Tax Provision": 195000000.0,
        "Pretax Income": 934000000.0,
        "Other Income Expense": -160000000.0,
        "Other Non Operating Income Expenses": 6000000.0,
        "Special Income Charges": NaN,
        "Gain On Sale Of Business": NaN,
        "Gain On Sale Of Security": -166000000.0,
        "Net Non Operating Interest Income Expense": -100000000.0,
        "Interest Expense Non Operating": 100000000.0,
        "Operating Income": 1194000000.0,
        "Operating Expense": 7227000000.0,
        "Other Operating Expenses": 6278000000.0,
        "Depreciation Amortization Depletion Income Statement": 729000000.0,
        "Depreciation And Amortization In Income Statement": 729000000.0,
        "Selling General And Administration": 220000000.0,
        "General And Administrative Expense": 220000000.0,
        "Other Gand A": 6278000000.0,
        "Rent And Landing Fees": 220000000.0,
        "Salaries And Wages": -6000000.0,
        "Gross Profit": 8421000000.0,
        "Cost Of Revenue": 28643000000.0,
        "Total Revenue": 37064000000.0,
        "Operating Revenue": 37064000000.0
    },
    "2024-05-31": {
        "Tax Effect Of Unusual Items": 3168000.0,
        "Tax Rate For Calcs": 0.198,
        "Normalized EBITDA": 2463000000.0,
        "Total Unusual Items": 16000000.0,
        "Total Unusual Items Excluding Goodwill": 16000000.0,
        "Net Income From Continuing Operation Net Minority Interest": 947000000.0,
        "Reconciled Depreciation": 1165000000.0,
        "Reconciled Cost Of Revenue": 34937000000.0,
        "EBITDA": 2479000000.0,
        "EBIT": 1314000000.0,
        "Net Interest Income": -123000000.0,
        "Interest Expense": 123000000.0,
        "Normalized Income": 934168000.0,
        "Net Income From Continuing And Discontinued Operation": 947000000.0,
        "Total Expenses": 43975000000.0,
        "Rent Expense Supplemental": 269000000.0,
        "Total Operating Income As Reported": 1294000000.0,
        "Diluted Average Shares": 727000000.0,
        "Basic Average Shares": 721000000.0,
        "Diluted EPS": 1.29,
        "Basic EPS": 1.3,
        "Diluted NI Availto Com Stockholders": 947000000.0,
        "Net Income Common Stockholders": 947000000.0,
        "Net Income": 947000000.0,
        "Minority Interests": -9000000.0,
        "Net Income Including Noncontrolling Interests": 956000000.0,
        "Net Income Continuous Operations": 956000000.0,
        "Tax Provision": 235000000.0,
        "Pretax Income": 1191000000.0,
        "Other Income Expense": 20000000.0,
        "Other Non Operating Income Expenses": 4000000.0,
        "Special Income Charges": NaN,
        "Gain On Sale Of Business": NaN,
        "Gain On Sale Of Security": 16000000.0,
        "Net Non Operating Interest Income Expense": -123000000.0,
        "Interest Expense Non Operating": 123000000.0,
        "Operating Income": 1294000000.0,
        "Operating Expense": 8851000000.0,
        "Other Operating Expenses": 7604000000.0,
        "Depreciation Amortization Depletion Income Statement": 978000000.0,
        "Depreciation And Amortization In Income Statement": 978000000.0,
        "Selling General And Administration": 269000000.0,
        "General And Administrative Expense": 269000000.0,
        "Other Gand A": NaN,
        "Rent And Landing Fees": 269000000.0,
        "Salaries And Wages": -4000000.0,
        "Gross Profit": 10145000000.0,
        "Cost Of Revenue": 35124000000.0,
        "Total Revenue": 45269000000.0,
        "Operating Revenue": 45269000000.0
    },
    "2024-04-30": {
        "Tax Effect Of Unusual Items": 3157010.915197,
        "Tax Rate For Calcs": 0.197313,
        "Normalized EBITDA": 2463000000.0,
        "Total Unusual Items": 16000000.0,
        "Total Unusual Items Excluding Goodwill": 16000000.0,
        "Net Income From Continuing Operation Net Minority Interest": 947000000.0,
        "Reconciled Depreciation": 1165000000.0,
        "Reconciled Cost Of Revenue": 34937000000.0,
        "EBITDA": 2479000000.0,
        "EBIT": 1314000000.0,
        "Net Interest Income": -123000000.0,
        "Interest Expense": 123000000.0,
        "Normalized Income": 934157010.915197,
        "Net Income From Continuing And Discontinued Operation": 947000000.0,
        "Total Expenses": 43975000000.0,
        "Rent Expense Supplemental": 269000000.0,
        "Total Operating Income As Reported": 1294000000.0,
        "Diluted Average Shares": 727000000.0,
        "Basic Average Shares": 721000000.0,
        "Diluted EPS": 1.29,
        "Basic EPS": 1.3,
        "Diluted NI Availto Com Stockholders": 947000000.0,
        "Net Income Common Stockholders": 947000000.0,
        "Net Income": 947000000.0,
        "Minority Interests": -9000000.0,
        "Net Income Including Noncontrolling Interests": 956000000.0,
        "Net Income Continuous Operations": 956000000.0,
        "Tax Provision": 235000000.0,
        "Pretax Income": 1191000000.0,
        "Other Income Expense": 20000000.0,
        "Other Non Operating Income Expenses": 4000000.0,
        "Special Income Charges": NaN,
        "Gain On Sale Of Business": NaN,
        "Gain On Sale Of Security": 16000000.0,
        "Net Non Operating Interest Income Expense": -123000000.0,
        "Interest Expense Non Operating": 123000000.0,
        "Operating Income": 1294000000.0,
        "Operating Expense": 8851000000.0,
        "Other Operating Expenses": 7604000000.0,
        "Depreciation Amortization Depletion Income Statement": 978000000.0,
        "Depreciation And Amortization In Income Statement": 978000000.0,
        "Selling General And Administration": 269000000.0,
        "General And Administrative Expense": 269000000.0,
        "Other Gand A": NaN,
        "Rent And Landing Fees": 269000000.0,
        "Salaries And Wages": NaN,
        "Gross Profit": 10145000000.0,
        "Cost Of Revenue": 35124000000.0,
        "Total Revenue": 45269000000.0,
        "Operating Revenue": 45269000000.0
    },
    "2023-05-31": {
        "Tax Effect Of Unusual Items": NaN,
        "Tax Rate For Calcs": NaN,
        "Normalized EBITDA": NaN,
        "Total Unusual Items": NaN,
        "Total Unusual Items Excluding Goodwill": NaN,
        "Net Income From Continuing Operation Net Minority Interest": NaN,
        "Reconciled Depreciation": NaN,
        "Reconciled Cost Of Revenue": NaN,
        "EBITDA": NaN,
        "EBIT": NaN,
        "Net Interest Income": NaN,
        "Interest Expense": NaN,
        "Normalized Income": NaN,
        "Net Income From Continuing And Discontinued Operation": NaN,
        "Total Expenses": NaN,
        "Rent Expense Supplemental": NaN,
        "Total Operating Income As Reported": NaN,
        "Diluted Average Shares": NaN,
        "Basic Average Shares": NaN,
        "Diluted EPS": NaN,
        "Basic EPS": NaN,
        "Diluted NI Availto Com Stockholders": NaN,
        "Net Income Common Stockholders": NaN,
        "Net Income": NaN,
        "Minority Interests": NaN,
        "Net Income Including Noncontrolling Interests": NaN,
        "Net Income Continuous Operations": NaN,
        "Tax Provision": NaN,
        "Pretax Income": NaN,
        "Other Income Expense": NaN,
        "Other Non Operating Income Expenses": NaN,
        "Special Income Charges": NaN,
        "Gain On Sale Of Business": NaN,
        "Gain On Sale Of Security": NaN,
        "Net Non Operating Interest Income Expense": NaN,
        "Interest Expense Non Operating": NaN,
        "Operating Income": NaN,
        "Operating Expense": NaN,
        "Other Operating Expenses": NaN,
        "Depreciation Amortization Depletion Income Statement": NaN,
        "Depreciation And Amortization In Income Statement": NaN,
        "Selling General And Administration": NaN,
        "General And Administrative Expense": NaN,
        "Other Gand A": NaN,
        "Rent And Landing Fees": NaN,
        "Salaries And Wages": -9000000.0,
        "Gross Profit": NaN,
        "Cost Of Revenue": NaN,
        "Total Revenue": NaN,
        "Operating Revenue": NaN
    },
    "2024-07-31": {
        "Tax Effect Of Unusual Items": -29161000.0,
        "Tax Rate For Calcs": 0.241,
        "Normalized EBITDA": 1708000000.0,
        "Total Unusual Items": -121000000.0,
        "Total Unusual Items Excluding Goodwill": -121000000.0,
        "Net Income From Continuing Operation Net Minority Interest": 466000000.0,
        "Reconciled Depreciation": 890000000.0,
        "Reconciled Cost Of Revenue": 26122000000.0,
        "EBITDA": 1587000000.0,
        "EBIT": 697000000.0,
        "Net Interest Income": -84000000.0,
        "Interest Expense": 84000000.0,
        "Normalized Income": 557839000.0,
        "Net Income From Continuing And Discontinued Operation": 466000000.0,
        "Total Expenses": 33097000000.0,
        "Rent Expense Supplemental": 199000000.0,
        "Total Operating Income As Reported": 815000000.0,
        "Diluted Average Shares": 727000000.0,
        "Basic Average Shares": 723000000.0,
        "Diluted EPS": 0.64,
        "Basic EPS": 0.64,
        "Diluted NI Availto Com Stockholders": 466000000.0,
        "Net Income Common Stockholders": 466000000.0,
        "Net Income": 466000000.0,
        "Minority Interests": 1000000.0,
        "Net Income Including Noncontrolling Interests": 465000000.0,
        "Net Income Continuous Operations": 465000000.0,
        "Tax Provision": 148000000.0,
        "Pretax Income": 613000000.0,
        "Other Income Expense": -118000000.0,
        "Other Non Operating Income Expenses": 3000000.0,
        "Special Income Charges": NaN,
        "Gain On Sale Of Business": NaN,
        "Gain On Sale Of Security": -121000000.0,
        "Net Non Operating Interest Income Expense": -84000000.0,
        "Interest Expense Non Operating": 84000000.0,
        "Operating Income": 815000000.0,
        "Operating Expense": 6836000000.0,
        "Other Operating Expenses": 5886000000.0,
        "Depreciation Amortization Depletion Income Statement": 751000000.0,
        "Depreciation And Amortization In Income Statement": 751000000.0,
        "Selling General And Administration": 199000000.0,
        "General And Administrative Expense": 199000000.0,
        "Other Gand A": NaN,
        "Rent And Landing Fees": 199000000.0,
        "Salaries And Wages": NaN,
        "Gross Profit": 7651000000.0,
        "Cost Of Revenue": 26261000000.0,
        "Total Revenue": 33912000000.0,
        "Operating Revenue": 33912000000.0
    },
    "2024-10-31": {
        "Tax Effect Of Unusual Items": 13747000.0,
        "Tax Rate For Calcs": 0.233,
        "Normalized EBITDA": 1727000000.0,
        "Total Unusual Items": 59000000.0,
        "Total Unusual Items Excluding Goodwill": 59000000.0,
        "Net Income From Continuing Operation Net Minority Interest": 618000000.0,
        "Reconciled Depreciation": 896000000.0,
        "Reconciled Cost Of Revenue": 25809000000.0,
        "EBITDA": 1786000000.0,
        "EBIT": 890000000.0,
        "Net Interest Income": -86000000.0,
        "Interest Expense": 86000000.0,
        "Normalized Income": 572747000.0,
        "Net Income From Continuing And Discontinued Operation": 618000000.0,
        "Total Expenses": 32806000000.0,
        "Rent Expense Supplemental": 203000000.0,
        "Total Operating Income As Reported": 828000000.0,
        "Diluted Average Shares": 728000000.0,
        "Basic Average Shares": 723000000.0,
        "Diluted EPS": 0.84,
        "Basic EPS": 0.85,
        "Diluted NI Availto Com Stockholders": 618000000.0,
        "Net Income Common Stockholders": 618000000.0,
        "Net Income": 618000000.0,
        "Minority Interests": 1000000.0,
        "Net Income Including Noncontrolling Interests": 617000000.0,
        "Net Income Continuous Operations": 617000000.0,
        "Tax Provision": 187000000.0,
        "Pretax Income": 804000000.0,
        "Other Income Expense": 62000000.0,
        "Other Non Operating Income Expenses": 3000000.0,
        "Special Income Charges": 79000000.0,
        "Gain On Sale Of Business": 79000000.0,
        "Gain On Sale Of Security": -20000000.0,
        "Net Non Operating Interest Income Expense": -86000000.0,
        "Interest Expense Non Operating": 86000000.0,
        "Operating Income": 828000000.0,
        "Operating Expense": 6858000000.0,
        "Other Operating Expenses": 5898000000.0,
        "Depreciation Amortization Depletion Income Statement": 757000000.0,
        "Depreciation And Amortization In Income Statement": 757000000.0,
        "Selling General And Administration": 203000000.0,
        "General And Administrative Expense": 203000000.0,
        "Other Gand A": NaN,
        "Rent And Landing Fees": 203000000.0,
        "Salaries And Wages": NaN,
        "Gross Profit": 7686000000.0,
        "Cost Of Revenue": 25948000000.0,
        "Total Revenue": 33634000000.0,
        "Operating Revenue": 33634000000.0
    }
}