{
    "2023-03-31": {
        "Tax Effect Of Unusual Items": 0.0,
        "Tax Rate For Calcs": 0.0,
        "Normalized EBITDA": -4300500.0,
        "Total Unusual Items": NaN,
        "Total Unusual Items Excluding Goodwill": NaN,
        "Net Income From Continuing Operation Net Minority Interest": -5300300.0,
        "Reconciled Depreciation": 555800.0,
        "EBIT": -4856300.0,
        "Net Interest Income": -522900.0,
        "Interest Expense": 444000.0,
        "Normalized Income": -5300300.0,
        "Net Income From Continuing And Discontinued Operation": -5300300.0,
        "Total Expenses": 4777400.0,
        "Total Operating Income As Reported": -4777400.0,
        "Diluted Average Shares": 872818.0,
        "Basic Average Shares": 872818.0,
        "Diluted EPS": -6.17,
        "Basic EPS": -6.17,
        "Diluted NI Availto Com Stockholders": -5385300.0,
        "Net Income Common Stockholders": -5385300.0,
        "Otherunder Preferred Stock Dividend": 85000.0,
        "Net Income": -5300300.0,
        "Net Income Including Noncontrolling Interests": -5300300.0,
        "Net Income Continuous Operations": -5300300.0,
        "Pretax Income": -5300300.0,
        "Other Income Expense": NaN,
        "Special Income Charges": NaN,
        "Other Special Charges": NaN,
        "Net Non Operating Interest Income Expense": -522900.0,
        "Total Other Finance Cost": 78900.0,
        "Interest Expense Non Operating": 444000.0,
        "Operating Income": -4777400.0,
        "Operating Expense": 4777400.0,
        "Research And Development": 2075000.0,
        "Selling General And Administration": 2702400.0,
        "General And Administrative Expense": 2702400.0,
        "Other Gand A": 2702400.0,
        "Total Revenue": 0.0,
        "Operating Revenue": 0.0,
        "Gross Profit": NaN
    },
    "2022-12-31": {
        "Tax Effect Of Unusual Items": 0.0,
        "Tax Rate For Calcs": 0.0,
        "Normalized EBITDA": -6366100.0,
        "Total Unusual Items": 12800.0,
        "Total Unusual Items Excluding Goodwill": 12800.0,
        "Net Income From Continuing Operation Net Minority Interest": -7067800.0,
        "Reconciled Depreciation": 554900.0,
        "EBIT": -6908200.0,
        "Net Interest Income": -159600.0,
        "Interest Expense": 159600.0,
        "Normalized Income": -7080600.0,
        "Net Income From Continuing And Discontinued Operation": -7067800.0,
        "Total Expenses": 6921000.0,
        "Total Operating Income As Reported": -6921000.0,
        "Diluted Average Shares": NaN,
        "Basic Average Shares": NaN,
        "Diluted EPS": NaN,
        "Basic EPS": NaN,
        "Diluted NI Availto Com Stockholders": -7154700.0,
        "Net Income Common Stockholders": -7154700.0,
        "Otherunder Preferred Stock Dividend": 86900.0,
        "Net Income": -7067800.0,
        "Net Income Including Noncontrolling Interests": -7067800.0,
        "Net Income Continuous Operations": -7067800.0,
        "Pretax Income": -7067800.0,
        "Other Income Expense": 12800.0,
        "Special Income Charges": 12800.0,
        "Other Special Charges": 0.0,
        "Net Non Operating Interest Income Expense": -159600.0,
        "Total Other Finance Cost": NaN,
        "Interest Expense Non Operating": 159600.0,
        "Operating Income": -6921000.0,
        "Operating Expense": 6921000.0,
        "Research And Development": 3329700.0,
        "Selling General And Administration": 3591300.0,
        "General And Administrative Expense": 3591300.0,
        "Other Gand A": 3591300.0,
        "Total Revenue": 0.0,
        "Operating Revenue": 0.0,
        "Gross Profit": NaN
    },
    "2022-09-30": {
        "Tax Effect Of Unusual Items": 0.0,
        "Tax Rate For Calcs": 0.0,
        "Normalized EBITDA": -7859300.0,
        "Total Unusual Items": -3463000.0,
        "Total Unusual Items Excluding Goodwill": -3463000.0,
        "Net Income From Continuing Operation Net Minority Interest": -11860300.0,
        "Reconciled Depreciation": 536600.0,
        "EBIT": -11858900.0,
        "Net Interest Income": -1400.0,
        "Interest Expense": 1400.0,
        "Normalized Income": -8397300.0,
        "Net Income From Continuing And Discontinued Operation": -11860300.0,
        "Total Expenses": 8395900.0,
        "Total Operating Income As Reported": -8395900.0,
        "Diluted Average Shares": 528015.0,
        "Basic Average Shares": 528015.0,
        "Diluted EPS": -22.5,
        "Basic EPS": -22.5,
        "Diluted NI Availto Com Stockholders": -11947200.0,
        "Net Income Common Stockholders": -11947200.0,
        "Otherunder Preferred Stock Dividend": 86900.0,
        "Net Income": -11860300.0,
        "Net Income Including Noncontrolling Interests": -11860300.0,
        "Net Income Continuous Operations": -11860300.0,
        "Pretax Income": -11860300.0,
        "Other Income Expense": -3463000.0,
        "Special Income Charges": -3463000.0,
        "Other Special Charges": 3463000.0,
        "Net Non Operating Interest Income Expense": -1400.0,
        "Total Other Finance Cost": NaN,
        "Interest Expense Non Operating": 1400.0,
        "Operating Income": -8395900.0,
        "Operating Expense": 8395900.0,
        "Research And Development": 3784200.0,
        "Selling General And Administration": 4611700.0,
        "General And Administrative Expense": 4611700.0,
        "Other Gand A": 4611700.0,
        "Total Revenue": 0.0,
        "Operating Revenue": 0.0,
        "Gross Profit": NaN
    },
    "2022-06-30": {
        "Tax Effect Of Unusual Items": 0.0,
        "Tax Rate For Calcs": 0.0,
        "Normalized EBITDA": -8033300.0,
        "Total Unusual Items": 0.0,
        "Total Unusual Items Excluding Goodwill": 0.0,
        "Net Income From Continuing Operation Net Minority Interest": -8435100.0,
        "Reconciled Depreciation": 399100.0,
        "EBIT": -8432400.0,
        "Net Interest Income": -2700.0,
        "Interest Expense": 2700.0,
        "Normalized Income": -8435100.0,
        "Net Income From Continuing And Discontinued Operation": -8435100.0,
        "Total Expenses": 8432400.0,
        "Total Operating Income As Reported": -8432400.0,
        "Diluted Average Shares": 524402.0,
        "Basic Average Shares": 524402.0,
        "Diluted EPS": -16.2,
        "Basic EPS": -16.2,
        "Diluted NI Availto Com Stockholders": -8521000.0,
        "Net Income Common Stockholders": -8521000.0,
        "Otherunder Preferred Stock Dividend": 85900.0,
        "Net Income": -8435100.0,
        "Net Income Including Noncontrolling Interests": -8435100.0,
        "Net Income Continuous Operations": -8435100.0,
        "Pretax Income": -8435100.0,
        "Other Income Expense": NaN,
        "Special Income Charges": 0.0,
        "Other Special Charges": NaN,
        "Net Non Operating Interest Income Expense": -2700.0,
        "Total Other Finance Cost": NaN,
        "Interest Expense Non Operating": 2700.0,
        "Operating Income": -8432400.0,
        "Operating Expense": 8432400.0,
        "Research And Development": 3880700.0,
        "Selling General And Administration": 4551700.0,
        "General And Administrative Expense": 4551700.0,
        "Other Gand A": 4551700.0,
        "Total Revenue": 0.0,
        "Operating Revenue": 0.0,
        "Gross Profit": NaN
    },
    "2022-03-31": {
        "Diluted EPS": -14.39,
        "Total Revenue": NaN,
        "Gross Profit": NaN,
        "Operating Income": -7,
        "EBIT": -7,
        "Net Income": -7
    },
    "2021-12-31": {
        "Diluted EPS": -19.47,
        "Total Revenue": NaN,
        "Gross Profit": NaN,
        "Operating Income": -11,
        "EBIT": -11,
        "Net Income": -11
    },
    "2021-09-30": {
        "Diluted EPS": -12.01,
        "Total Revenue": NaN,
        "Gross Profit": NaN,
        "Operating Income": -6,
        "EBIT": -6,
        "Net Income": -6
    },
    "2021-06-30": {
        "Diluted EPS": -20.42,
        "Total Revenue": NaN,
        "Gross Profit": NaN,
        "Operating Income": -5,
        "EBIT": -5,
        "Net Income": -5
    },
    "2021-03-31": {
        "Diluted EPS": -15.92,
        "Total Revenue": NaN,
        "Gross Profit": NaN,
        "Operating Income": -4,
        "EBIT": -4,
        "Net Income": -4
    },
    "2020-12-31": {
        "Diluted EPS": 19.22,
        "Total Revenue": NaN,
        "Gross Profit": NaN,
        "Operating Income": -4,
        "EBIT": -3,
        "Net Income": -4
    },
    "2020-09-30": {
        "Diluted EPS": -14.41,
        "Total Revenue": NaN,
        "Gross Profit": NaN,
        "Operating Income": -2,
        "EBIT": -2,
        "Net Income": -2
    },
    "2020-06-30": {
        "Diluted EPS": -114.11,
        "Total Revenue": NaN,
        "Gross Profit": NaN,
        "Operating Income": -11,
        "EBIT": -11,
        "Net Income": -12
    },
    "2020-03-31": {
        "Diluted EPS": -23.42,
        "Total Revenue": NaN,
        "Gross Profit": NaN,
        "Operating Income": -2,
        "EBIT": -2,
        "Net Income": -2
    },
    "2019-12-31": {
        "Diluted EPS": 0.0,
        "Total Revenue": NaN,
        "Gross Profit": NaN,
        "Operating Income": NaN,
        "EBIT": NaN,
        "Net Income": NaN
    },
    "2019-09-30": {
        "Diluted EPS": -9.61,
        "Total Revenue": NaN,
        "Gross Profit": NaN,
        "Operating Income": -1,
        "EBIT": -1,
        "Net Income": -1
    }
}