{
    "2023-03-31": {
        "Tax Effect Of Unusual Items": NaN,
        "Tax Rate For Calcs": NaN,
        "Normalized EBITDA": NaN,
        "Total Unusual Items": 0.0,
        "Total Unusual Items Excluding Goodwill": 0.0,
        "Net Income From Continuing Operation Net Minority Interest": NaN,
        "Reconciled Depreciation": NaN,
        "EBITDA": NaN,
        "EBIT": NaN,
        "Net Interest Income": NaN,
        "Interest Income": NaN,
        "Normalized Income": NaN,
        "Net Income From Continuing And Discontinued Operation": NaN,
        "Total Expenses": NaN,
        "Total Operating Income As Reported": NaN,
        "Diluted Average Shares": 57147000.0,
        "Basic Average Shares": 57147000.0,
        "Diluted EPS": -0.46,
        "Basic EPS": -0.46,
        "Diluted NI Availto Com Stockholders": NaN,
        "Net Income Common Stockholders": NaN,
        "Net Income": NaN,
        "Net Income Including Noncontrolling Interests": NaN,
        "Net Income Continuous Operations": NaN,
        "Pretax Income": NaN,
        "Other Income Expense": NaN,
        "Special Income Charges": 0.0,
        "Net Non Operating Interest Income Expense": NaN,
        "Interest Income Non Operating": NaN,
        "Operating Income": NaN,
        "Operating Expense": NaN,
        "Research And Development": NaN,
        "Selling General And Administration": NaN,
        "General And Administrative Expense": NaN,
        "Other Gand A": NaN,
        "Total Revenue": NaN,
        "Operating Revenue": NaN
    },
    "2022-12-31": {
        "Tax Effect Of Unusual Items": NaN,
        "Tax Rate For Calcs": NaN,
        "Normalized EBITDA": NaN,
        "Total Unusual Items": NaN,
        "Total Unusual Items Excluding Goodwill": NaN,
        "Net Income From Continuing Operation Net Minority Interest": NaN,
        "Reconciled Depreciation": NaN,
        "EBITDA": NaN,
        "EBIT": NaN,
        "Net Interest Income": NaN,
        "Interest Income": NaN,
        "Normalized Income": NaN,
        "Net Income From Continuing And Discontinued Operation": NaN,
        "Total Expenses": NaN,
        "Total Operating Income As Reported": NaN,
        "Diluted Average Shares": 56522785.0,
        "Basic Average Shares": 56522785.0,
        "Diluted EPS": -0.56,
        "Basic EPS": -0.56,
        "Diluted NI Availto Com Stockholders": NaN,
        "Net Income Common Stockholders": NaN,
        "Net Income": NaN,
        "Net Income Including Noncontrolling Interests": NaN,
        "Net Income Continuous Operations": NaN,
        "Pretax Income": NaN,
        "Other Income Expense": NaN,
        "Special Income Charges": NaN,
        "Net Non Operating Interest Income Expense": NaN,
        "Interest Income Non Operating": NaN,
        "Operating Income": NaN,
        "Operating Expense": NaN,
        "Research And Development": NaN,
        "Selling General And Administration": NaN,
        "General And Administrative Expense": NaN,
        "Other Gand A": NaN,
        "Total Revenue": NaN,
        "Operating Revenue": NaN
    },
    "2022-09-30": {
        "Tax Effect Of Unusual Items": 0.0,
        "Tax Rate For Calcs": 0.0,
        "Normalized EBITDA": -33538000.0,
        "Net Income From Continuing Operation Net Minority Interest": -32256000.0,
        "Reconciled Depreciation": 571000.0,
        "EBITDA": -33538000.0,
        "EBIT": -33538000.0,
        "Net Interest Income": 1282000.0,
        "Interest Income": 1282000.0,
        "Normalized Income": -32256000.0,
        "Net Income From Continuing And Discontinued Operation": -32256000.0,
        "Total Expenses": 33538000.0,
        "Total Operating Income As Reported": -33538000.0,
        "Diluted Average Shares": 56318571.0,
        "Basic Average Shares": 56318571.0,
        "Diluted EPS": -0.57,
        "Basic EPS": -0.57,
        "Diluted NI Availto Com Stockholders": -32256000.0,
        "Net Income Common Stockholders": -32256000.0,
        "Net Income": -32256000.0,
        "Net Income Including Noncontrolling Interests": -32256000.0,
        "Net Income Continuous Operations": -32256000.0,
        "Pretax Income": -32256000.0,
        "Net Non Operating Interest Income Expense": 1282000.0,
        "Interest Income Non Operating": 1282000.0,
        "Operating Income": -33538000.0,
        "Operating Expense": 33538000.0,
        "Research And Development": 23403000.0,
        "Selling General And Administration": 10135000.0,
        "General And Administrative Expense": 10135000.0,
        "Other Gand A": 10135000.0,
        "Total Revenue": 0.0,
        "Operating Revenue": 0.0
    },
    "2022-06-30": {
        "Tax Effect Of Unusual Items": 0.0,
        "Tax Rate For Calcs": 0.0,
        "Normalized EBITDA": -32966000.0,
        "Net Income From Continuing Operation Net Minority Interest": -32903000.0,
        "Reconciled Depreciation": 564000.0,
        "EBITDA": -32966000.0,
        "EBIT": -33530000.0,
        "Net Interest Income": 627000.0,
        "Interest Income": 627000.0,
        "Normalized Income": -32903000.0,
        "Net Income From Continuing And Discontinued Operation": -32903000.0,
        "Total Expenses": 33530000.0,
        "Total Operating Income As Reported": -33530000.0,
        "Diluted Average Shares": 56116070.0,
        "Basic Average Shares": 56116070.0,
        "Diluted EPS": -0.59,
        "Basic EPS": -0.59,
        "Diluted NI Availto Com Stockholders": -32903000.0,
        "Net Income Common Stockholders": -32903000.0,
        "Net Income": -32903000.0,
        "Net Income Including Noncontrolling Interests": -32903000.0,
        "Net Income Continuous Operations": -32903000.0,
        "Pretax Income": -32903000.0,
        "Net Non Operating Interest Income Expense": 627000.0,
        "Interest Income Non Operating": 627000.0,
        "Operating Income": -33530000.0,
        "Operating Expense": 33530000.0,
        "Research And Development": 22706000.0,
        "Selling General And Administration": 10824000.0,
        "General And Administrative Expense": 10824000.0,
        "Other Gand A": 10824000.0,
        "Total Revenue": 0.0,
        "Operating Revenue": 0.0
    },
    "2022-03-31": {
        "Diluted EPS": -0.65,
        "Total Revenue": NaN,
        "Gross Profit": NaN,
        "Operating Income": -36,
        "EBIT": -35,
        "Net Income": -36
    },
    "2021-12-31": {
        "Diluted EPS": -1.14,
        "Total Revenue": NaN,
        "Gross Profit": NaN,
        "Operating Income": -62,
        "EBIT": -61,
        "Net Income": -62
    },
    "2021-09-30": {
        "Diluted EPS": -0.61,
        "Total Revenue": NaN,
        "Gross Profit": NaN,
        "Operating Income": -34,
        "EBIT": -32,
        "Net Income": -34
    },
    "2021-06-30": {
        "Diluted EPS": -0.53,
        "Total Revenue": NaN,
        "Gross Profit": NaN,
        "Operating Income": -29,
        "EBIT": -28,
        "Net Income": -29
    },
    "2021-03-31": {
        "Diluted EPS": -0.48,
        "Total Revenue": NaN,
        "Gross Profit": NaN,
        "Operating Income": -26,
        "EBIT": -25,
        "Net Income": -26
    },
    "2020-12-31": {
        "Diluted EPS": -0.7,
        "Total Revenue": NaN,
        "Gross Profit": NaN,
        "Operating Income": -21,
        "EBIT": -21,
        "Net Income": -33
    },
    "2020-09-30": {
        "Diluted EPS": -6.48,
        "Total Revenue": NaN,
        "Gross Profit": NaN,
        "Operating Income": -21,
        "EBIT": -21,
        "Net Income": -40
    },
    "2020-06-30": {
        "Diluted EPS": -1.47,
        "Total Revenue": NaN,
        "Gross Profit": NaN,
        "Operating Income": -9,
        "EBIT": -9,
        "Net Income": -9
    },
    "2020-03-31": {
        "Diluted EPS": -1.23,
        "Total Revenue": NaN,
        "Gross Profit": NaN,
        "Operating Income": -7,
        "EBIT": -7,
        "Net Income": -7
    },
    "2019-12-31": {
        "Diluted EPS": 0.0,
        "Total Revenue": NaN,
        "Gross Profit": NaN,
        "Operating Income": NaN,
        "EBIT": NaN,
        "Net Income": NaN
    },
    "2018-12-31": {
        "Diluted EPS": 0.0,
        "Total Revenue": NaN,
        "Gross Profit": NaN,
        "Operating Income": NaN,
        "EBIT": NaN,
        "Net Income": NaN
    },
    "2023-06-30": {
        "Tax Effect Of Unusual Items": NaN,
        "Tax Rate For Calcs": NaN,
        "Normalized EBITDA": NaN,
        "Total Unusual Items": -2916000.0,
        "Total Unusual Items Excluding Goodwill": -2916000.0,
        "Net Income From Continuing Operation Net Minority Interest": NaN,
        "Reconciled Depreciation": NaN,
        "EBITDA": NaN,
        "EBIT": NaN,
        "Net Interest Income": NaN,
        "Interest Income": NaN,
        "Normalized Income": NaN,
        "Net Income From Continuing And Discontinued Operation": NaN,
        "Total Expenses": NaN,
        "Total Operating Income As Reported": NaN,
        "Diluted Average Shares": 57397931.0,
        "Basic Average Shares": 57397931.0,
        "Diluted EPS": -0.52,
        "Basic EPS": -0.52,
        "Diluted NI Availto Com Stockholders": NaN,
        "Net Income Common Stockholders": NaN,
        "Net Income": NaN,
        "Net Income Including Noncontrolling Interests": NaN,
        "Net Income Continuous Operations": NaN,
        "Pretax Income": NaN,
        "Other Income Expense": -2916000.0,
        "Special Income Charges": -2916000.0,
        "Net Non Operating Interest Income Expense": NaN,
        "Interest Income Non Operating": NaN,
        "Operating Income": NaN,
        "Operating Expense": NaN,
        "Research And Development": NaN,
        "Selling General And Administration": NaN,
        "General And Administrative Expense": NaN,
        "Other Gand A": NaN,
        "Total Revenue": NaN,
        "Operating Revenue": NaN
    },
    "2023-09-30": {
        "Tax Effect Of Unusual Items": 0.0,
        "Tax Rate For Calcs": 0.0,
        "Normalized EBITDA": -33315000.0,
        "Total Unusual Items": 0.0,
        "Total Unusual Items Excluding Goodwill": 0.0,
        "Net Income From Continuing Operation Net Minority Interest": -31374000.0,
        "Reconciled Depreciation": 510000.0,
        "EBITDA": -33315000.0,
        "EBIT": -33825000.0,
        "Net Interest Income": 2451000.0,
        "Interest Income": 2451000.0,
        "Normalized Income": -31374000.0,
        "Net Income From Continuing And Discontinued Operation": -31374000.0,
        "Total Expenses": 34742000.0,
        "Total Operating Income As Reported": -33825000.0,
        "Diluted Average Shares": 58146306.0,
        "Basic Average Shares": 58146306.0,
        "Diluted EPS": -0.54,
        "Basic EPS": -0.54,
        "Diluted NI Availto Com Stockholders": -31374000.0,
        "Net Income Common Stockholders": -31374000.0,
        "Net Income": -31374000.0,
        "Net Income Including Noncontrolling Interests": -31374000.0,
        "Net Income Continuous Operations": -31374000.0,
        "Pretax Income": -31374000.0,
        "Other Income Expense": NaN,
        "Special Income Charges": 0.0,
        "Net Non Operating Interest Income Expense": 2451000.0,
        "Interest Income Non Operating": 2451000.0,
        "Operating Income": -33825000.0,
        "Operating Expense": 34742000.0,
        "Research And Development": 25344000.0,
        "Selling General And Administration": 9398000.0,
        "General And Administrative Expense": 9398000.0,
        "Other Gand A": 9398000.0,
        "Total Revenue": 917000.0,
        "Operating Revenue": 917000.0
    },
    "2023-12-31": {
        "Tax Effect Of Unusual Items": 0.0,
        "Tax Rate For Calcs": 0.0,
        "Normalized EBITDA": -26866000.0,
        "Total Unusual Items": NaN,
        "Total Unusual Items Excluding Goodwill": NaN,
        "Net Income From Continuing Operation Net Minority Interest": -25320000.0,
        "Reconciled Depreciation": 478000.0,
        "EBITDA": -26866000.0,
        "EBIT": -27344000.0,
        "Net Interest Income": 2024000.0,
        "Interest Income": 2024000.0,
        "Normalized Income": -25320000.0,
        "Net Income From Continuing And Discontinued Operation": -25320000.0,
        "Total Expenses": 29630000.0,
        "Total Operating Income As Reported": -27344000.0,
        "Diluted Average Shares": NaN,
        "Basic Average Shares": NaN,
        "Diluted EPS": NaN,
        "Basic EPS": NaN,
        "Diluted NI Availto Com Stockholders": -25320000.0,
        "Net Income Common Stockholders": -25320000.0,
        "Net Income": -25320000.0,
        "Net Income Including Noncontrolling Interests": -25320000.0,
        "Net Income Continuous Operations": -25320000.0,
        "Pretax Income": -25320000.0,
        "Other Income Expense": NaN,
        "Special Income Charges": NaN,
        "Net Non Operating Interest Income Expense": 2024000.0,
        "Interest Income Non Operating": 2024000.0,
        "Operating Income": -27344000.0,
        "Operating Expense": 29630000.0,
        "Research And Development": 18704000.0,
        "Selling General And Administration": 10926000.0,
        "General And Administrative Expense": 10926000.0,
        "Other Gand A": 10926000.0,
        "Total Revenue": 2286000.0,
        "Operating Revenue": 2286000.0
    },
    "2024-03-31": {
        "Tax Effect Of Unusual Items": 0.0,
        "Tax Rate For Calcs": 0.0,
        "Normalized EBITDA": -5947000.0,
        "Total Unusual Items": -12786000.0,
        "Total Unusual Items Excluding Goodwill": -12786000.0,
        "Net Income From Continuing Operation Net Minority Interest": -29958000.0,
        "Reconciled Depreciation": 475000.0,
        "EBITDA": -18733000.0,
        "EBIT": -19208000.0,
        "Net Interest Income": 2036000.0,
        "Interest Income": 2036000.0,
        "Normalized Income": -17172000.0,
        "Net Income From Continuing And Discontinued Operation": -29958000.0,
        "Total Expenses": 21728000.0,
        "Total Operating Income As Reported": -31994000.0,
        "Diluted Average Shares": 59521000.0,
        "Basic Average Shares": 59521000.0,
        "Diluted EPS": -0.5,
        "Basic EPS": -0.5,
        "Diluted NI Availto Com Stockholders": -29958000.0,
        "Net Income Common Stockholders": -29958000.0,
        "Net Income": -29958000.0,
        "Net Income Including Noncontrolling Interests": -29958000.0,
        "Net Income Continuous Operations": -29958000.0,
        "Pretax Income": -29958000.0,
        "Other Income Expense": -12786000.0,
        "Special Income Charges": -12786000.0,
        "Net Non Operating Interest Income Expense": 2036000.0,
        "Interest Income Non Operating": 2036000.0,
        "Operating Income": -19208000.0,
        "Operating Expense": 21728000.0,
        "Research And Development": 14222000.0,
        "Selling General And Administration": 7506000.0,
        "General And Administrative Expense": 7506000.0,
        "Other Gand A": 7506000.0,
        "Total Revenue": 2520000.0,
        "Operating Revenue": 2520000.0
    },
    "2024-06-30": {
        "Tax Effect Of Unusual Items": 0.0,
        "Tax Rate For Calcs": 0.0,
        "Normalized EBITDA": -16447000.0,
        "Total Unusual Items": -578000.0,
        "Total Unusual Items Excluding Goodwill": -578000.0,
        "Net Income From Continuing Operation Net Minority Interest": -16200000.0,
        "Reconciled Depreciation": 420000.0,
        "EBITDA": -17025000.0,
        "EBIT": -17445000.0,
        "Net Interest Income": 1823000.0,
        "Interest Income": 1823000.0,
        "Normalized Income": -15622000.0,
        "Net Income From Continuing And Discontinued Operation": -16200000.0,
        "Total Expenses": 20133000.0,
        "Total Operating Income As Reported": -18023000.0,
        "Diluted Average Shares": 60099651.0,
        "Basic Average Shares": 60099651.0,
        "Diluted EPS": -0.27,
        "Basic EPS": -0.27,
        "Diluted NI Availto Com Stockholders": -16200000.0,
        "Net Income Common Stockholders": -16200000.0,
        "Net Income": -16200000.0,
        "Net Income Including Noncontrolling Interests": -16200000.0,
        "Net Income Continuous Operations": -16200000.0,
        "Pretax Income": -16200000.0,
        "Other Income Expense": -578000.0,
        "Special Income Charges": -578000.0,
        "Net Non Operating Interest Income Expense": 1823000.0,
        "Interest Income Non Operating": 1823000.0,
        "Operating Income": -17445000.0,
        "Operating Expense": 20133000.0,
        "Research And Development": 13765000.0,
        "Selling General And Administration": 6368000.0,
        "General And Administrative Expense": 6368000.0,
        "Other Gand A": 6368000.0,
        "Total Revenue": 2688000.0,
        "Operating Revenue": 2688000.0
    },
    "2024-09-30": {
        "Tax Effect Of Unusual Items": 0.0,
        "Tax Rate For Calcs": 0.0,
        "Normalized EBITDA": -15304000.0,
        "Total Unusual Items": 0.0,
        "Total Unusual Items Excluding Goodwill": 0.0,
        "Net Income From Continuing Operation Net Minority Interest": -14108000.0,
        "Reconciled Depreciation": 412000.0,
        "EBITDA": -15304000.0,
        "EBIT": -15716000.0,
        "Net Interest Income": 1608000.0,
        "Interest Income": 1608000.0,
        "Normalized Income": -14108000.0,
        "Net Income From Continuing And Discontinued Operation": -14108000.0,
        "Total Expenses": 18086000.0,
        "Total Operating Income As Reported": -15716000.0,
        "Diluted Average Shares": 60311599.0,
        "Basic Average Shares": 60311599.0,
        "Diluted EPS": -0.23,
        "Basic EPS": -0.23,
        "Diluted NI Availto Com Stockholders": -14108000.0,
        "Net Income Common Stockholders": -14108000.0,
        "Net Income": -14108000.0,
        "Net Income Including Noncontrolling Interests": -14108000.0,
        "Net Income Continuous Operations": -14108000.0,
        "Pretax Income": -14108000.0,
        "Other Income Expense": NaN,
        "Special Income Charges": 0.0,
        "Net Non Operating Interest Income Expense": 1608000.0,
        "Interest Income Non Operating": 1608000.0,
        "Operating Income": -15716000.0,
        "Operating Expense": 18086000.0,
        "Research And Development": 12268000.0,
        "Selling General And Administration": 5818000.0,
        "General And Administrative Expense": 5818000.0,
        "Other Gand A": 5818000.0,
        "Total Revenue": 2370000.0,
        "Operating Revenue": 2370000.0
    }
}