{
    "2023-03-31": {
        "Tax Effect Of Unusual Items": NaN,
        "Tax Rate For Calcs": NaN,
        "Normalized EBITDA": NaN,
        "Total Unusual Items": NaN,
        "Total Unusual Items Excluding Goodwill": NaN,
        "Net Income From Continuing Operation Net Minority Interest": NaN,
        "Reconciled Depreciation": NaN,
        "Reconciled Cost Of Revenue": NaN,
        "EBITDA": NaN,
        "EBIT": NaN,
        "Net Interest Income": NaN,
        "Interest Expense": NaN,
        "Interest Income": NaN,
        "Normalized Income": NaN,
        "Net Income From Continuing And Discontinued Operation": NaN,
        "Total Expenses": NaN,
        "Total Operating Income As Reported": NaN,
        "Diluted Average Shares": 25712000.0,
        "Basic Average Shares": 25712000.0,
        "Diluted EPS": -1.76,
        "Basic EPS": -1.76,
        "Diluted NI Availto Com Stockholders": NaN,
        "Net Income Common Stockholders": NaN,
        "Net Income": NaN,
        "Net Income Including Noncontrolling Interests": NaN,
        "Net Income Continuous Operations": NaN,
        "Tax Provision": NaN,
        "Pretax Income": NaN,
        "Other Income Expense": -12500000.0,
        "Special Income Charges": NaN,
        "Other Special Charges": 12500000.0,
        "Net Non Operating Interest Income Expense": NaN,
        "Total Other Finance Cost": NaN,
        "Interest Expense Non Operating": NaN,
        "Interest Income Non Operating": NaN,
        "Operating Income": NaN,
        "Operating Expense": NaN,
        "Research And Development": NaN,
        "Selling General And Administration": NaN,
        "General And Administrative Expense": 24035000.0,
        "Other Gand A": 24035000.0,
        "Gross Profit": NaN,
        "Cost Of Revenue": NaN,
        "Total Revenue": NaN,
        "Operating Revenue": NaN
    },
    "2022-12-31": {
        "Tax Effect Of Unusual Items": NaN,
        "Tax Rate For Calcs": NaN,
        "Normalized EBITDA": NaN,
        "Total Unusual Items": NaN,
        "Total Unusual Items Excluding Goodwill": NaN,
        "Net Income From Continuing Operation Net Minority Interest": NaN,
        "Reconciled Depreciation": NaN,
        "Reconciled Cost Of Revenue": NaN,
        "EBITDA": NaN,
        "EBIT": NaN,
        "Net Interest Income": NaN,
        "Interest Expense": 0.0,
        "Interest Income": NaN,
        "Normalized Income": NaN,
        "Net Income From Continuing And Discontinued Operation": NaN,
        "Total Expenses": NaN,
        "Total Operating Income As Reported": NaN,
        "Diluted Average Shares": NaN,
        "Basic Average Shares": NaN,
        "Diluted EPS": NaN,
        "Basic EPS": NaN,
        "Diluted NI Availto Com Stockholders": NaN,
        "Net Income Common Stockholders": NaN,
        "Net Income": NaN,
        "Net Income Including Noncontrolling Interests": NaN,
        "Net Income Continuous Operations": NaN,
        "Tax Provision": NaN,
        "Pretax Income": NaN,
        "Other Income Expense": NaN,
        "Special Income Charges": NaN,
        "Other Special Charges": NaN,
        "Net Non Operating Interest Income Expense": NaN,
        "Total Other Finance Cost": NaN,
        "Interest Expense Non Operating": 0.0,
        "Interest Income Non Operating": NaN,
        "Operating Income": NaN,
        "Operating Expense": NaN,
        "Research And Development": NaN,
        "Selling General And Administration": NaN,
        "General And Administrative Expense": 24030000.0,
        "Other Gand A": 24030000.0,
        "Gross Profit": NaN,
        "Cost Of Revenue": NaN,
        "Total Revenue": NaN,
        "Operating Revenue": NaN
    },
    "2022-09-30": {
        "Tax Effect Of Unusual Items": NaN,
        "Tax Rate For Calcs": NaN,
        "Normalized EBITDA": NaN,
        "Total Unusual Items": NaN,
        "Total Unusual Items Excluding Goodwill": NaN,
        "Net Income From Continuing Operation Net Minority Interest": NaN,
        "Reconciled Depreciation": NaN,
        "Reconciled Cost Of Revenue": 0.0,
        "EBITDA": NaN,
        "EBIT": NaN,
        "Net Interest Income": NaN,
        "Interest Expense": 0.0,
        "Interest Income": NaN,
        "Normalized Income": NaN,
        "Net Income From Continuing And Discontinued Operation": NaN,
        "Total Expenses": NaN,
        "Total Operating Income As Reported": NaN,
        "Diluted Average Shares": 25619125.0,
        "Basic Average Shares": 25619125.0,
        "Diluted EPS": -1.17,
        "Basic EPS": -1.17,
        "Diluted NI Availto Com Stockholders": NaN,
        "Net Income Common Stockholders": NaN,
        "Net Income": NaN,
        "Net Income Including Noncontrolling Interests": NaN,
        "Net Income Continuous Operations": NaN,
        "Pretax Income": NaN,
        "Other Income Expense": NaN,
        "Special Income Charges": NaN,
        "Other Special Charges": NaN,
        "Net Non Operating Interest Income Expense": NaN,
        "Total Other Finance Cost": NaN,
        "Interest Expense Non Operating": 0.0,
        "Interest Income Non Operating": NaN,
        "Operating Income": NaN,
        "Operating Expense": NaN,
        "Research And Development": NaN,
        "Selling General And Administration": NaN,
        "General And Administrative Expense": 19935000.0,
        "Other Gand A": 19935000.0,
        "Gross Profit": 0.0,
        "Cost Of Revenue": 0.0,
        "Total Revenue": NaN,
        "Operating Revenue": NaN
    },
    "2022-06-30": {
        "Tax Effect Of Unusual Items": 0.0,
        "Tax Rate For Calcs": 0.0,
        "Normalized EBITDA": -27132000.0,
        "Total Unusual Items": 0.0,
        "Total Unusual Items Excluding Goodwill": 0.0,
        "Net Income From Continuing Operation Net Minority Interest": -28108000.0,
        "Reconciled Depreciation": 976000.0,
        "EBITDA": -27132000.0,
        "EBIT": -28108000.0,
        "Net Interest Income": 645000.0,
        "Interest Expense": 0.0,
        "Interest Income": 645000.0,
        "Normalized Income": -28108000.0,
        "Net Income From Continuing And Discontinued Operation": -28108000.0,
        "Total Expenses": 28753000.0,
        "Total Operating Income As Reported": -28753000.0,
        "Diluted Average Shares": 25545167.0,
        "Basic Average Shares": 25545167.0,
        "Diluted EPS": -1.1,
        "Basic EPS": -1.1,
        "Diluted NI Availto Com Stockholders": -28108000.0,
        "Net Income Common Stockholders": -28108000.0,
        "Net Income": -28108000.0,
        "Net Income Including Noncontrolling Interests": -28108000.0,
        "Net Income Continuous Operations": -28108000.0,
        "Pretax Income": -28108000.0,
        "Other Income Expense": NaN,
        "Special Income Charges": 0.0,
        "Other Special Charges": NaN,
        "Net Non Operating Interest Income Expense": 645000.0,
        "Total Other Finance Cost": NaN,
        "Interest Expense Non Operating": 0.0,
        "Interest Income Non Operating": 645000.0,
        "Operating Income": -28753000.0,
        "Operating Expense": 28753000.0,
        "Research And Development": 10890000.0,
        "Selling General And Administration": 17863000.0,
        "General And Administrative Expense": 17863000.0,
        "Other Gand A": 17863000.0,
        "Total Revenue": 0.0,
        "Operating Revenue": 0.0
    },
    "2022-03-31": {
        "Diluted EPS": -1.99,
        "Total Revenue": NaN,
        "Gross Profit": NaN,
        "Operating Income": -50,
        "EBIT": -49,
        "Net Income": -50
    },
    "2021-12-31": {
        "Diluted EPS": -0.95,
        "Total Revenue": NaN,
        "Gross Profit": NaN,
        "Operating Income": -22,
        "EBIT": -21,
        "Net Income": -22
    },
    "2021-09-30": {
        "Diluted EPS": -0.7,
        "Total Revenue": NaN,
        "Gross Profit": NaN,
        "Operating Income": -16,
        "EBIT": -15,
        "Net Income": -16
    },
    "2021-06-30": {
        "Diluted EPS": -0.74,
        "Total Revenue": NaN,
        "Gross Profit": NaN,
        "Operating Income": -16,
        "EBIT": -16,
        "Net Income": -16
    },
    "2021-03-31": {
        "Diluted EPS": -0.74,
        "Total Revenue": NaN,
        "Gross Profit": NaN,
        "Operating Income": -14,
        "EBIT": -14,
        "Net Income": -16
    },
    "2020-12-31": {
        "Diluted EPS": -0.54,
        "Total Revenue": NaN,
        "Gross Profit": NaN,
        "Operating Income": -10,
        "EBIT": -10,
        "Net Income": -10
    },
    "2020-09-30": {
        "Diluted EPS": -0.49,
        "Total Revenue": NaN,
        "Gross Profit": NaN,
        "Operating Income": -10,
        "EBIT": -9,
        "Net Income": -10
    },
    "2020-06-30": {
        "Diluted EPS": -0.37,
        "Total Revenue": NaN,
        "Gross Profit": NaN,
        "Operating Income": -7,
        "EBIT": -6,
        "Net Income": -7
    },
    "2020-03-31": {
        "Diluted EPS": -0.31,
        "Total Revenue": NaN,
        "Gross Profit": NaN,
        "Operating Income": -6,
        "EBIT": -6,
        "Net Income": -5
    },
    "2019-12-31": {
        "Diluted EPS": -0.29,
        "Total Revenue": NaN,
        "Gross Profit": NaN,
        "Operating Income": -6,
        "EBIT": -6,
        "Net Income": -5
    },
    "2019-09-30": {
        "Diluted EPS": -0.25,
        "Total Revenue": NaN,
        "Gross Profit": NaN,
        "Operating Income": -5,
        "EBIT": -5,
        "Net Income": -4
    },
    "2019-06-30": {
        "Diluted EPS": -0.37,
        "Total Revenue": NaN,
        "Gross Profit": NaN,
        "Operating Income": -6,
        "EBIT": -6,
        "Net Income": -5
    },
    "2019-03-31": {
        "Diluted EPS": -0.29,
        "Total Revenue": NaN,
        "Gross Profit": NaN,
        "Operating Income": -5,
        "EBIT": -4,
        "Net Income": -4
    },
    "2018-12-31": {
        "Diluted EPS": -0.28,
        "Total Revenue": NaN,
        "Gross Profit": NaN,
        "Operating Income": -4,
        "EBIT": -4,
        "Net Income": -4
    },
    "2018-09-30": {
        "Diluted EPS": -0.26,
        "Total Revenue": NaN,
        "Gross Profit": NaN,
        "Operating Income": -3,
        "EBIT": -3,
        "Net Income": -3
    },
    "2018-06-30": {
        "Diluted EPS": -0.22,
        "Total Revenue": NaN,
        "Gross Profit": NaN,
        "Operating Income": -2,
        "EBIT": -2,
        "Net Income": -2
    },
    "2018-03-31": {
        "Diluted EPS": -0.21,
        "Total Revenue": NaN,
        "Gross Profit": NaN,
        "Operating Income": -2,
        "EBIT": -2,
        "Net Income": -2
    },
    "2017-12-31": {
        "Diluted EPS": 0.14,
        "Total Revenue": NaN,
        "Gross Profit": NaN,
        "Operating Income": -1,
        "EBIT": -1,
        "Net Income": -1
    },
    "2017-09-30": {
        "Diluted EPS": -1.26,
        "Total Revenue": NaN,
        "Gross Profit": NaN,
        "Operating Income": -2,
        "EBIT": -2,
        "Net Income": -5
    },
    "2017-06-30": {
        "Diluted EPS": -0.22,
        "Total Revenue": NaN,
        "Gross Profit": NaN,
        "Operating Income": -1,
        "EBIT": -1,
        "Net Income": -1
    },
    "2017-03-31": {
        "Diluted EPS": -0.14,
        "Total Revenue": NaN,
        "Gross Profit": NaN,
        "Operating Income": 0,
        "EBIT": 0,
        "Net Income": 0
    },
    "2016-12-31": {
        "Diluted EPS": 0.0,
        "Total Revenue": NaN,
        "Gross Profit": NaN,
        "Operating Income": NaN,
        "EBIT": NaN,
        "Net Income": NaN
    },
    "2016-09-30": {
        "Diluted EPS": -8.48,
        "Total Revenue": NaN,
        "Gross Profit": NaN,
        "Operating Income": 0,
        "EBIT": 0,
        "Net Income": 0
    },
    "2023-06-30": {
        "Tax Effect Of Unusual Items": 0.0,
        "Tax Rate For Calcs": 0.0,
        "Normalized EBITDA": -36570000.0,
        "Total Unusual Items": 0.0,
        "Total Unusual Items Excluding Goodwill": 0.0,
        "Net Income From Continuing Operation Net Minority Interest": -33210000.0,
        "Reconciled Depreciation": 1478000.0,
        "Reconciled Cost Of Revenue": 0.0,
        "EBITDA": -36570000.0,
        "EBIT": -38048000.0,
        "Net Interest Income": 4838000.0,
        "Interest Expense": NaN,
        "Interest Income": 4838000.0,
        "Normalized Income": -33210000.0,
        "Net Income From Continuing And Discontinued Operation": -33210000.0,
        "Total Expenses": 38048000.0,
        "Total Operating Income As Reported": -38048000.0,
        "Diluted Average Shares": 26657000.0,
        "Basic Average Shares": 26657000.0,
        "Diluted EPS": -1.25,
        "Basic EPS": -1.25,
        "Diluted NI Availto Com Stockholders": -33210000.0,
        "Net Income Common Stockholders": -33210000.0,
        "Net Income": -33210000.0,
        "Net Income Including Noncontrolling Interests": -33210000.0,
        "Net Income Continuous Operations": -33210000.0,
        "Tax Provision": 0.0,
        "Pretax Income": -33210000.0,
        "Other Income Expense": NaN,
        "Special Income Charges": 0.0,
        "Other Special Charges": NaN,
        "Net Non Operating Interest Income Expense": 4838000.0,
        "Total Other Finance Cost": -4838000.0,
        "Interest Expense Non Operating": NaN,
        "Interest Income Non Operating": 4838000.0,
        "Operating Income": -38048000.0,
        "Operating Expense": 38048000.0,
        "Research And Development": 12144000.0,
        "Selling General And Administration": 25904000.0,
        "General And Administrative Expense": 25904000.0,
        "Other Gand A": 25904000.0,
        "Gross Profit": 0.0,
        "Cost Of Revenue": 0.0,
        "Total Revenue": 0.0,
        "Operating Revenue": 0.0
    },
    "2023-09-30": {
        "Tax Effect Of Unusual Items": 21000000.0,
        "Tax Rate For Calcs": 0.21,
        "Normalized EBITDA": -125993000.0,
        "Total Unusual Items": 100000000.0,
        "Total Unusual Items Excluding Goodwill": 100000000.0,
        "Net Income From Continuing Operation Net Minority Interest": 80747000.0,
        "Reconciled Depreciation": -220000.0,
        "Reconciled Cost Of Revenue": 223000.0,
        "EBITDA": -25993000.0,
        "EBIT": -25993000.0,
        "Net Interest Income": 6740000.0,
        "Interest Expense": NaN,
        "Interest Income": 6740000.0,
        "Normalized Income": 1747000.0,
        "Net Income From Continuing And Discontinued Operation": 80747000.0,
        "Total Expenses": 34549000.0,
        "Total Operating Income As Reported": -25993000.0,
        "Diluted Average Shares": 28892226.0,
        "Basic Average Shares": 28042130.0,
        "Diluted EPS": 2.79,
        "Basic EPS": 2.88,
        "Diluted NI Availto Com Stockholders": 80747000.0,
        "Net Income Common Stockholders": 80747000.0,
        "Net Income": 80747000.0,
        "Net Income Including Noncontrolling Interests": 80747000.0,
        "Net Income Continuous Operations": 80747000.0,
        "Tax Provision": NaN,
        "Pretax Income": 80747000.0,
        "Other Income Expense": 100000000.0,
        "Special Income Charges": 100000000.0,
        "Other Special Charges": -100000000.0,
        "Net Non Operating Interest Income Expense": 6740000.0,
        "Total Other Finance Cost": NaN,
        "Interest Expense Non Operating": NaN,
        "Interest Income Non Operating": 6740000.0,
        "Operating Income": -25993000.0,
        "Operating Expense": 34326000.0,
        "Research And Development": 10629000.0,
        "Selling General And Administration": 23697000.0,
        "General And Administrative Expense": 23697000.0,
        "Other Gand A": 23697000.0,
        "Gross Profit": 8333000.0,
        "Cost Of Revenue": 223000.0,
        "Total Revenue": 8556000.0,
        "Operating Revenue": 8556000.0
    },
    "2023-12-31": {
        "Tax Effect Of Unusual Items": 0.0,
        "Tax Rate For Calcs": 0.21,
        "Normalized EBITDA": 115700000.0,
        "Total Unusual Items": 0.0,
        "Total Unusual Items Excluding Goodwill": 0.0,
        "Net Income From Continuing Operation Net Minority Interest": 8692000.0,
        "Reconciled Depreciation": 2438000.0,
        "Reconciled Cost Of Revenue": 2871000.0,
        "EBITDA": 115700000.0,
        "EBIT": 113262000.0,
        "Net Interest Income": 7519000.0,
        "Interest Expense": NaN,
        "Interest Income": 7519000.0,
        "Normalized Income": 8692000.0,
        "Net Income From Continuing And Discontinued Operation": 8692000.0,
        "Total Expenses": 39005000.0,
        "Total Operating Income As Reported": 3138000.0,
        "Diluted Average Shares": NaN,
        "Basic Average Shares": NaN,
        "Diluted EPS": NaN,
        "Basic EPS": NaN,
        "Diluted NI Availto Com Stockholders": 8692000.0,
        "Net Income Common Stockholders": 8692000.0,
        "Net Income": 8692000.0,
        "Net Income Including Noncontrolling Interests": 8692000.0,
        "Net Income Continuous Operations": 8692000.0,
        "Tax Provision": NaN,
        "Pretax Income": 10657000.0,
        "Other Income Expense": 0.0,
        "Special Income Charges": 0.0,
        "Other Special Charges": 0.0,
        "Net Non Operating Interest Income Expense": 7519000.0,
        "Total Other Finance Cost": NaN,
        "Interest Expense Non Operating": NaN,
        "Interest Income Non Operating": 7519000.0,
        "Operating Income": 3138000.0,
        "Operating Expense": 36134000.0,
        "Research And Development": 11370000.0,
        "Selling General And Administration": 24764000.0,
        "General And Administrative Expense": NaN,
        "Other Gand A": NaN,
        "Gross Profit": 39272000.0,
        "Cost Of Revenue": 2871000.0,
        "Total Revenue": 42143000.0,
        "Operating Revenue": 42143000.0
    },
    "2024-03-31": {
        "Tax Effect Of Unusual Items": -2625000.0,
        "Tax Rate For Calcs": 0.21,
        "Normalized EBITDA": 19925000.0,
        "Total Unusual Items": -12500000.0,
        "Total Unusual Items Excluding Goodwill": -12500000.0,
        "Net Income From Continuing Operation Net Minority Interest": 932000.0,
        "Reconciled Depreciation": 1609000.0,
        "Reconciled Cost Of Revenue": 2419000.0,
        "EBITDA": 7425000.0,
        "EBIT": 5816000.0,
        "Net Interest Income": 7616000.0,
        "Interest Expense": NaN,
        "Interest Income": 7616000.0,
        "Normalized Income": 10807000.0,
        "Net Income From Continuing And Discontinued Operation": 932000.0,
        "Total Expenses": 39434000.0,
        "Total Operating Income As Reported": -6684000.0,
        "Diluted Average Shares": 29291000.0,
        "Basic Average Shares": 28295000.0,
        "Diluted EPS": 0.03,
        "Basic EPS": 0.03,
        "Diluted NI Availto Com Stockholders": 932000.0,
        "Net Income Common Stockholders": 932000.0,
        "Net Income": 932000.0,
        "Net Income Including Noncontrolling Interests": 932000.0,
        "Net Income Continuous Operations": 932000.0,
        "Tax Provision": NaN,
        "Pretax Income": 932000.0,
        "Other Income Expense": -12500000.0,
        "Special Income Charges": -12500000.0,
        "Other Special Charges": 12500000.0,
        "Net Non Operating Interest Income Expense": 7616000.0,
        "Total Other Finance Cost": NaN,
        "Interest Expense Non Operating": NaN,
        "Interest Income Non Operating": 7616000.0,
        "Operating Income": 5816000.0,
        "Operating Expense": 37015000.0,
        "Research And Development": 10957000.0,
        "Selling General And Administration": 26058000.0,
        "General And Administrative Expense": NaN,
        "Other Gand A": NaN,
        "Gross Profit": 42831000.0,
        "Cost Of Revenue": 2419000.0,
        "Total Revenue": 45250000.0,
        "Operating Revenue": 45250000.0
    },
    "2024-06-30": {
        "Tax Effect Of Unusual Items": -371611.093799,
        "Tax Rate For Calcs": 0.029729,
        "Normalized EBITDA": 35587000.0,
        "Total Unusual Items": -12500000.0,
        "Total Unusual Items Excluding Goodwill": -12500000.0,
        "Net Income From Continuing Operation Net Minority Interest": 15568000.0,
        "Reconciled Depreciation": 2021000.0,
        "Reconciled Cost Of Revenue": 6009000.0,
        "EBITDA": 23087000.0,
        "EBIT": 21066000.0,
        "Net Interest Income": 7479000.0,
        "Interest Expense": NaN,
        "Interest Income": 7479000.0,
        "Normalized Income": 27696388.906201,
        "Net Income From Continuing And Discontinued Operation": 15568000.0,
        "Total Expenses": 49218000.0,
        "Total Operating Income As Reported": 8566000.0,
        "Diluted Average Shares": 29637000.0,
        "Basic Average Shares": 28598000.0,
        "Diluted EPS": 0.53,
        "Basic EPS": 0.54,
        "Diluted NI Availto Com Stockholders": 15568000.0,
        "Net Income Common Stockholders": 15568000.0,
        "Net Income": 15568000.0,
        "Net Income Including Noncontrolling Interests": 15568000.0,
        "Net Income Continuous Operations": 15568000.0,
        "Tax Provision": 477000.0,
        "Pretax Income": 16045000.0,
        "Other Income Expense": -12500000.0,
        "Special Income Charges": -12500000.0,
        "Other Special Charges": 12500000.0,
        "Net Non Operating Interest Income Expense": 7479000.0,
        "Total Other Finance Cost": NaN,
        "Interest Expense Non Operating": NaN,
        "Interest Income Non Operating": 7479000.0,
        "Operating Income": 21066000.0,
        "Operating Expense": 43209000.0,
        "Research And Development": 15583000.0,
        "Selling General And Administration": 27626000.0,
        "General And Administrative Expense": NaN,
        "Other Gand A": NaN,
        "Gross Profit": 64275000.0,
        "Cost Of Revenue": 6009000.0,
        "Total Revenue": 70284000.0,
        "Operating Revenue": 70284000.0
    }
}