{
    "2023-03-31": {
        "Tax Effect Of Unusual Items": 0.0,
        "Tax Rate For Calcs": 0.0,
        "Normalized EBITDA": -5863000.0,
        "Total Unusual Items": 4478000.0,
        "Total Unusual Items Excluding Goodwill": 4478000.0,
        "Net Income From Continuing Operation Net Minority Interest": -2444000.0,
        "Reconciled Depreciation": 557000.0,
        "Reconciled Cost Of Revenue": 3110000.0,
        "EBITDA": -1385000.0,
        "EBIT": -1942000.0,
        "Net Interest Income": -502000.0,
        "Interest Expense": 502000.0,
        "Normalized Income": -6922000.0,
        "Net Income From Continuing And Discontinued Operation": -2444000.0,
        "Total Expenses": 9274000.0,
        "Total Operating Income As Reported": -6521000.0,
        "Diluted Average Shares": 42746330.0,
        "Basic Average Shares": 42746330.0,
        "Diluted EPS": -0.06,
        "Basic EPS": -0.06,
        "Diluted NI Availto Com Stockholders": -2444000.0,
        "Net Income Common Stockholders": -2444000.0,
        "Net Income": -2444000.0,
        "Net Income Including Noncontrolling Interests": -2444000.0,
        "Net Income Continuous Operations": -2444000.0,
        "Tax Provision": 0.0,
        "Pretax Income": -2444000.0,
        "Other Income Expense": 4435000.0,
        "Other Non Operating Income Expenses": -43000.0,
        "Special Income Charges": -144000.0,
        "Restructuring And Mergern Acquisition": 144000.0,
        "Gain On Sale Of Security": 4622000.0,
        "Net Non Operating Interest Income Expense": -502000.0,
        "Total Other Finance Cost": NaN,
        "Interest Expense Non Operating": 502000.0,
        "Operating Income": -6377000.0,
        "Operating Expense": 6164000.0,
        "Research And Development": 1397000.0,
        "Selling General And Administration": 4767000.0,
        "Selling And Marketing Expense": 1128000.0,
        "General And Administrative Expense": 3639000.0,
        "Other Gand A": 3639000.0,
        "Salaries And Wages": NaN,
        "Gross Profit": -213000.0,
        "Cost Of Revenue": 3110000.0,
        "Total Revenue": 2897000.0,
        "Operating Revenue": 2897000.0
    },
    "2022-12-31": {
        "Tax Effect Of Unusual Items": 0.0,
        "Tax Rate For Calcs": 0.0,
        "Normalized EBITDA": 4690000.0,
        "Total Unusual Items": 2667000.0,
        "Total Unusual Items Excluding Goodwill": 2667000.0,
        "Net Income From Continuing Operation Net Minority Interest": -11676000.0,
        "Reconciled Depreciation": 553000.0,
        "Reconciled Cost Of Revenue": 3530000.0,
        "EBITDA": 7357000.0,
        "EBIT": 6804000.0,
        "Net Interest Income": -325000.0,
        "Interest Expense": NaN,
        "Normalized Income": -14343000.0,
        "Net Income From Continuing And Discontinued Operation": -11676000.0,
        "Total Expenses": 11106000.0,
        "Total Operating Income As Reported": -8756000.0,
        "Diluted Average Shares": NaN,
        "Basic Average Shares": NaN,
        "Diluted EPS": NaN,
        "Basic EPS": NaN,
        "Diluted NI Availto Com Stockholders": -11676000.0,
        "Net Income Common Stockholders": -11676000.0,
        "Net Income": -11676000.0,
        "Net Income Including Noncontrolling Interests": -11676000.0,
        "Net Income Continuous Operations": -11676000.0,
        "Tax Provision": 0.0,
        "Pretax Income": -11676000.0,
        "Other Income Expense": -2595000.0,
        "Other Non Operating Income Expenses": -5262000.0,
        "Special Income Charges": NaN,
        "Restructuring And Mergern Acquisition": NaN,
        "Gain On Sale Of Security": 2667000.0,
        "Net Non Operating Interest Income Expense": -325000.0,
        "Total Other Finance Cost": NaN,
        "Interest Expense Non Operating": NaN,
        "Operating Income": -8756000.0,
        "Operating Expense": 7576000.0,
        "Research And Development": 2466000.0,
        "Selling General And Administration": 5110000.0,
        "Selling And Marketing Expense": 1595000.0,
        "General And Administrative Expense": 3515000.0,
        "Other Gand A": 3515000.0,
        "Salaries And Wages": NaN,
        "Gross Profit": -1180000.0,
        "Cost Of Revenue": 3530000.0,
        "Total Revenue": 2350000.0,
        "Operating Revenue": 2350000.0
    },
    "2022-09-30": {
        "Tax Effect Of Unusual Items": 0.0,
        "Tax Rate For Calcs": 0.0,
        "Normalized EBITDA": -9845000.0,
        "Total Unusual Items": 2543000.0,
        "Total Unusual Items Excluding Goodwill": 2543000.0,
        "Net Income From Continuing Operation Net Minority Interest": -5238000.0,
        "Reconciled Depreciation": 473000.0,
        "Reconciled Cost Of Revenue": 2195000.0,
        "EBITDA": -7302000.0,
        "EBIT": -7775000.0,
        "Net Interest Income": 0.0,
        "Interest Expense": NaN,
        "Normalized Income": -7781000.0,
        "Net Income From Continuing And Discontinued Operation": -5238000.0,
        "Total Expenses": 9071000.0,
        "Total Operating Income As Reported": -7775000.0,
        "Diluted Average Shares": 36941848.0,
        "Basic Average Shares": 36941848.0,
        "Diluted EPS": -0.14,
        "Basic EPS": -0.14,
        "Diluted NI Availto Com Stockholders": -5238000.0,
        "Net Income Common Stockholders": -5238000.0,
        "Net Income": -5238000.0,
        "Net Income Including Noncontrolling Interests": -5238000.0,
        "Net Income Continuous Operations": -5238000.0,
        "Tax Provision": 0.0,
        "Pretax Income": -5238000.0,
        "Other Income Expense": 2537000.0,
        "Other Non Operating Income Expenses": -6000.0,
        "Special Income Charges": NaN,
        "Restructuring And Mergern Acquisition": NaN,
        "Gain On Sale Of Security": 2543000.0,
        "Net Non Operating Interest Income Expense": 0.0,
        "Total Other Finance Cost": NaN,
        "Interest Expense Non Operating": NaN,
        "Operating Income": -7775000.0,
        "Operating Expense": 6876000.0,
        "Research And Development": 2070000.0,
        "Selling General And Administration": 4806000.0,
        "Selling And Marketing Expense": 1907000.0,
        "General And Administrative Expense": 2899000.0,
        "Other Gand A": 2899000.0,
        "Salaries And Wages": NaN,
        "Gross Profit": -899000.0,
        "Cost Of Revenue": 2195000.0,
        "Total Revenue": 1296000.0,
        "Operating Revenue": 1296000.0
    },
    "2022-06-30": {
        "Tax Effect Of Unusual Items": 0.0,
        "Tax Rate For Calcs": 0.0,
        "Normalized EBITDA": -15026000.0,
        "Total Unusual Items": 8125000.0,
        "Total Unusual Items Excluding Goodwill": 8125000.0,
        "Net Income From Continuing Operation Net Minority Interest": 868000.0,
        "Reconciled Depreciation": 333000.0,
        "Reconciled Cost Of Revenue": 1732000.0,
        "EBITDA": -6901000.0,
        "EBIT": -7234000.0,
        "Net Interest Income": 1000.0,
        "Interest Expense": NaN,
        "Normalized Income": -7257000.0,
        "Net Income From Continuing And Discontinued Operation": 868000.0,
        "Total Expenses": 8276000.0,
        "Total Operating Income As Reported": -7234000.0,
        "Diluted Average Shares": 49675996.0,
        "Basic Average Shares": 35730648.0,
        "Diluted EPS": 0.02,
        "Basic EPS": 0.02,
        "Diluted NI Availto Com Stockholders": 868000.0,
        "Net Income Common Stockholders": 868000.0,
        "Net Income": 868000.0,
        "Net Income Including Noncontrolling Interests": 868000.0,
        "Net Income Continuous Operations": 868000.0,
        "Tax Provision": 0.0,
        "Pretax Income": 868000.0,
        "Other Income Expense": 8101000.0,
        "Other Non Operating Income Expenses": -24000.0,
        "Special Income Charges": NaN,
        "Restructuring And Mergern Acquisition": NaN,
        "Gain On Sale Of Security": 8125000.0,
        "Net Non Operating Interest Income Expense": 1000.0,
        "Total Other Finance Cost": -1000.0,
        "Interest Expense Non Operating": NaN,
        "Operating Income": -7234000.0,
        "Operating Expense": 6544000.0,
        "Research And Development": 2075000.0,
        "Selling General And Administration": 4469000.0,
        "Selling And Marketing Expense": 1509000.0,
        "General And Administrative Expense": 2960000.0,
        "Other Gand A": 2960000.0,
        "Salaries And Wages": NaN,
        "Gross Profit": -690000.0,
        "Cost Of Revenue": 1732000.0,
        "Total Revenue": 1042000.0,
        "Operating Revenue": 1042000.0
    },
    "2022-03-31": {
        "Diluted EPS": -0.3,
        "Total Revenue": 1,
        "Gross Profit": -1,
        "Operating Income": -8,
        "EBIT": 1,
        "Net Income": -10
    },
    "2021-12-31": {
        "Diluted EPS": -1.42,
        "Total Revenue": 1,
        "Gross Profit": -1,
        "Operating Income": -9,
        "EBIT": -7,
        "Net Income": -16
    },
    "2021-09-30": {
        "Diluted EPS": -0.5,
        "Total Revenue": 1,
        "Gross Profit": -1,
        "Operating Income": -4,
        "EBIT": -3,
        "Net Income": -5
    },
    "2021-06-30": {
        "Diluted EPS": -1.7,
        "Total Revenue": 1,
        "Gross Profit": 0,
        "Operating Income": -7,
        "EBIT": -6,
        "Net Income": -17
    },
    "2021-03-31": {
        "Diluted EPS": -0.56,
        "Total Revenue": 1,
        "Gross Profit": 0,
        "Operating Income": -5,
        "EBIT": -4,
        "Net Income": -6
    },
    "2020-12-31": {
        "Diluted EPS": 0.0,
        "Total Revenue": NaN,
        "Gross Profit": NaN,
        "Operating Income": NaN,
        "EBIT": NaN,
        "Net Income": NaN
    },
    "2020-09-30": {
        "Diluted EPS": -0.47,
        "Total Revenue": 1,
        "Gross Profit": -1,
        "Operating Income": -4,
        "EBIT": -4,
        "Net Income": -5
    },
    "2023-06-30": {
        "Tax Effect Of Unusual Items": 0.0,
        "Tax Rate For Calcs": 0.0,
        "Normalized EBITDA": -6530000.0,
        "Total Unusual Items": 1188000.0,
        "Total Unusual Items Excluding Goodwill": 1188000.0,
        "Net Income From Continuing Operation Net Minority Interest": -4798000.0,
        "Reconciled Depreciation": 598000.0,
        "Reconciled Cost Of Revenue": 3554000.0,
        "EBITDA": -5342000.0,
        "EBIT": -5940000.0,
        "Net Interest Income": 48000.0,
        "Interest Expense": NaN,
        "Normalized Income": -5986000.0,
        "Net Income From Continuing And Discontinued Operation": -4798000.0,
        "Total Expenses": 9503000.0,
        "Total Operating Income As Reported": -5945000.0,
        "Diluted Average Shares": 57224377.0,
        "Basic Average Shares": 57224377.0,
        "Diluted EPS": -0.08,
        "Basic EPS": -0.08,
        "Diluted NI Availto Com Stockholders": -4798000.0,
        "Net Income Common Stockholders": -4798000.0,
        "Net Income": -4798000.0,
        "Net Income Including Noncontrolling Interests": -4798000.0,
        "Net Income Continuous Operations": -4798000.0,
        "Tax Provision": 0.0,
        "Pretax Income": -4798000.0,
        "Other Income Expense": 1094000.0,
        "Other Non Operating Income Expenses": -94000.0,
        "Special Income Charges": -5000.0,
        "Restructuring And Mergern Acquisition": 5000.0,
        "Gain On Sale Of Security": 1193000.0,
        "Net Non Operating Interest Income Expense": 48000.0,
        "Total Other Finance Cost": -48000.0,
        "Interest Expense Non Operating": NaN,
        "Operating Income": -5940000.0,
        "Operating Expense": 5949000.0,
        "Research And Development": 1482000.0,
        "Selling General And Administration": 4467000.0,
        "Selling And Marketing Expense": 1193000.0,
        "General And Administrative Expense": 3274000.0,
        "Other Gand A": 3274000.0,
        "Salaries And Wages": 499000.0,
        "Gross Profit": 9000.0,
        "Cost Of Revenue": 3554000.0,
        "Total Revenue": 3563000.0,
        "Operating Revenue": 3563000.0
    },
    "2023-09-30": {
        "Tax Effect Of Unusual Items": 0.0,
        "Tax Rate For Calcs": 0.0,
        "Normalized EBITDA": -4077000.0,
        "Total Unusual Items": -1800000.0,
        "Total Unusual Items Excluding Goodwill": -1800000.0,
        "Net Income From Continuing Operation Net Minority Interest": -8342000.0,
        "Reconciled Depreciation": 606000.0,
        "Reconciled Cost Of Revenue": 3274000.0,
        "EBITDA": -5877000.0,
        "EBIT": -6483000.0,
        "Net Interest Income": -8000.0,
        "Interest Expense": NaN,
        "Normalized Income": -6542000.0,
        "Net Income From Continuing And Discontinued Operation": -8342000.0,
        "Total Expenses": 9807000.0,
        "Total Operating Income As Reported": -6483000.0,
        "Diluted Average Shares": 77749478.0,
        "Basic Average Shares": 77749478.0,
        "Diluted EPS": -0.11,
        "Basic EPS": -0.11,
        "Diluted NI Availto Com Stockholders": -8342000.0,
        "Net Income Common Stockholders": -8342000.0,
        "Net Income": -8342000.0,
        "Net Income Including Noncontrolling Interests": -8342000.0,
        "Net Income Continuous Operations": -8342000.0,
        "Tax Provision": 0.0,
        "Pretax Income": -8342000.0,
        "Other Income Expense": -1851000.0,
        "Other Non Operating Income Expenses": -51000.0,
        "Special Income Charges": 0.0,
        "Restructuring And Mergern Acquisition": 0.0,
        "Gain On Sale Of Security": -1800000.0,
        "Net Non Operating Interest Income Expense": -8000.0,
        "Total Other Finance Cost": 8000.0,
        "Interest Expense Non Operating": NaN,
        "Operating Income": -6483000.0,
        "Operating Expense": 6533000.0,
        "Research And Development": 1903000.0,
        "Selling General And Administration": 4630000.0,
        "Selling And Marketing Expense": 1395000.0,
        "General And Administrative Expense": 3235000.0,
        "Other Gand A": 3235000.0,
        "Salaries And Wages": NaN,
        "Gross Profit": 50000.0,
        "Cost Of Revenue": 3274000.0,
        "Total Revenue": 3324000.0,
        "Operating Revenue": 3324000.0
    }
}