{
    "2023-04-30": {
        "Tax Effect Of Unusual Items": 0.0,
        "Tax Rate For Calcs": 0.0,
        "Normalized EBITDA": 286000000.0,
        "Net Income From Continuing Operation Net Minority Interest": 14000000.0,
        "Reconciled Depreciation": 188000000.0,
        "Reconciled Cost Of Revenue": 2047000000.0,
        "EBITDA": 286000000.0,
        "EBIT": 98000000.0,
        "Net Interest Income": -84000000.0,
        "Interest Expense": 84000000.0,
        "Normalized Income": 14000000.0,
        "Net Income From Continuing And Discontinued Operation": 14000000.0,
        "Total Expenses": 3473000000.0,
        "Total Operating Income As Reported": 98000000.0,
        "Diluted Average Shares": 111000000.0,
        "Basic Average Shares": 110000000.0,
        "Diluted EPS": 0.13,
        "Basic EPS": 0.13,
        "Diluted NI Availto Com Stockholders": 14000000.0,
        "Net Income Common Stockholders": 14000000.0,
        "Net Income": 14000000.0,
        "Net Income Including Noncontrolling Interests": 14000000.0,
        "Net Income Continuous Operations": 14000000.0,
        "Tax Provision": 0.0,
        "Pretax Income": 14000000.0,
        "Net Non Operating Interest Income Expense": -84000000.0,
        "Interest Expense Non Operating": 84000000.0,
        "Operating Income": 98000000.0,
        "Operating Expense": 1426000000.0,
        "Depreciation Amortization Depletion Income Statement": 188000000.0,
        "Depreciation And Amortization In Income Statement": 188000000.0,
        "Selling General And Administration": 1238000000.0,
        "Gross Profit": 1524000000.0,
        "Cost Of Revenue": 2047000000.0,
        "Total Revenue": 3571000000.0,
        "Operating Revenue": 3355000000.0
    },
    "2023-01-31": {
        "Tax Effect Of Unusual Items": 0.0,
        "Tax Rate For Calcs": 0.281579,
        "Normalized EBITDA": -102000000.0,
        "Total Unusual Items": 0.0,
        "Total Unusual Items Excluding Goodwill": 0.0,
        "Net Income From Continuing Operation Net Minority Interest": -273000000.0,
        "Reconciled Depreciation": 200000000.0,
        "Reconciled Cost Of Revenue": 4444000000.0,
        "EBITDA": -102000000.0,
        "EBIT": -302000000.0,
        "Net Interest Income": -78000000.0,
        "Interest Expense": 78000000.0,
        "Normalized Income": -273000000.0,
        "Net Income From Continuing And Discontinued Operation": -273000000.0,
        "Total Expenses": 6321000000.0,
        "Total Operating Income As Reported": -302000000.0,
        "Diluted Average Shares": 110000000.0,
        "Basic Average Shares": 110000000.0,
        "Diluted EPS": -2.49,
        "Basic EPS": -2.49,
        "Diluted NI Availto Com Stockholders": -273000000.0,
        "Net Income Common Stockholders": -273000000.0,
        "Net Income": -273000000.0,
        "Net Income Including Noncontrolling Interests": -273000000.0,
        "Net Income Continuous Operations": -273000000.0,
        "Tax Provision": -107000000.0,
        "Pretax Income": -380000000.0,
        "Special Income Charges": 0.0,
        "Net Non Operating Interest Income Expense": -78000000.0,
        "Interest Expense Non Operating": 78000000.0,
        "Operating Income": -302000000.0,
        "Operating Expense": 1877000000.0,
        "Depreciation Amortization Depletion Income Statement": 200000000.0,
        "Depreciation And Amortization In Income Statement": 200000000.0,
        "Selling General And Administration": 1677000000.0,
        "Gross Profit": 1575000000.0,
        "Cost Of Revenue": 4444000000.0,
        "Total Revenue": 6019000000.0,
        "Operating Revenue": 5775000000.0
    },
    "2022-10-31": {
        "Tax Effect Of Unusual Items": 0.0,
        "Tax Rate For Calcs": 0.183,
        "Normalized EBITDA": 402000000.0,
        "Total Unusual Items": 0.0,
        "Total Unusual Items Excluding Goodwill": 0.0,
        "Net Income From Continuing Operation Net Minority Interest": 97000000.0,
        "Reconciled Depreciation": 202000000.0,
        "Reconciled Cost Of Revenue": 2541000000.0,
        "EBITDA": 402000000.0,
        "EBIT": 200000000.0,
        "Net Interest Income": -81000000.0,
        "Interest Expense": 81000000.0,
        "Normalized Income": 97000000.0,
        "Net Income From Continuing And Discontinued Operation": 97000000.0,
        "Total Expenses": 4077000000.0,
        "Total Operating Income As Reported": 200000000.0,
        "Diluted Average Shares": 119000000.0,
        "Basic Average Shares": 118000000.0,
        "Diluted EPS": 0.82,
        "Basic EPS": 0.82,
        "Diluted NI Availto Com Stockholders": 97000000.0,
        "Net Income Common Stockholders": 97000000.0,
        "Net Income": 97000000.0,
        "Net Income Including Noncontrolling Interests": 97000000.0,
        "Net Income Continuous Operations": 97000000.0,
        "Tax Provision": 22000000.0,
        "Pretax Income": 119000000.0,
        "Special Income Charges": 0.0,
        "Net Non Operating Interest Income Expense": -81000000.0,
        "Interest Expense Non Operating": 81000000.0,
        "Operating Income": 200000000.0,
        "Operating Expense": 1536000000.0,
        "Depreciation Amortization Depletion Income Statement": 202000000.0,
        "Depreciation And Amortization In Income Statement": 202000000.0,
        "Selling General And Administration": 1334000000.0,
        "Gross Profit": 1736000000.0,
        "Cost Of Revenue": 2541000000.0,
        "Total Revenue": 4277000000.0,
        "Operating Revenue": 4052000000.0
    },
    "2022-07-31": {
        "Tax Effect Of Unusual Items": 0.0,
        "Tax Rate For Calcs": 0.243386,
        "Normalized EBITDA": 472000000.0,
        "Total Unusual Items": 0.0,
        "Total Unusual Items Excluding Goodwill": 0.0,
        "Net Income From Continuing Operation Net Minority Interest": 143000000.0,
        "Reconciled Depreciation": 206000000.0,
        "Reconciled Cost Of Revenue": 2332000000.0,
        "EBITDA": 472000000.0,
        "EBIT": 266000000.0,
        "Net Interest Income": -77000000.0,
        "Interest Expense": 77000000.0,
        "Normalized Income": 143000000.0,
        "Net Income From Continuing And Discontinued Operation": 143000000.0,
        "Total Expenses": 3821000000.0,
        "Total Operating Income As Reported": 266000000.0,
        "Diluted Average Shares": 128000000.0,
        "Basic Average Shares": 127000000.0,
        "Diluted EPS": 1.11,
        "Basic EPS": 1.13,
        "Diluted NI Availto Com Stockholders": 143000000.0,
        "Net Income Common Stockholders": 143000000.0,
        "Net Income": 143000000.0,
        "Net Income Including Noncontrolling Interests": 143000000.0,
        "Net Income Continuous Operations": 143000000.0,
        "Tax Provision": 46000000.0,
        "Pretax Income": 189000000.0,
        "Special Income Charges": 0.0,
        "Net Non Operating Interest Income Expense": -77000000.0,
        "Interest Expense Non Operating": 77000000.0,
        "Operating Income": 266000000.0,
        "Operating Expense": 1489000000.0,
        "Depreciation Amortization Depletion Income Statement": 206000000.0,
        "Depreciation And Amortization In Income Statement": 206000000.0,
        "Selling General And Administration": 1283000000.0,
        "Gross Profit": 1755000000.0,
        "Cost Of Revenue": 2332000000.0,
        "Total Revenue": 4087000000.0,
        "Operating Revenue": 3863000000.0
    },
    "2022-04-30": {
        "Diluted EPS": 0.11,
        "Total Revenue": NaN,
        "Gross Profit": NaN,
        "Operating Income": 82,
        "EBIT": 282,
        "Net Income": 14
    },
    "2022-01-31": {
        "Diluted EPS": 2.1,
        "Total Revenue": NaN,
        "Gross Profit": NaN,
        "Operating Income": 450,
        "EBIT": 657,
        "Net Income": 299
    },
    "2021-10-31": {
        "Diluted EPS": 1.65,
        "Total Revenue": NaN,
        "Gross Profit": NaN,
        "Operating Income": 387,
        "EBIT": 597,
        "Net Income": 243
    },
    "2021-07-31": {
        "Diluted EPS": 2.48,
        "Total Revenue": NaN,
        "Gross Profit": NaN,
        "Operating Income": 570,
        "EBIT": 780,
        "Net Income": 382
    },
    "2021-04-30": {
        "Diluted EPS": 0.09,
        "Total Revenue": NaN,
        "Gross Profit": NaN,
        "Operating Income": 273,
        "EBIT": 484,
        "Net Income": 14
    },
    "2021-01-31": {
        "Diluted EPS": 2.24,
        "Total Revenue": NaN,
        "Gross Profit": NaN,
        "Operating Income": 316,
        "EBIT": 534,
        "Net Income": 343
    },
    "2020-10-31": {
        "Diluted EPS": -0.08,
        "Total Revenue": NaN,
        "Gross Profit": NaN,
        "Operating Income": 22,
        "EBIT": 232,
        "Net Income": -12
    },
    "2020-07-31": {
        "Diluted EPS": 0.3,
        "Total Revenue": NaN,
        "Gross Profit": NaN,
        "Operating Income": 118,
        "EBIT": 337,
        "Net Income": 47
    },
    "2020-04-30": {
        "Diluted EPS": -3.52,
        "Total Revenue": NaN,
        "Gross Profit": 641,
        "Operating Income": -718,
        "EBIT": -491,
        "Net Income": -541
    },
    "2020-01-31": {
        "Diluted EPS": 1.7,
        "Total Revenue": NaN,
        "Gross Profit": NaN,
        "Operating Income": 401,
        "EBIT": 631,
        "Net Income": 265
    },
    "2019-10-31": {
        "Diluted EPS": 0.78,
        "Total Revenue": NaN,
        "Gross Profit": NaN,
        "Operating Income": 204,
        "EBIT": 433,
        "Net Income": 123
    },
    "2019-07-31": {
        "Diluted EPS": 1.51,
        "Total Revenue": NaN,
        "Gross Profit": NaN,
        "Operating Income": 376,
        "EBIT": 604,
        "Net Income": 241
    },
    "2019-04-30": {
        "Diluted EPS": 0.38,
        "Total Revenue": NaN,
        "Gross Profit": NaN,
        "Operating Income": 118,
        "EBIT": 348,
        "Net Income": 62
    },
    "2019-01-31": {
        "Diluted EPS": 1.65,
        "Total Revenue": NaN,
        "Gross Profit": NaN,
        "Operating Income": 441,
        "EBIT": 680,
        "Net Income": 273
    },
    "2018-10-31": {
        "Diluted EPS": 0.98,
        "Total Revenue": NaN,
        "Gross Profit": NaN,
        "Operating Income": 258,
        "EBIT": 500,
        "Net Income": 161
    },
    "2018-07-31": {
        "Diluted EPS": 1.76,
        "Total Revenue": NaN,
        "Gross Profit": NaN,
        "Operating Income": 452,
        "EBIT": 692,
        "Net Income": 292
    },
    "2018-04-30": {
        "Diluted EPS": 0.45,
        "Total Revenue": NaN,
        "Gross Profit": NaN,
        "Operating Income": 210,
        "EBIT": 453,
        "Net Income": 75
    },
    "2018-01-31": {
        "Diluted EPS": 2.79,
        "Total Revenue": NaN,
        "Gross Profit": NaN,
        "Operating Income": 567,
        "EBIT": 834,
        "Net Income": 468
    },
    "2017-10-31": {
        "Diluted EPS": 0.7,
        "Total Revenue": NaN,
        "Gross Profit": NaN,
        "Operating Income": 257,
        "EBIT": 499,
        "Net Income": 117
    },
    "2017-07-31": {
        "Diluted EPS": 1.24,
        "Total Revenue": NaN,
        "Gross Profit": NaN,
        "Operating Income": 407,
        "EBIT": 651,
        "Net Income": 208
    },
    "2017-04-30": {
        "Diluted EPS": 0.39,
        "Total Revenue": NaN,
        "Gross Profit": NaN,
        "Operating Income": 185,
        "EBIT": 423,
        "Net Income": 66
    },
    "2017-01-31": {
        "Diluted EPS": 1.42,
        "Total Revenue": NaN,
        "Gross Profit": NaN,
        "Operating Income": 474,
        "EBIT": 712,
        "Net Income": 253
    },
    "2016-10-31": {
        "Diluted EPS": 0.83,
        "Total Revenue": NaN,
        "Gross Profit": NaN,
        "Operating Income": 301,
        "EBIT": 533,
        "Net Income": 146
    },
    "2016-07-31": {
        "Diluted EPS": 0.77,
        "Total Revenue": NaN,
        "Gross Profit": NaN,
        "Operating Income": 302,
        "EBIT": 536,
        "Net Income": 140
    },
    "2016-04-30": {
        "Diluted EPS": 0.09,
        "Total Revenue": NaN,
        "Gross Profit": NaN,
        "Operating Income": 106,
        "EBIT": 340,
        "Net Income": 17
    },
    "2016-01-31": {
        "Diluted EPS": 1.54,
        "Total Revenue": NaN,
        "Gross Profit": NaN,
        "Operating Income": 541,
        "EBIT": 780,
        "Net Income": 296
    },
    "2015-10-31": {
        "Diluted EPS": 0.63,
        "Total Revenue": NaN,
        "Gross Profit": NaN,
        "Operating Income": 308,
        "EBIT": 544,
        "Net Income": 120
    },
    "2015-07-31": {
        "Diluted EPS": 0.66,
        "Total Revenue": NaN,
        "Gross Profit": NaN,
        "Operating Income": 424,
        "EBIT": 656,
        "Net Income": 130
    },
    "2015-04-30": {
        "Diluted EPS": 0.63,
        "Total Revenue": NaN,
        "Gross Profit": NaN,
        "Operating Income": 280,
        "EBIT": 507,
        "Net Income": 127
    },
    "2015-01-31": {
        "Diluted EPS": 1.81,
        "Total Revenue": NaN,
        "Gross Profit": NaN,
        "Operating Income": 654,
        "EBIT": 875,
        "Net Income": 368
    },
    "2014-10-31": {
        "Diluted EPS": 0.7,
        "Total Revenue": NaN,
        "Gross Profit": NaN,
        "Operating Income": 304,
        "EBIT": 531,
        "Net Income": 142
    },
    "2014-07-31": {
        "Diluted EPS": 1.13,
        "Total Revenue": NaN,
        "Gross Profit": NaN,
        "Operating Income": 451,
        "EBIT": 673,
        "Net Income": 232
    },
    "2014-04-30": {
        "Diluted EPS": 0.6,
        "Total Revenue": NaN,
        "Gross Profit": NaN,
        "Operating Income": 280,
        "EBIT": 496,
        "Net Income": 125
    },
    "2014-01-31": {
        "Diluted EPS": 1.54,
        "Total Revenue": NaN,
        "Gross Profit": NaN,
        "Operating Income": 609,
        "EBIT": 833,
        "Net Income": 334
    },
    "2013-10-31": {
        "Diluted EPS": 0.81,
        "Total Revenue": NaN,
        "Gross Profit": NaN,
        "Operating Income": 365,
        "EBIT": 591,
        "Net Income": 177
    },
    "2013-07-31": {
        "Diluted EPS": 1.04,
        "Total Revenue": NaN,
        "Gross Profit": NaN,
        "Operating Income": 451,
        "EBIT": 676,
        "Net Income": 231
    },
    "2013-04-30": {
        "Diluted EPS": 0.66,
        "Total Revenue": NaN,
        "Gross Profit": NaN,
        "Operating Income": 317,
        "EBIT": 531,
        "Net Income": 147
    },
    "2013-01-31": {
        "Diluted EPS": 1.63,
        "Total Revenue": NaN,
        "Gross Profit": NaN,
        "Operating Income": 687,
        "EBIT": 900,
        "Net Income": 377
    },
    "2012-10-31": {
        "Diluted EPS": 0.91,
        "Total Revenue": NaN,
        "Gross Profit": NaN,
        "Operating Income": 425,
        "EBIT": 634,
        "Net Income": 215
    },
    "2012-07-31": {
        "Diluted EPS": 1.0,
        "Total Revenue": NaN,
        "Gross Profit": NaN,
        "Operating Income": 457,
        "EBIT": 667,
        "Net Income": 240
    },
    "2012-04-30": {
        "Diluted EPS": 0.63,
        "Total Revenue": NaN,
        "Gross Profit": NaN,
        "Operating Income": 321,
        "EBIT": 522,
        "Net Income": 154
    },
    "2012-01-31": {
        "Diluted EPS": 1.73,
        "Total Revenue": NaN,
        "Gross Profit": NaN,
        "Operating Income": 805,
        "EBIT": NaN,
        "Net Income": 456
    },
    "2011-10-31": {
        "Diluted EPS": 0.8,
        "Total Revenue": NaN,
        "Gross Profit": NaN,
        "Operating Income": 415,
        "EBIT": 616,
        "Net Income": 211
    },
    "2011-07-31": {
        "Diluted EPS": 1.08,
        "Total Revenue": NaN,
        "Gross Profit": NaN,
        "Operating Income": 547,
        "EBIT": 738,
        "Net Income": 299
    },
    "2011-04-30": {
        "Diluted EPS": 0.69,
        "Total Revenue": NaN,
        "Gross Profit": NaN,
        "Operating Income": 391,
        "EBIT": 582,
        "Net Income": 201
    },
    "2011-01-31": {
        "Diluted EPS": 1.62,
        "Total Revenue": NaN,
        "Gross Profit": NaN,
        "Operating Income": 897,
        "EBIT": NaN,
        "Net Income": 490
    },
    "2010-10-31": {
        "Diluted EPS": 0.57,
        "Total Revenue": NaN,
        "Gross Profit": NaN,
        "Operating Income": 356,
        "EBIT": 564,
        "Net Income": 176
    },
    "2010-07-31": {
        "Diluted EPS": 0.83,
        "Total Revenue": NaN,
        "Gross Profit": NaN,
        "Operating Income": 488,
        "EBIT": 692,
        "Net Income": 255
    },
    "2010-04-30": {
        "Diluted EPS": 0.64,
        "Total Revenue": NaN,
        "Gross Profit": NaN,
        "Operating Income": 351,
        "EBIT": 502,
        "Net Income": 199
    },
    "2010-01-31": {
        "Diluted EPS": 1.34,
        "Total Revenue": NaN,
        "Gross Profit": NaN,
        "Operating Income": 870,
        "EBIT": NaN,
        "Net Income": 414
    },
    "2009-10-31": {
        "Diluted EPS": 0.63,
        "Total Revenue": NaN,
        "Gross Profit": NaN,
        "Operating Income": 339,
        "EBIT": 489,
        "Net Income": 193
    },
    "2009-07-31": {
        "Diluted EPS": 0.75,
        "Total Revenue": NaN,
        "Gross Profit": NaN,
        "Operating Income": 399,
        "EBIT": 543,
        "Net Income": 229
    },
    "2009-04-30": {
        "Diluted EPS": 0.45,
        "Total Revenue": NaN,
        "Gross Profit": NaN,
        "Operating Income": 251,
        "EBIT": 392,
        "Net Income": 137
    },
    "2009-01-31": {
        "Diluted EPS": 1.11,
        "Total Revenue": NaN,
        "Gross Profit": NaN,
        "Operating Income": 574,
        "EBIT": 716,
        "Net Income": 336
    },
    "2023-07-31": {
        "Tax Effect Of Unusual Items": 0.0,
        "Tax Rate For Calcs": 0.217,
        "Normalized EBITDA": 349000000.0,
        "Net Income From Continuing Operation Net Minority Interest": 58000000.0,
        "Reconciled Depreciation": 186000000.0,
        "Reconciled Cost Of Revenue": 2242000000.0,
        "EBITDA": 349000000.0,
        "EBIT": 163000000.0,
        "Net Interest Income": -89000000.0,
        "Interest Expense": 89000000.0,
        "Normalized Income": 58000000.0,
        "Net Income From Continuing And Discontinued Operation": 58000000.0,
        "Total Expenses": 3732000000.0,
        "Total Operating Income As Reported": 163000000.0,
        "Diluted Average Shares": 111000000.0,
        "Basic Average Shares": 110000000.0,
        "Diluted EPS": 0.52,
        "Basic EPS": 0.52,
        "Diluted NI Availto Com Stockholders": 58000000.0,
        "Net Income Common Stockholders": 58000000.0,
        "Net Income": 58000000.0,
        "Net Income Including Noncontrolling Interests": 58000000.0,
        "Net Income Continuous Operations": 58000000.0,
        "Tax Provision": 16000000.0,
        "Pretax Income": 74000000.0,
        "Net Non Operating Interest Income Expense": -89000000.0,
        "Interest Expense Non Operating": 89000000.0,
        "Operating Income": 163000000.0,
        "Operating Expense": 1490000000.0,
        "Depreciation Amortization Depletion Income Statement": 186000000.0,
        "Depreciation And Amortization In Income Statement": 186000000.0,
        "Selling General And Administration": 1304000000.0,
        "Gross Profit": 1653000000.0,
        "Cost Of Revenue": 2242000000.0,
        "Total Revenue": 3895000000.0,
        "Operating Revenue": 3678000000.0
    },
    "2023-10-31": {
        "Tax Effect Of Unusual Items": 0.0,
        "Tax Rate For Calcs": 0.133,
        "Normalized EBITDA": 345000000.0,
        "Net Income From Continuing Operation Net Minority Interest": 59000000.0,
        "Reconciled Depreciation": 188000000.0,
        "Reconciled Cost Of Revenue": 2349000000.0,
        "EBITDA": 345000000.0,
        "EBIT": 157000000.0,
        "Net Interest Income": -89000000.0,
        "Interest Expense": 89000000.0,
        "Normalized Income": 59000000.0,
        "Net Income From Continuing And Discontinued Operation": 59000000.0,
        "Total Expenses": 3897000000.0,
        "Total Operating Income As Reported": 157000000.0,
        "Diluted Average Shares": 111000000.0,
        "Basic Average Shares": 110000000.0,
        "Diluted EPS": 0.53,
        "Basic EPS": 0.54,
        "Diluted NI Availto Com Stockholders": 59000000.0,
        "Net Income Common Stockholders": 59000000.0,
        "Net Income": 59000000.0,
        "Net Income Including Noncontrolling Interests": 59000000.0,
        "Net Income Continuous Operations": 59000000.0,
        "Tax Provision": 9000000.0,
        "Pretax Income": 68000000.0,
        "Net Non Operating Interest Income Expense": -89000000.0,
        "Interest Expense Non Operating": 89000000.0,
        "Operating Income": 157000000.0,
        "Operating Expense": 1548000000.0,
        "Depreciation Amortization Depletion Income Statement": 188000000.0,
        "Depreciation And Amortization In Income Statement": 188000000.0,
        "Selling General And Administration": 1360000000.0,
        "Gross Profit": 1705000000.0,
        "Cost Of Revenue": 2349000000.0,
        "Total Revenue": 4054000000.0,
        "Operating Revenue": 3843000000.0
    },
    "2024-01-31": {
        "Tax Effect Of Unusual Items": 0.0,
        "Tax Rate For Calcs": 0.142857,
        "Normalized EBITDA": 486000000.0,
        "Net Income From Continuing Operation Net Minority Interest": 186000000.0,
        "Reconciled Depreciation": 187000000.0,
        "Reconciled Cost Of Revenue": 3860000000.0,
        "EBITDA": 486000000.0,
        "EBIT": 299000000.0,
        "Net Interest Income": -82000000.0,
        "Interest Expense": 82000000.0,
        "Normalized Income": 186000000.0,
        "Net Income From Continuing And Discontinued Operation": 186000000.0,
        "Total Expenses": 5657000000.0,
        "Total Operating Income As Reported": 299000000.0,
        "Diluted Average Shares": 111000000.0,
        "Basic Average Shares": 110000000.0,
        "Diluted EPS": 1.67,
        "Basic EPS": 1.69,
        "Diluted NI Availto Com Stockholders": 186000000.0,
        "Net Income Common Stockholders": 186000000.0,
        "Net Income": 186000000.0,
        "Net Income Including Noncontrolling Interests": 186000000.0,
        "Net Income Continuous Operations": 186000000.0,
        "Tax Provision": 31000000.0,
        "Pretax Income": 217000000.0,
        "Net Non Operating Interest Income Expense": -82000000.0,
        "Interest Expense Non Operating": 82000000.0,
        "Operating Income": 299000000.0,
        "Operating Expense": 1797000000.0,
        "Depreciation Amortization Depletion Income Statement": 187000000.0,
        "Depreciation And Amortization In Income Statement": 187000000.0,
        "Selling General And Administration": 1610000000.0,
        "Gross Profit": 2096000000.0,
        "Cost Of Revenue": 3860000000.0,
        "Total Revenue": 5956000000.0,
        "Operating Revenue": 5710000000.0
    }
}