{
    "2023-03-31": {
        "Tax Effect Of Unusual Items": NaN,
        "Tax Rate For Calcs": NaN,
        "Normalized EBITDA": NaN,
        "Total Unusual Items": NaN,
        "Total Unusual Items Excluding Goodwill": NaN,
        "Net Income From Continuing Operation Net Minority Interest": NaN,
        "Reconciled Depreciation": NaN,
        "Reconciled Cost Of Revenue": NaN,
        "EBITDA": NaN,
        "EBIT": NaN,
        "Net Interest Income": NaN,
        "Interest Expense": NaN,
        "Interest Income": NaN,
        "Normalized Income": NaN,
        "Net Income From Continuing And Discontinued Operation": NaN,
        "Total Expenses": NaN,
        "Rent Expense Supplemental": NaN,
        "Total Operating Income As Reported": NaN,
        "Diluted Average Shares": NaN,
        "Basic Average Shares": NaN,
        "Diluted EPS": NaN,
        "Basic EPS": NaN,
        "Diluted NI Availto Com Stockholders": NaN,
        "Average Dilution Earnings": NaN,
        "Net Income Common Stockholders": NaN,
        "Otherunder Preferred Stock Dividend": NaN,
        "Net Income": NaN,
        "Minority Interests": NaN,
        "Net Income Including Noncontrolling Interests": NaN,
        "Net Income Continuous Operations": NaN,
        "Tax Provision": NaN,
        "Pretax Income": NaN,
        "Other Income Expense": NaN,
        "Other Non Operating Income Expenses": NaN,
        "Special Income Charges": NaN,
        "Gain On Sale Of Ppe": NaN,
        "Gain On Sale Of Business": NaN,
        "Other Special Charges": 16850000000.0,
        "Earnings From Equity Interest": NaN,
        "Gain On Sale Of Security": NaN,
        "Net Non Operating Interest Income Expense": NaN,
        "Total Other Finance Cost": NaN,
        "Interest Expense Non Operating": NaN,
        "Interest Income Non Operating": NaN,
        "Operating Income": NaN,
        "Operating Expense": NaN,
        "Other Operating Expenses": NaN,
        "Other Taxes": NaN,
        "Provision For Doubtful Accounts": NaN,
        "Depreciation Amortization Depletion Income Statement": NaN,
        "Depreciation And Amortization In Income Statement": NaN,
        "Amortization": NaN,
        "Amortization Of Intangibles Income Statement": NaN,
        "Depreciation Income Statement": NaN,
        "Research And Development": NaN,
        "Selling General And Administration": NaN,
        "Selling And Marketing Expense": NaN,
        "General And Administrative Expense": NaN,
        "Other Gand A": 1674600000000.0,
        "Insurance And Claims": NaN,
        "Rent And Landing Fees": NaN,
        "Salaries And Wages": NaN,
        "Gross Profit": NaN,
        "Cost Of Revenue": NaN,
        "Total Revenue": NaN,
        "Operating Revenue": NaN
    },
    "2022-12-31": {
        "Tax Effect Of Unusual Items": NaN,
        "Tax Rate For Calcs": NaN,
        "Normalized EBITDA": NaN,
        "Total Unusual Items": NaN,
        "Total Unusual Items Excluding Goodwill": NaN,
        "Net Income From Continuing Operation Net Minority Interest": NaN,
        "Reconciled Depreciation": NaN,
        "Reconciled Cost Of Revenue": NaN,
        "EBITDA": NaN,
        "EBIT": NaN,
        "Net Interest Income": NaN,
        "Interest Expense": NaN,
        "Interest Income": NaN,
        "Normalized Income": NaN,
        "Net Income From Continuing And Discontinued Operation": NaN,
        "Total Expenses": NaN,
        "Rent Expense Supplemental": NaN,
        "Total Operating Income As Reported": NaN,
        "Diluted Average Shares": NaN,
        "Basic Average Shares": NaN,
        "Diluted EPS": NaN,
        "Basic EPS": NaN,
        "Diluted NI Availto Com Stockholders": NaN,
        "Average Dilution Earnings": NaN,
        "Net Income Common Stockholders": NaN,
        "Otherunder Preferred Stock Dividend": NaN,
        "Net Income": NaN,
        "Minority Interests": NaN,
        "Net Income Including Noncontrolling Interests": NaN,
        "Net Income Continuous Operations": NaN,
        "Tax Provision": NaN,
        "Pretax Income": NaN,
        "Other Income Expense": NaN,
        "Other Non Operating Income Expenses": NaN,
        "Special Income Charges": NaN,
        "Gain On Sale Of Ppe": NaN,
        "Gain On Sale Of Business": NaN,
        "Other Special Charges": 3361000000.0,
        "Earnings From Equity Interest": NaN,
        "Gain On Sale Of Security": NaN,
        "Net Non Operating Interest Income Expense": NaN,
        "Total Other Finance Cost": NaN,
        "Interest Expense Non Operating": NaN,
        "Interest Income Non Operating": NaN,
        "Operating Income": NaN,
        "Operating Expense": NaN,
        "Other Operating Expenses": NaN,
        "Other Taxes": NaN,
        "Provision For Doubtful Accounts": NaN,
        "Depreciation Amortization Depletion Income Statement": NaN,
        "Depreciation And Amortization In Income Statement": NaN,
        "Amortization": NaN,
        "Amortization Of Intangibles Income Statement": NaN,
        "Depreciation Income Statement": NaN,
        "Research And Development": 53450000000.0,
        "Selling General And Administration": NaN,
        "Selling And Marketing Expense": NaN,
        "General And Administrative Expense": NaN,
        "Other Gand A": NaN,
        "Insurance And Claims": NaN,
        "Rent And Landing Fees": NaN,
        "Salaries And Wages": NaN,
        "Gross Profit": NaN,
        "Cost Of Revenue": NaN,
        "Total Revenue": NaN,
        "Operating Revenue": NaN
    },
    "2022-09-30": {
        "Tax Effect Of Unusual Items": NaN,
        "Tax Rate For Calcs": NaN,
        "Normalized EBITDA": NaN,
        "Total Unusual Items": -31968000000.0,
        "Total Unusual Items Excluding Goodwill": -31968000000.0,
        "Net Income From Continuing Operation Net Minority Interest": NaN,
        "Reconciled Depreciation": NaN,
        "Reconciled Cost Of Revenue": NaN,
        "EBITDA": NaN,
        "EBIT": NaN,
        "Net Interest Income": 13484000000.0,
        "Interest Expense": NaN,
        "Interest Income": NaN,
        "Normalized Income": NaN,
        "Net Income From Continuing And Discontinued Operation": NaN,
        "Total Expenses": NaN,
        "Rent Expense Supplemental": NaN,
        "Total Operating Income As Reported": NaN,
        "Diluted Average Shares": NaN,
        "Basic Average Shares": NaN,
        "Diluted EPS": NaN,
        "Basic EPS": NaN,
        "Diluted NI Availto Com Stockholders": NaN,
        "Average Dilution Earnings": NaN,
        "Net Income Common Stockholders": NaN,
        "Otherunder Preferred Stock Dividend": NaN,
        "Net Income": NaN,
        "Minority Interests": NaN,
        "Net Income Including Noncontrolling Interests": NaN,
        "Net Income Continuous Operations": NaN,
        "Tax Provision": NaN,
        "Pretax Income": NaN,
        "Other Income Expense": NaN,
        "Other Non Operating Income Expenses": 8918000000.0,
        "Special Income Charges": -16496000000.0,
        "Gain On Sale Of Ppe": NaN,
        "Gain On Sale Of Business": NaN,
        "Other Special Charges": 2377000000.0,
        "Earnings From Equity Interest": NaN,
        "Gain On Sale Of Security": -15472000000.0,
        "Net Non Operating Interest Income Expense": 13484000000.0,
        "Total Other Finance Cost": -15099000000.0,
        "Interest Expense Non Operating": NaN,
        "Interest Income Non Operating": NaN,
        "Operating Income": NaN,
        "Operating Expense": NaN,
        "Other Operating Expenses": NaN,
        "Other Taxes": NaN,
        "Provision For Doubtful Accounts": NaN,
        "Depreciation Amortization Depletion Income Statement": NaN,
        "Depreciation And Amortization In Income Statement": NaN,
        "Amortization": NaN,
        "Amortization Of Intangibles Income Statement": NaN,
        "Depreciation Income Statement": NaN,
        "Research And Development": 42190000000.0,
        "Selling General And Administration": NaN,
        "Selling And Marketing Expense": NaN,
        "General And Administrative Expense": NaN,
        "Other Gand A": 2586000000000.0,
        "Insurance And Claims": NaN,
        "Rent And Landing Fees": NaN,
        "Salaries And Wages": NaN,
        "Gross Profit": NaN,
        "Cost Of Revenue": NaN,
        "Total Revenue": NaN,
        "Operating Revenue": NaN
    },
    "2022-06-30": {
        "Tax Effect Of Unusual Items": 16904726864.247398,
        "Tax Rate For Calcs": 0.326731,
        "Normalized EBITDA": 1498979000000.0,
        "Total Unusual Items": 51739000000.0,
        "Total Unusual Items Excluding Goodwill": 51739000000.0,
        "Net Income From Continuing Operation Net Minority Interest": 313120000000.0,
        "Reconciled Depreciation": 944786000000.0,
        "Reconciled Cost Of Revenue": 2373477000000.0,
        "EBITDA": 1550718000000.0,
        "EBIT": 605932000000.0,
        "Net Interest Income": -27569000000.0,
        "Interest Expense": 66237000000.0,
        "Interest Income": 64572000000.0,
        "Normalized Income": 278285726864.2474,
        "Net Income From Continuing And Discontinued Operation": 313120000000.0,
        "Total Expenses": 5850131000000.0,
        "Rent Expense Supplemental": 36545000000.0,
        "Total Operating Income As Reported": 459171000000.0,
        "Diluted Average Shares": 471921728.0,
        "Basic Average Shares": 471837302.0,
        "Diluted EPS": 662.5,
        "Basic EPS": 663.5,
        "Diluted NI Availto Com Stockholders": 312584000000.0,
        "Average Dilution Earnings": -536000000.0,
        "Net Income Common Stockholders": 313120000000.0,
        "Otherunder Preferred Stock Dividend": NaN,
        "Net Income": 313120000000.0,
        "Minority Interests": -50240000000.0,
        "Net Income Including Noncontrolling Interests": 363360000000.0,
        "Net Income Continuous Operations": 363360000000.0,
        "Tax Provision": 176335000000.0,
        "Pretax Income": 539695000000.0,
        "Other Income Expense": 105243000000.0,
        "Other Non Operating Income Expenses": 32391000000.0,
        "Special Income Charges": -7830000000.0,
        "Gain On Sale Of Ppe": -12047000000.0,
        "Gain On Sale Of Business": 9176000000.0,
        "Other Special Charges": 4959000000.0,
        "Earnings From Equity Interest": 21113000000.0,
        "Gain On Sale Of Security": 59569000000.0,
        "Net Non Operating Interest Income Expense": -27569000000.0,
        "Total Other Finance Cost": 25904000000.0,
        "Interest Expense Non Operating": 66237000000.0,
        "Interest Income Non Operating": 64572000000.0,
        "Operating Income": 462021000000.0,
        "Operating Expense": 3459905000000.0,
        "Other Operating Expenses": 619280000000.0,
        "Other Taxes": 64413000000.0,
        "Provision For Doubtful Accounts": 3189000000.0,
        "Depreciation Amortization Depletion Income Statement": 928037000000.0,
        "Depreciation And Amortization In Income Statement": 928037000000.0,
        "Amortization": 170568000000.0,
        "Amortization Of Intangibles Income Statement": 170568000000.0,
        "Depreciation Income Statement": 757469000000.0,
        "Research And Development": 39169000000.0,
        "Selling General And Administration": 1805817000000.0,
        "Selling And Marketing Expense": 634685000000.0,
        "General And Administrative Expense": 1171132000000.0,
        "Insurance And Claims": 13707000000.0,
        "Rent And Landing Fees": 36545000000.0,
        "Salaries And Wages": 1120880000000.0,
        "Gross Profit": 3921926000000.0,
        "Cost Of Revenue": 2390226000000.0,
        "Total Revenue": 6312152000000.0,
        "Operating Revenue": 6312152000000.0
    },
    "2023-06-30": {
        "Tax Effect Of Unusual Items": NaN,
        "Tax Rate For Calcs": NaN,
        "Normalized EBITDA": NaN,
        "Total Unusual Items": NaN,
        "Total Unusual Items Excluding Goodwill": NaN,
        "Net Income From Continuing Operation Net Minority Interest": NaN,
        "Reconciled Depreciation": NaN,
        "Reconciled Cost Of Revenue": NaN,
        "EBITDA": NaN,
        "EBIT": NaN,
        "Net Interest Income": NaN,
        "Interest Expense": NaN,
        "Interest Income": NaN,
        "Normalized Income": NaN,
        "Net Income From Continuing And Discontinued Operation": NaN,
        "Total Expenses": NaN,
        "Rent Expense Supplemental": NaN,
        "Total Operating Income As Reported": NaN,
        "Diluted Average Shares": NaN,
        "Basic Average Shares": NaN,
        "Diluted EPS": NaN,
        "Basic EPS": NaN,
        "Diluted NI Availto Com Stockholders": NaN,
        "Average Dilution Earnings": NaN,
        "Net Income Common Stockholders": NaN,
        "Otherunder Preferred Stock Dividend": NaN,
        "Net Income": NaN,
        "Minority Interests": NaN,
        "Net Income Including Noncontrolling Interests": NaN,
        "Net Income Continuous Operations": NaN,
        "Tax Provision": NaN,
        "Pretax Income": NaN,
        "Other Income Expense": NaN,
        "Other Non Operating Income Expenses": 1146000000.0,
        "Special Income Charges": NaN,
        "Gain On Sale Of Ppe": NaN,
        "Gain On Sale Of Business": NaN,
        "Other Special Charges": 411000000.0,
        "Earnings From Equity Interest": NaN,
        "Gain On Sale Of Security": NaN,
        "Net Non Operating Interest Income Expense": NaN,
        "Total Other Finance Cost": NaN,
        "Interest Expense Non Operating": NaN,
        "Interest Income Non Operating": NaN,
        "Operating Income": NaN,
        "Operating Expense": NaN,
        "Other Operating Expenses": NaN,
        "Other Taxes": NaN,
        "Provision For Doubtful Accounts": NaN,
        "Depreciation Amortization Depletion Income Statement": NaN,
        "Depreciation And Amortization In Income Statement": NaN,
        "Amortization": NaN,
        "Amortization Of Intangibles Income Statement": NaN,
        "Depreciation Income Statement": NaN,
        "Research And Development": 41690000000.0,
        "Selling General And Administration": NaN,
        "Selling And Marketing Expense": NaN,
        "General And Administrative Expense": NaN,
        "Other Gand A": 1761400000000.0,
        "Insurance And Claims": NaN,
        "Rent And Landing Fees": NaN,
        "Salaries And Wages": NaN,
        "Gross Profit": NaN,
        "Cost Of Revenue": NaN,
        "Total Revenue": NaN,
        "Operating Revenue": NaN
    },
    "2023-09-30": {
        "Tax Effect Of Unusual Items": 4179748370.835748,
        "Tax Rate For Calcs": 0.177063,
        "Normalized EBITDA": 1353855000000.0,
        "Total Unusual Items": 23606000000.0,
        "Total Unusual Items Excluding Goodwill": 23606000000.0,
        "Net Income From Continuing Operation Net Minority Interest": 264289000000.0,
        "Reconciled Depreciation": 886189000000.0,
        "Reconciled Cost Of Revenue": 2527536000000.0,
        "EBITDA": 1377461000000.0,
        "EBIT": 439543000000.0,
        "Net Interest Income": -10663000000.0,
        "Interest Expense": 89210000000.0,
        "Interest Income": 72130000000.0,
        "Normalized Income": 244862748370.83575,
        "Net Income From Continuing And Discontinued Operation": 264289000000.0,
        "Total Expenses": 6376811000000.0,
        "Rent Expense Supplemental": 42794000000.0,
        "Total Operating Income As Reported": 321933000000.0,
        "Diluted Average Shares": 496718052.0,
        "Basic Average Shares": 496459394.0,
        "Diluted EPS": 531.0,
        "Basic EPS": 532.0,
        "Diluted NI Availto Com Stockholders": 263871000000.0,
        "Average Dilution Earnings": -130000000.0,
        "Net Income Common Stockholders": 264001000000.0,
        "Otherunder Preferred Stock Dividend": 288000000.0,
        "Net Income": 264289000000.0,
        "Minority Interests": -24013000000.0,
        "Net Income Including Noncontrolling Interests": 288302000000.0,
        "Net Income Continuous Operations": 288302000000.0,
        "Tax Provision": 62031000000.0,
        "Pretax Income": 350333000000.0,
        "Other Income Expense": 40365000000.0,
        "Other Non Operating Income Expenses": 19604000000.0,
        "Special Income Charges": 14437000000.0,
        "Gain On Sale Of Ppe": -15261000000.0,
        "Gain On Sale Of Business": 29698000000.0,
        "Other Special Charges": 6262000000.0,
        "Earnings From Equity Interest": -2845000000.0,
        "Gain On Sale Of Security": 9169000000.0,
        "Net Non Operating Interest Income Expense": -10663000000.0,
        "Total Other Finance Cost": -6417000000.0,
        "Interest Expense Non Operating": 89210000000.0,
        "Interest Income Non Operating": 72130000000.0,
        "Operating Income": 320631000000.0,
        "Operating Expense": 3901004000000.0,
        "Other Operating Expenses": 973886000000.0,
        "Other Taxes": 58895000000.0,
        "Provision For Doubtful Accounts": 9696000000.0,
        "Depreciation Amortization Depletion Income Statement": 937918000000.0,
        "Depreciation And Amortization In Income Statement": 937918000000.0,
        "Amortization": 156852000000.0,
        "Amortization Of Intangibles Income Statement": 156852000000.0,
        "Depreciation Income Statement": 781066000000.0,
        "Research And Development": 50246000000.0,
        "Selling General And Administration": 1870363000000.0,
        "Selling And Marketing Expense": 620070000000.0,
        "General And Administrative Expense": 1250293000000.0,
        "Other Gand A": 2732800000000.0,
        "Insurance And Claims": 16467000000.0,
        "Rent And Landing Fees": 42794000000.0,
        "Salaries And Wages": 1191032000000.0,
        "Gross Profit": 4221635000000.0,
        "Cost Of Revenue": 2475807000000.0,
        "Total Revenue": 6697442000000.0,
        "Operating Revenue": 6639548000000.0
    },
    "2023-12-31": {
        "Tax Effect Of Unusual Items": -70621440000.0,
        "Tax Rate For Calcs": 0.24,
        "Normalized EBITDA": 1839396000000.0,
        "Total Unusual Items": -294256000000.0,
        "Total Unusual Items Excluding Goodwill": -294256000000.0,
        "Net Income From Continuing Operation Net Minority Interest": 37889000000.0,
        "Reconciled Depreciation": 1482319000000.0,
        "Reconciled Cost Of Revenue": 2024378000000.0,
        "EBITDA": 1545140000000.0,
        "EBIT": 62821000000.0,
        "Net Interest Income": 29201000000.0,
        "Interest Expense": 96270000000.0,
        "Interest Income": 75741000000.0,
        "Normalized Income": 261523560000.0,
        "Net Income From Continuing And Discontinued Operation": 37889000000.0,
        "Total Expenses": 6297996000000.0,
        "Rent Expense Supplemental": 43307000000.0,
        "Total Operating Income As Reported": 44303000000.0,
        "Diluted Average Shares": 492826844.0,
        "Basic Average Shares": 492826844.0,
        "Diluted EPS": 110.383598,
        "Basic EPS": 110.383598,
        "Diluted NI Availto Com Stockholders": 38491000000.0,
        "Average Dilution Earnings": -253000000.0,
        "Net Income Common Stockholders": 38744000000.0,
        "Otherunder Preferred Stock Dividend": -855000000.0,
        "Net Income": 37889000000.0,
        "Minority Interests": 96136000000.0,
        "Net Income Including Noncontrolling Interests": -58247000000.0,
        "Net Income Continuous Operations": -58247000000.0,
        "Tax Provision": 24798000000.0,
        "Pretax Income": -33449000000.0,
        "Other Income Expense": -363216000000.0,
        "Other Non Operating Income Expenses": NaN,
        "Special Income Charges": -269059000000.0,
        "Gain On Sale Of Ppe": -25037000000.0,
        "Gain On Sale Of Business": 55000000.0,
        "Other Special Charges": NaN,
        "Earnings From Equity Interest": -42726000000.0,
        "Gain On Sale Of Security": -25197000000.0,
        "Net Non Operating Interest Income Expense": 29201000000.0,
        "Total Other Finance Cost": -49730000000.0,
        "Interest Expense Non Operating": 96270000000.0,
        "Interest Income Non Operating": 75741000000.0,
        "Operating Income": 300566000000.0,
        "Operating Expense": 3804879000000.0,
        "Other Operating Expenses": 826568000000.0,
        "Other Taxes": 63174000000.0,
        "Provision For Doubtful Accounts": 163314000000.0,
        "Depreciation Amortization Depletion Income Statement": 1013580000000.0,
        "Depreciation And Amortization In Income Statement": 1013580000000.0,
        "Amortization": 212502000000.0,
        "Amortization Of Intangibles Income Statement": 212502000000.0,
        "Depreciation Income Statement": 801078000000.0,
        "Research And Development": NaN,
        "Selling General And Administration": 1873014000000.0,
        "Selling And Marketing Expense": 646444000000.0,
        "General And Administrative Expense": 1226570000000.0,
        "Other Gand A": NaN,
        "Insurance And Claims": 18000000000.0,
        "Rent And Landing Fees": 43307000000.0,
        "Salaries And Wages": 1165263000000.0,
        "Gross Profit": 4105445000000.0,
        "Cost Of Revenue": 2493117000000.0,
        "Total Revenue": 6598562000000.0,
        "Operating Revenue": 6598562000000.0
    },
    "2024-03-31": {
        "Tax Effect Of Unusual Items": 7845150041.210765,
        "Tax Rate For Calcs": 0.257066,
        "Normalized EBITDA": 1575979000000.0,
        "Total Unusual Items": 30518000000.0,
        "Total Unusual Items Excluding Goodwill": 30518000000.0,
        "Net Income From Continuing Operation Net Minority Interest": 375530000000.0,
        "Reconciled Depreciation": 817465000000.0,
        "Reconciled Cost Of Revenue": 2550261000000.0,
        "EBITDA": 1606497000000.0,
        "EBIT": 632812000000.0,
        "Net Interest Income": -25047000000.0,
        "Interest Expense": 103824000000.0,
        "Interest Income": 77747000000.0,
        "Normalized Income": 352857150041.21075,
        "Net Income From Continuing And Discontinued Operation": 375530000000.0,
        "Total Expenses": 6148628000000.0,
        "Rent Expense Supplemental": 37138000000.0,
        "Total Operating Income As Reported": 506500000000.0,
        "Diluted Average Shares": 492729762.0,
        "Basic Average Shares": 492461024.0,
        "Diluted EPS": 761.5,
        "Basic EPS": 762.0,
        "Diluted NI Availto Com Stockholders": 375175000000.0,
        "Average Dilution Earnings": -99000000.0,
        "Net Income Common Stockholders": 375274000000.0,
        "Otherunder Preferred Stock Dividend": 256000000.0,
        "Net Income": 375530000000.0,
        "Minority Interests": -17473000000.0,
        "Net Income Including Noncontrolling Interests": 393003000000.0,
        "Net Income Continuous Operations": 393003000000.0,
        "Tax Provision": 135985000000.0,
        "Pretax Income": 528988000000.0,
        "Other Income Expense": 48089000000.0,
        "Other Non Operating Income Expenses": 7333000000.0,
        "Special Income Charges": -4313000000.0,
        "Gain On Sale Of Ppe": -4313000000.0,
        "Gain On Sale Of Business": 0.0,
        "Other Special Charges": NaN,
        "Earnings From Equity Interest": 10238000000.0,
        "Gain On Sale Of Security": 34831000000.0,
        "Net Non Operating Interest Income Expense": -25047000000.0,
        "Total Other Finance Cost": -1030000000.0,
        "Interest Expense Non Operating": 103824000000.0,
        "Interest Income Non Operating": 77747000000.0,
        "Operating Income": 505946000000.0,
        "Operating Expense": 3754587000000.0,
        "Other Operating Expenses": 900049000000.0,
        "Other Taxes": 65291000000.0,
        "Provision For Doubtful Accounts": 9905000000.0,
        "Depreciation Amortization Depletion Income Statement": 973685000000.0,
        "Depreciation And Amortization In Income Statement": 973685000000.0,
        "Amortization": 166943000000.0,
        "Amortization Of Intangibles Income Statement": 166943000000.0,
        "Depreciation Income Statement": 806742000000.0,
        "Research And Development": 51034000000.0,
        "Selling General And Administration": 1754623000000.0,
        "Selling And Marketing Expense": 598425000000.0,
        "General And Administrative Expense": 1156198000000.0,
        "Other Gand A": 1700500000000.0,
        "Insurance And Claims": 18137000000.0,
        "Rent And Landing Fees": 37138000000.0,
        "Salaries And Wages": 1100923000000.0,
        "Gross Profit": 4260533000000.0,
        "Cost Of Revenue": 2394041000000.0,
        "Total Revenue": 6654574000000.0,
        "Operating Revenue": 6597842000000.0
    },
    "2024-06-30": {
        "Tax Effect Of Unusual Items": 17291497252.60414,
        "Tax Rate For Calcs": 0.262557,
        "Normalized EBITDA": 1731654000000.0,
        "Total Unusual Items": 65858000000.0,
        "Total Unusual Items Excluding Goodwill": 65858000000.0,
        "Net Income From Continuing Operation Net Minority Interest": 393025000000.0,
        "Reconciled Depreciation": 1149764000000.0,
        "Reconciled Cost Of Revenue": 2021976000000.0,
        "EBITDA": 1797512000000.0,
        "EBIT": 647748000000.0,
        "Net Interest Income": -25929000000.0,
        "Interest Expense": 91039000000.0,
        "Interest Income": 78728000000.0,
        "Normalized Income": 344458497252.6041,
        "Net Income From Continuing And Discontinued Operation": 393025000000.0,
        "Total Expenses": 6058771000000.0,
        "Rent Expense Supplemental": 39043000000.0,
        "Total Operating Income As Reported": 493986000000.0,
        "Diluted Average Shares": 491563938.0,
        "Basic Average Shares": 491513716.0,
        "Diluted EPS": 798.5,
        "Basic EPS": 799.0,
        "Diluted NI Availto Com Stockholders": 392622000000.0,
        "Average Dilution Earnings": -142000000.0,
        "Net Income Common Stockholders": 392764000000.0,
        "Otherunder Preferred Stock Dividend": 261000000.0,
        "Net Income": 393025000000.0,
        "Minority Interests": -17516000000.0,
        "Net Income Including Noncontrolling Interests": 410541000000.0,
        "Net Income Continuous Operations": 410541000000.0,
        "Tax Provision": 146168000000.0,
        "Pretax Income": 556709000000.0,
        "Other Income Expense": 95010000000.0,
        "Other Non Operating Income Expenses": 32185000000.0,
        "Special Income Charges": 33605000000.0,
        "Gain On Sale Of Ppe": -17023000000.0,
        "Gain On Sale Of Business": 50628000000.0,
        "Other Special Charges": NaN,
        "Earnings From Equity Interest": -3033000000.0,
        "Gain On Sale Of Security": 32253000000.0,
        "Net Non Operating Interest Income Expense": -25929000000.0,
        "Total Other Finance Cost": 13618000000.0,
        "Interest Expense Non Operating": 91039000000.0,
        "Interest Income Non Operating": 78728000000.0,
        "Operating Income": 487628000000.0,
        "Operating Expense": 3853197000000.0,
        "Other Operating Expenses": 907432000000.0,
        "Other Taxes": 64437000000.0,
        "Provision For Doubtful Accounts": 11214000000.0,
        "Depreciation Amortization Depletion Income Statement": 966166000000.0,
        "Depreciation And Amortization In Income Statement": 966166000000.0,
        "Amortization": 161938000000.0,
        "Amortization Of Intangibles Income Statement": 161938000000.0,
        "Depreciation Income Statement": 804228000000.0,
        "Research And Development": 43144000000.0,
        "Selling General And Administration": 1860804000000.0,
        "Selling And Marketing Expense": 595105000000.0,
        "General And Administrative Expense": 1265699000000.0,
        "Other Gand A": 1742100000000.0,
        "Insurance And Claims": 13504000000.0,
        "Rent And Landing Fees": 39043000000.0,
        "Salaries And Wages": 1213152000000.0,
        "Gross Profit": 4340825000000.0,
        "Cost Of Revenue": 2205574000000.0,
        "Total Revenue": 6546399000000.0,
        "Operating Revenue": 6489158000000.0
    },
    "2024-09-30": {
        "Tax Effect Of Unusual Items": 5089584828.716063,
        "Tax Rate For Calcs": 0.247307,
        "Normalized EBITDA": 1550486000000.0,
        "Total Unusual Items": 20580000000.0,
        "Total Unusual Items Excluding Goodwill": 20580000000.0,
        "Net Income From Continuing Operation Net Minority Interest": 357341000000.0,
        "Reconciled Depreciation": 978798000000.0,
        "Reconciled Cost Of Revenue": 2386394000000.0,
        "EBITDA": 1571066000000.0,
        "EBIT": 592268000000.0,
        "Net Interest Income": -7562000000.0,
        "Interest Expense": 83201000000.0,
        "Interest Income": 74441000000.0,
        "Normalized Income": 341850584828.71606,
        "Net Income From Continuing And Discontinued Operation": 357341000000.0,
        "Total Expenses": 6181274000000.0,
        "Rent Expense Supplemental": 34209000000.0,
        "Total Operating Income As Reported": 464110000000.0,
        "Diluted Average Shares": 491851144.0,
        "Basic Average Shares": 491651550.0,
        "Diluted EPS": 725.5,
        "Basic EPS": 726.5,
        "Diluted NI Availto Com Stockholders": 356862000000.0,
        "Average Dilution Earnings": -213000000.0,
        "Net Income Common Stockholders": 357075000000.0,
        "Otherunder Preferred Stock Dividend": 266000000.0,
        "Net Income": 357341000000.0,
        "Minority Interests": -25830000000.0,
        "Net Income Including Noncontrolling Interests": 383171000000.0,
        "Net Income Continuous Operations": 383171000000.0,
        "Tax Provision": 125896000000.0,
        "Pretax Income": 509067000000.0,
        "Other Income Expense": 43288000000.0,
        "Other Non Operating Income Expenses": 24645000000.0,
        "Special Income Charges": 15184000000.0,
        "Gain On Sale Of Ppe": -2779000000.0,
        "Gain On Sale Of Business": 17963000000.0,
        "Other Special Charges": NaN,
        "Earnings From Equity Interest": -1937000000.0,
        "Gain On Sale Of Security": 5396000000.0,
        "Net Non Operating Interest Income Expense": -7562000000.0,
        "Total Other Finance Cost": -1198000000.0,
        "Interest Expense Non Operating": 83201000000.0,
        "Interest Income Non Operating": 74441000000.0,
        "Operating Income": 473341000000.0,
        "Operating Expense": 3780833000000.0,
        "Other Operating Expenses": 917553000000.0,
        "Other Taxes": 68615000000.0,
        "Provision For Doubtful Accounts": -129000000.0,
        "Depreciation Amortization Depletion Income Statement": 964751000000.0,
        "Depreciation And Amortization In Income Statement": 964751000000.0,
        "Amortization": 156045000000.0,
        "Amortization Of Intangibles Income Statement": 156045000000.0,
        "Depreciation Income Statement": 808706000000.0,
        "Research And Development": 44505000000.0,
        "Selling General And Administration": 1785538000000.0,
        "Selling And Marketing Expense": 612675000000.0,
        "General And Administrative Expense": 1172863000000.0,
        "Other Gand A": NaN,
        "Insurance And Claims": 20320000000.0,
        "Rent And Landing Fees": 34209000000.0,
        "Salaries And Wages": 1118334000000.0,
        "Gross Profit": 4254174000000.0,
        "Cost Of Revenue": 2400441000000.0,
        "Total Revenue": 6654615000000.0,
        "Operating Revenue": 6594289000000.0
    }
}