{
    "2023-03-31": {
        "Tax Effect Of Unusual Items": NaN,
        "Tax Rate For Calcs": NaN,
        "Normalized EBITDA": NaN,
        "Total Unusual Items": NaN,
        "Total Unusual Items Excluding Goodwill": NaN,
        "Net Income From Continuing Operation Net Minority Interest": NaN,
        "Reconciled Depreciation": NaN,
        "EBITDA": NaN,
        "EBIT": NaN,
        "Net Interest Income": NaN,
        "Interest Expense": 6388.0,
        "Interest Income": NaN,
        "Normalized Income": NaN,
        "Net Income From Continuing And Discontinued Operation": NaN,
        "Total Expenses": NaN,
        "Total Operating Income As Reported": NaN,
        "Diluted Average Shares": 1303652.0,
        "Basic Average Shares": 1303652.0,
        "Diluted EPS": -2.8,
        "Basic EPS": -2.8,
        "Diluted NI Availto Com Stockholders": NaN,
        "Net Income Common Stockholders": NaN,
        "Net Income": NaN,
        "Net Income Including Noncontrolling Interests": NaN,
        "Net Income Discontinuous Operations": NaN,
        "Net Income Continuous Operations": NaN,
        "Tax Provision": NaN,
        "Pretax Income": NaN,
        "Other Income Expense": NaN,
        "Gain On Sale Of Security": NaN,
        "Net Non Operating Interest Income Expense": NaN,
        "Interest Expense Non Operating": 6388.0,
        "Interest Income Non Operating": NaN,
        "Operating Income": NaN,
        "Operating Expense": NaN,
        "Research And Development": NaN,
        "Selling General And Administration": NaN,
        "General And Administrative Expense": NaN,
        "Other Gand A": NaN,
        "Total Revenue": NaN,
        "Operating Revenue": NaN
    },
    "2022-12-31": {
        "Tax Effect Of Unusual Items": NaN,
        "Tax Rate For Calcs": NaN,
        "Normalized EBITDA": NaN,
        "Total Unusual Items": NaN,
        "Total Unusual Items Excluding Goodwill": NaN,
        "Net Income From Continuing Operation Net Minority Interest": NaN,
        "Reconciled Depreciation": NaN,
        "Reconciled Cost Of Revenue": -1308.0,
        "EBITDA": NaN,
        "EBIT": NaN,
        "Net Interest Income": NaN,
        "Interest Expense": NaN,
        "Interest Income": NaN,
        "Normalized Income": NaN,
        "Net Income From Continuing And Discontinued Operation": NaN,
        "Total Expenses": NaN,
        "Total Operating Income As Reported": NaN,
        "Diluted Average Shares": NaN,
        "Basic Average Shares": NaN,
        "Diluted EPS": NaN,
        "Basic EPS": NaN,
        "Diluted NI Availto Com Stockholders": NaN,
        "Net Income Common Stockholders": NaN,
        "Net Income": NaN,
        "Net Income Including Noncontrolling Interests": NaN,
        "Net Income Discontinuous Operations": NaN,
        "Net Income Continuous Operations": NaN,
        "Tax Provision": NaN,
        "Pretax Income": NaN,
        "Other Income Expense": NaN,
        "Other Non Operating Income Expenses": -277.0,
        "Gain On Sale Of Security": NaN,
        "Net Non Operating Interest Income Expense": NaN,
        "Interest Expense Non Operating": NaN,
        "Interest Income Non Operating": NaN,
        "Operating Income": NaN,
        "Operating Expense": NaN,
        "Research And Development": NaN,
        "Selling General And Administration": NaN,
        "General And Administrative Expense": NaN,
        "Other Gand A": NaN,
        "Gross Profit": 242020.0,
        "Cost Of Revenue": -1308.0,
        "Total Revenue": NaN,
        "Operating Revenue": NaN
    },
    "2022-09-30": {
        "Tax Effect Of Unusual Items": NaN,
        "Tax Rate For Calcs": NaN,
        "Normalized EBITDA": NaN,
        "Total Unusual Items": NaN,
        "Total Unusual Items Excluding Goodwill": NaN,
        "Net Income From Continuing Operation Net Minority Interest": NaN,
        "Reconciled Depreciation": NaN,
        "Reconciled Cost Of Revenue": 86465.0,
        "EBITDA": NaN,
        "EBIT": NaN,
        "Net Interest Income": NaN,
        "Interest Expense": NaN,
        "Interest Income": 0.0,
        "Normalized Income": NaN,
        "Net Income From Continuing And Discontinued Operation": NaN,
        "Total Expenses": NaN,
        "Total Operating Income As Reported": NaN,
        "Diluted Average Shares": 1327434.0,
        "Basic Average Shares": 1327434.0,
        "Diluted EPS": -3.4,
        "Basic EPS": -3.4,
        "Diluted NI Availto Com Stockholders": NaN,
        "Net Income Common Stockholders": NaN,
        "Net Income": NaN,
        "Net Income Including Noncontrolling Interests": NaN,
        "Net Income Discontinuous Operations": NaN,
        "Net Income Continuous Operations": NaN,
        "Tax Provision": NaN,
        "Pretax Income": NaN,
        "Other Income Expense": NaN,
        "Other Non Operating Income Expenses": NaN,
        "Gain On Sale Of Security": NaN,
        "Net Non Operating Interest Income Expense": NaN,
        "Interest Expense Non Operating": NaN,
        "Interest Income Non Operating": 0.0,
        "Operating Income": NaN,
        "Operating Expense": NaN,
        "Research And Development": NaN,
        "Selling General And Administration": NaN,
        "Gross Profit": 132143.0,
        "Cost Of Revenue": 86465.0,
        "Total Revenue": NaN,
        "Operating Revenue": NaN
    },
    "2022-06-30": {
        "Tax Effect Of Unusual Items": 0.0,
        "Tax Rate For Calcs": 0.0,
        "Normalized EBITDA": -3491007.0,
        "Total Unusual Items": 421700.0,
        "Total Unusual Items Excluding Goodwill": 421700.0,
        "Net Income From Continuing Operation Net Minority Interest": -2658394.0,
        "Reconciled Depreciation": 10787.0,
        "Reconciled Cost Of Revenue": 15101.0,
        "EBITDA": -3069307.0,
        "EBIT": -3080094.0,
        "Net Interest Income": NaN,
        "Interest Expense": NaN,
        "Interest Income": NaN,
        "Normalized Income": -3080094.0,
        "Net Income From Continuing And Discontinued Operation": -2658394.0,
        "Total Expenses": 3093675.0,
        "Total Operating Income As Reported": -3080094.0,
        "Diluted Average Shares": 23444135.0,
        "Basic Average Shares": 23444135.0,
        "Diluted EPS": -0.11,
        "Basic EPS": -0.11,
        "Diluted NI Availto Com Stockholders": -2658394.0,
        "Net Income Common Stockholders": -2658394.0,
        "Net Income": -2658394.0,
        "Net Income Including Noncontrolling Interests": -2658394.0,
        "Net Income Discontinuous Operations": NaN,
        "Net Income Continuous Operations": -2658394.0,
        "Tax Provision": 0.0,
        "Pretax Income": -2658394.0,
        "Other Income Expense": 421700.0,
        "Other Non Operating Income Expenses": NaN,
        "Gain On Sale Of Security": 421700.0,
        "Net Non Operating Interest Income Expense": NaN,
        "Interest Expense Non Operating": NaN,
        "Interest Income Non Operating": NaN,
        "Operating Income": -3080094.0,
        "Operating Expense": 3078574.0,
        "Research And Development": NaN,
        "Selling General And Administration": 3078574.0,
        "Gross Profit": -1520.0,
        "Cost Of Revenue": 15101.0,
        "Total Revenue": 13581.0,
        "Operating Revenue": 13581.0
    },
    "2022-03-31": {
        "Diluted EPS": -0.06,
        "Total Revenue": NaN,
        "Gross Profit": NaN,
        "Operating Income": -2,
        "EBIT": -2,
        "Net Income": -2
    },
    "2021-12-31": {
        "Diluted EPS": 0.12,
        "Total Revenue": NaN,
        "Gross Profit": NaN,
        "Operating Income": -2,
        "EBIT": -2,
        "Net Income": 1
    },
    "2021-09-30": {
        "Diluted EPS": -0.17,
        "Total Revenue": NaN,
        "Gross Profit": NaN,
        "Operating Income": -1,
        "EBIT": -1,
        "Net Income": -2
    },
    "2021-06-30": {
        "Diluted EPS": -0.09,
        "Total Revenue": NaN,
        "Gross Profit": NaN,
        "Operating Income": -1,
        "EBIT": -1,
        "Net Income": -1
    },
    "2021-03-31": {
        "Diluted EPS": -0.07,
        "Total Revenue": NaN,
        "Gross Profit": NaN,
        "Operating Income": -1,
        "EBIT": -1,
        "Net Income": -1
    },
    "2020-12-31": {
        "Diluted EPS": 0.0,
        "Total Revenue": NaN,
        "Gross Profit": NaN,
        "Operating Income": NaN,
        "EBIT": NaN,
        "Net Income": NaN
    },
    "2020-09-30": {
        "Diluted EPS": 0.0,
        "Total Revenue": NaN,
        "Gross Profit": NaN,
        "Operating Income": 0,
        "EBIT": 0,
        "Net Income": 0
    },
    "2023-06-30": {
        "Tax Effect Of Unusual Items": 0.0,
        "Tax Rate For Calcs": 0.0,
        "Normalized EBITDA": -3779870.0,
        "Total Unusual Items": 113426.0,
        "Total Unusual Items Excluding Goodwill": 113426.0,
        "Net Income From Continuing Operation Net Minority Interest": -3598084.0,
        "Reconciled Depreciation": 162257.0,
        "EBITDA": -3666444.0,
        "EBIT": -3828701.0,
        "Net Interest Income": 117191.0,
        "Interest Expense": NaN,
        "Interest Income": 117191.0,
        "Normalized Income": -3711510.0,
        "Net Income From Continuing And Discontinued Operation": -3763230.0,
        "Total Expenses": 3828701.0,
        "Total Operating Income As Reported": -3828701.0,
        "Diluted Average Shares": 1306401.0,
        "Basic Average Shares": 1306401.0,
        "Diluted EPS": -2.88,
        "Basic EPS": -2.88,
        "Diluted NI Availto Com Stockholders": -3763230.0,
        "Net Income Common Stockholders": -3763230.0,
        "Net Income": -3763230.0,
        "Net Income Including Noncontrolling Interests": -3763230.0,
        "Net Income Discontinuous Operations": -165146.0,
        "Net Income Continuous Operations": -3598084.0,
        "Tax Provision": 0.0,
        "Pretax Income": -3598084.0,
        "Other Income Expense": 113426.0,
        "Gain On Sale Of Security": 113426.0,
        "Net Non Operating Interest Income Expense": 117191.0,
        "Interest Expense Non Operating": NaN,
        "Interest Income Non Operating": 117191.0,
        "Operating Income": -3828701.0,
        "Operating Expense": 3828701.0,
        "Research And Development": 2028165.0,
        "Selling General And Administration": 1800536.0,
        "General And Administrative Expense": 1800536.0,
        "Other Gand A": 1800536.0,
        "Total Revenue": 0.0,
        "Operating Revenue": 0.0
    },
    "2023-09-30": {
        "Tax Effect Of Unusual Items": 0.0,
        "Tax Rate For Calcs": 0.0,
        "Normalized EBITDA": -3672066.0,
        "Total Unusual Items": 44996.0,
        "Total Unusual Items Excluding Goodwill": 44996.0,
        "Net Income From Continuing Operation Net Minority Interest": -3612590.0,
        "Reconciled Depreciation": 162256.0,
        "EBITDA": -3627070.0,
        "EBIT": -3789326.0,
        "Net Interest Income": 131740.0,
        "Interest Expense": NaN,
        "Interest Income": 131740.0,
        "Normalized Income": -3657586.0,
        "Net Income From Continuing And Discontinued Operation": -3612590.0,
        "Total Expenses": 3789326.0,
        "Total Operating Income As Reported": -3789326.0,
        "Diluted Average Shares": 1258049.0,
        "Basic Average Shares": 1258049.0,
        "Diluted EPS": -2.8,
        "Basic EPS": -2.8,
        "Diluted NI Availto Com Stockholders": -3612590.0,
        "Net Income Common Stockholders": -3612590.0,
        "Net Income": -3612590.0,
        "Net Income Including Noncontrolling Interests": -3612590.0,
        "Net Income Discontinuous Operations": 0.0,
        "Net Income Continuous Operations": -3612590.0,
        "Tax Provision": 0.0,
        "Pretax Income": -3612590.0,
        "Other Income Expense": 44996.0,
        "Gain On Sale Of Security": 44996.0,
        "Net Non Operating Interest Income Expense": 131740.0,
        "Interest Expense Non Operating": NaN,
        "Interest Income Non Operating": 131740.0,
        "Operating Income": -3789326.0,
        "Operating Expense": 3789326.0,
        "Research And Development": 1624766.0,
        "Selling General And Administration": 2164560.0,
        "General And Administrative Expense": NaN,
        "Other Gand A": NaN,
        "Total Revenue": 0.0,
        "Operating Revenue": 0.0
    },
    "2023-12-31": {
        "Tax Effect Of Unusual Items": 0.0,
        "Tax Rate For Calcs": 0.0,
        "Normalized EBITDA": -4931254.0,
        "Total Unusual Items": -55307.0,
        "Total Unusual Items Excluding Goodwill": -55307.0,
        "Net Income From Continuing Operation Net Minority Interest": -5031264.0,
        "Reconciled Depreciation": 162221.0,
        "EBITDA": -4986561.0,
        "EBIT": -5148782.0,
        "Net Interest Income": 172825.0,
        "Interest Expense": NaN,
        "Interest Income": 172825.0,
        "Normalized Income": -4975957.0,
        "Net Income From Continuing And Discontinued Operation": -5048159.0,
        "Total Expenses": 5148782.0,
        "Total Operating Income As Reported": -5148782.0,
        "Diluted Average Shares": NaN,
        "Basic Average Shares": NaN,
        "Diluted EPS": NaN,
        "Basic EPS": NaN,
        "Diluted NI Availto Com Stockholders": -5048159.0,
        "Net Income Common Stockholders": -5048159.0,
        "Net Income": -5048159.0,
        "Net Income Including Noncontrolling Interests": -5048159.0,
        "Net Income Discontinuous Operations": -16895.0,
        "Net Income Continuous Operations": -5031264.0,
        "Tax Provision": 0.0,
        "Pretax Income": -5031264.0,
        "Other Income Expense": -55307.0,
        "Gain On Sale Of Security": -55307.0,
        "Net Non Operating Interest Income Expense": 172825.0,
        "Interest Expense Non Operating": NaN,
        "Interest Income Non Operating": 172825.0,
        "Operating Income": -5148782.0,
        "Operating Expense": 5148782.0,
        "Research And Development": 3351548.0,
        "Selling General And Administration": 1797234.0,
        "General And Administrative Expense": NaN,
        "Other Gand A": NaN,
        "Total Revenue": 0.0,
        "Operating Revenue": 0.0
    },
    "2024-03-31": {
        "Tax Effect Of Unusual Items": 0.0,
        "Tax Rate For Calcs": 0.0,
        "Normalized EBITDA": -3905232.0,
        "Total Unusual Items": 26716.0,
        "Total Unusual Items Excluding Goodwill": 26716.0,
        "Net Income From Continuing Operation Net Minority Interest": -3860840.0,
        "Reconciled Depreciation": 162258.0,
        "EBITDA": -3878516.0,
        "EBIT": -4040774.0,
        "Net Interest Income": 153218.0,
        "Interest Expense": NaN,
        "Interest Income": 153218.0,
        "Normalized Income": -3887556.0,
        "Net Income From Continuing And Discontinued Operation": -3860840.0,
        "Total Expenses": 4040774.0,
        "Total Operating Income As Reported": -4040774.0,
        "Diluted Average Shares": 1042479.0,
        "Basic Average Shares": 1042479.0,
        "Diluted EPS": -3.7,
        "Basic EPS": -3.7,
        "Diluted NI Availto Com Stockholders": -3860840.0,
        "Net Income Common Stockholders": -3860840.0,
        "Net Income": -3860840.0,
        "Net Income Including Noncontrolling Interests": -3860840.0,
        "Net Income Discontinuous Operations": 0.0,
        "Net Income Continuous Operations": -3860840.0,
        "Tax Provision": 0.0,
        "Pretax Income": -3860840.0,
        "Other Income Expense": 26716.0,
        "Gain On Sale Of Security": 26716.0,
        "Net Non Operating Interest Income Expense": 153218.0,
        "Interest Expense Non Operating": NaN,
        "Interest Income Non Operating": 153218.0,
        "Operating Income": -4040774.0,
        "Operating Expense": 4040774.0,
        "Research And Development": 1749128.0,
        "Selling General And Administration": 2291646.0,
        "General And Administrative Expense": NaN,
        "Other Gand A": NaN,
        "Total Revenue": 0.0,
        "Operating Revenue": 0.0
    },
    "2024-06-30": {
        "Tax Effect Of Unusual Items": 0.0,
        "Tax Rate For Calcs": 0.0,
        "Normalized EBITDA": -3747156.0,
        "Total Unusual Items": -35622.0,
        "Total Unusual Items Excluding Goodwill": -35622.0,
        "Net Income From Continuing Operation Net Minority Interest": -3866249.0,
        "Reconciled Depreciation": 162256.0,
        "EBITDA": -3782778.0,
        "EBIT": -3945034.0,
        "Net Interest Income": 114407.0,
        "Interest Expense": NaN,
        "Interest Income": 114407.0,
        "Normalized Income": -3830627.0,
        "Net Income From Continuing And Discontinued Operation": -3866249.0,
        "Total Expenses": 3945034.0,
        "Total Operating Income As Reported": -3945034.0,
        "Diluted Average Shares": 1043312.0,
        "Basic Average Shares": 1043312.0,
        "Diluted EPS": -3.71,
        "Basic EPS": -3.71,
        "Diluted NI Availto Com Stockholders": -3866249.0,
        "Net Income Common Stockholders": -3866249.0,
        "Net Income": -3866249.0,
        "Net Income Including Noncontrolling Interests": -3866249.0,
        "Net Income Discontinuous Operations": 0.0,
        "Net Income Continuous Operations": -3866249.0,
        "Tax Provision": 0.0,
        "Pretax Income": -3866249.0,
        "Other Income Expense": -35622.0,
        "Gain On Sale Of Security": -35622.0,
        "Net Non Operating Interest Income Expense": 114407.0,
        "Interest Expense Non Operating": NaN,
        "Interest Income Non Operating": 114407.0,
        "Operating Income": -3945034.0,
        "Operating Expense": 3945034.0,
        "Research And Development": 2357974.0,
        "Selling General And Administration": 1587060.0,
        "General And Administrative Expense": 1587060.0,
        "Other Gand A": 1587060.0,
        "Total Revenue": 0.0,
        "Operating Revenue": 0.0
    }
}