{
    "2023-03-31": {
        "Tax Effect Of Unusual Items": 0.0,
        "Tax Rate For Calcs": 0.0,
        "Normalized EBITDA": -36566000.0,
        "Net Income From Continuing Operation Net Minority Interest": -34069000.0,
        "Reconciled Depreciation": 206000.0,
        "EBITDA": -36566000.0,
        "EBIT": -36566000.0,
        "Net Interest Income": 2497000.0,
        "Interest Expense": 364000.0,
        "Interest Income": 2861000.0,
        "Normalized Income": -34069000.0,
        "Net Income From Continuing And Discontinued Operation": -34069000.0,
        "Total Expenses": 36566000.0,
        "Diluted Average Shares": 68403000.0,
        "Basic Average Shares": 68403000.0,
        "Diluted EPS": -0.5,
        "Basic EPS": -0.5,
        "Diluted NI Availto Com Stockholders": -34069000.0,
        "Net Income Common Stockholders": -34069000.0,
        "Net Income": -34069000.0,
        "Net Income Including Noncontrolling Interests": -34069000.0,
        "Net Income Continuous Operations": -34069000.0,
        "Pretax Income": -34069000.0,
        "Other Income Expense": 2497000.0,
        "Other Non Operating Income Expenses": 2497000.0,
        "Net Non Operating Interest Income Expense": 2497000.0,
        "Interest Expense Non Operating": 364000.0,
        "Interest Income Non Operating": 2861000.0,
        "Operating Income": -36566000.0,
        "Operating Expense": 36566000.0,
        "Research And Development": 25192000.0,
        "Selling General And Administration": 11374000.0,
        "General And Administrative Expense": 11374000.0,
        "Other Gand A": 11374000.0,
        "Total Revenue": 0.0,
        "Operating Revenue": 0.0
    },
    "2022-12-31": {
        "Tax Effect Of Unusual Items": 0.0,
        "Tax Rate For Calcs": 0.0,
        "Normalized EBITDA": -35156000.0,
        "Net Income From Continuing Operation Net Minority Interest": -33114000.0,
        "Reconciled Depreciation": 206000.0,
        "EBITDA": -35156000.0,
        "EBIT": -35156000.0,
        "Net Interest Income": 2042000.0,
        "Interest Expense": 229000.0,
        "Interest Income": 2271000.0,
        "Normalized Income": -33114000.0,
        "Net Income From Continuing And Discontinued Operation": -33114000.0,
        "Total Expenses": 35156000.0,
        "Diluted Average Shares": 67791000.0,
        "Basic Average Shares": 67791000.0,
        "Diluted EPS": -0.49,
        "Basic EPS": -0.49,
        "Diluted NI Availto Com Stockholders": -33114000.0,
        "Net Income Common Stockholders": -33114000.0,
        "Net Income": -33114000.0,
        "Net Income Including Noncontrolling Interests": -33114000.0,
        "Net Income Continuous Operations": -33114000.0,
        "Pretax Income": -33114000.0,
        "Other Income Expense": 2042000.0,
        "Other Non Operating Income Expenses": 2042000.0,
        "Net Non Operating Interest Income Expense": 2042000.0,
        "Interest Expense Non Operating": 229000.0,
        "Interest Income Non Operating": 2271000.0,
        "Operating Income": -35156000.0,
        "Operating Expense": 35156000.0,
        "Research And Development": 22668000.0,
        "Selling General And Administration": 12488000.0,
        "General And Administrative Expense": 12488000.0,
        "Other Gand A": 12488000.0,
        "Total Revenue": 0.0,
        "Operating Revenue": 0.0
    },
    "2022-09-30": {
        "Tax Effect Of Unusual Items": 0.0,
        "Tax Rate For Calcs": 0.0,
        "Normalized EBITDA": -35311000.0,
        "Net Income From Continuing Operation Net Minority Interest": -35504000.0,
        "Reconciled Depreciation": 193000.0,
        "EBITDA": -35311000.0,
        "EBIT": -35504000.0,
        "Net Interest Income": 1090000.0,
        "Interest Expense": 0.0,
        "Interest Income": 1090000.0,
        "Normalized Income": -35504000.0,
        "Net Income From Continuing And Discontinued Operation": -35504000.0,
        "Total Expenses": 36594000.0,
        "Diluted Average Shares": 66889000.0,
        "Basic Average Shares": 66889000.0,
        "Diluted EPS": -0.53,
        "Basic EPS": -0.53,
        "Diluted NI Availto Com Stockholders": -35504000.0,
        "Net Income Common Stockholders": -35504000.0,
        "Net Income": -35504000.0,
        "Net Income Including Noncontrolling Interests": -35504000.0,
        "Net Income Continuous Operations": -35504000.0,
        "Pretax Income": -35504000.0,
        "Other Income Expense": NaN,
        "Other Non Operating Income Expenses": NaN,
        "Net Non Operating Interest Income Expense": 1090000.0,
        "Interest Expense Non Operating": 0.0,
        "Interest Income Non Operating": 1090000.0,
        "Operating Income": -36594000.0,
        "Operating Expense": 36594000.0,
        "Research And Development": 24973000.0,
        "Selling General And Administration": 11621000.0,
        "General And Administrative Expense": 11621000.0,
        "Other Gand A": 11621000.0,
        "Total Revenue": 0.0,
        "Operating Revenue": 0.0
    },
    "2022-06-30": {
        "Tax Effect Of Unusual Items": 0.0,
        "Tax Rate For Calcs": 0.0,
        "Normalized EBITDA": -34586000.0,
        "Net Income From Continuing Operation Net Minority Interest": -34769000.0,
        "Reconciled Depreciation": 183000.0,
        "EBITDA": -34586000.0,
        "EBIT": -34769000.0,
        "Net Interest Income": 564000.0,
        "Interest Expense": 0.0,
        "Interest Income": 564000.0,
        "Normalized Income": -34769000.0,
        "Net Income From Continuing And Discontinued Operation": -34769000.0,
        "Total Expenses": 35333000.0,
        "Diluted Average Shares": 66672000.0,
        "Basic Average Shares": 66672000.0,
        "Diluted EPS": -0.52,
        "Basic EPS": -0.52,
        "Diluted NI Availto Com Stockholders": -34769000.0,
        "Net Income Common Stockholders": -34769000.0,
        "Net Income": -34769000.0,
        "Net Income Including Noncontrolling Interests": -34769000.0,
        "Net Income Continuous Operations": -34769000.0,
        "Pretax Income": -34769000.0,
        "Other Income Expense": NaN,
        "Other Non Operating Income Expenses": NaN,
        "Net Non Operating Interest Income Expense": 564000.0,
        "Interest Expense Non Operating": 0.0,
        "Interest Income Non Operating": 564000.0,
        "Operating Income": -35333000.0,
        "Operating Expense": 35333000.0,
        "Research And Development": 24258000.0,
        "Selling General And Administration": 11075000.0,
        "General And Administrative Expense": 11075000.0,
        "Other Gand A": 11075000.0,
        "Total Revenue": 0.0,
        "Operating Revenue": 0.0
    },
    "2023-06-30": {
        "Tax Effect Of Unusual Items": 0.0,
        "Tax Rate For Calcs": 0.0,
        "Normalized EBITDA": -40003000.0,
        "Net Income From Continuing Operation Net Minority Interest": -37174000.0,
        "Reconciled Depreciation": 213000.0,
        "EBITDA": -40003000.0,
        "EBIT": -40003000.0,
        "Net Interest Income": 2829000.0,
        "Interest Expense": 387000.0,
        "Interest Income": 3216000.0,
        "Normalized Income": -37174000.0,
        "Net Income From Continuing And Discontinued Operation": -37174000.0,
        "Total Expenses": 40003000.0,
        "Diluted Average Shares": 69795000.0,
        "Basic Average Shares": 69795000.0,
        "Diluted EPS": -0.53,
        "Basic EPS": -0.53,
        "Diluted NI Availto Com Stockholders": -37174000.0,
        "Net Income Common Stockholders": -37174000.0,
        "Net Income": -37174000.0,
        "Net Income Including Noncontrolling Interests": -37174000.0,
        "Net Income Continuous Operations": -37174000.0,
        "Pretax Income": -37174000.0,
        "Other Income Expense": 2829000.0,
        "Other Non Operating Income Expenses": 2829000.0,
        "Net Non Operating Interest Income Expense": 2829000.0,
        "Interest Expense Non Operating": 387000.0,
        "Interest Income Non Operating": 3216000.0,
        "Operating Income": -40003000.0,
        "Operating Expense": 40003000.0,
        "Research And Development": 28182000.0,
        "Selling General And Administration": 11821000.0,
        "General And Administrative Expense": 11821000.0,
        "Other Gand A": 11821000.0,
        "Total Revenue": 0.0,
        "Operating Revenue": 0.0
    },
    "2022-03-31": {
        "Diluted EPS": -0.49,
        "Total Revenue": NaN,
        "Gross Profit": NaN,
        "Operating Income": -33,
        "EBIT": -32,
        "Net Income": -32
    },
    "2021-12-31": {
        "Diluted EPS": -0.5,
        "Total Revenue": NaN,
        "Gross Profit": NaN,
        "Operating Income": -33,
        "EBIT": -32,
        "Net Income": -33
    },
    "2021-09-30": {
        "Diluted EPS": -0.5,
        "Total Revenue": NaN,
        "Gross Profit": NaN,
        "Operating Income": -34,
        "EBIT": -32,
        "Net Income": -33
    },
    "2021-06-30": {
        "Diluted EPS": -0.51,
        "Total Revenue": NaN,
        "Gross Profit": NaN,
        "Operating Income": -34,
        "EBIT": -32,
        "Net Income": -34
    },
    "2021-03-31": {
        "Diluted EPS": -0.46,
        "Total Revenue": NaN,
        "Gross Profit": NaN,
        "Operating Income": -31,
        "EBIT": -30,
        "Net Income": -31
    },
    "2020-12-31": {
        "Diluted EPS": -0.45,
        "Total Revenue": NaN,
        "Gross Profit": NaN,
        "Operating Income": -26,
        "EBIT": -26,
        "Net Income": -26
    },
    "2020-09-30": {
        "Diluted EPS": -0.42,
        "Total Revenue": NaN,
        "Gross Profit": NaN,
        "Operating Income": -24,
        "EBIT": -24,
        "Net Income": -24
    },
    "2020-06-30": {
        "Diluted EPS": -0.4,
        "Total Revenue": NaN,
        "Gross Profit": NaN,
        "Operating Income": -21,
        "EBIT": -21,
        "Net Income": -20
    },
    "2020-03-31": {
        "Diluted EPS": -0.42,
        "Total Revenue": NaN,
        "Gross Profit": NaN,
        "Operating Income": -20,
        "EBIT": -20,
        "Net Income": -19
    },
    "2019-12-31": {
        "Diluted EPS": -0.4,
        "Total Revenue": NaN,
        "Gross Profit": NaN,
        "Operating Income": -19,
        "EBIT": -19,
        "Net Income": -18
    },
    "2019-09-30": {
        "Diluted EPS": -0.36,
        "Total Revenue": NaN,
        "Gross Profit": NaN,
        "Operating Income": -18,
        "EBIT": -18,
        "Net Income": -16
    },
    "2019-06-30": {
        "Diluted EPS": -0.38,
        "Total Revenue": NaN,
        "Gross Profit": NaN,
        "Operating Income": -16,
        "EBIT": -16,
        "Net Income": -15
    },
    "2019-03-31": {
        "Diluted EPS": -0.37,
        "Total Revenue": NaN,
        "Gross Profit": NaN,
        "Operating Income": -15,
        "EBIT": -15,
        "Net Income": -14
    },
    "2018-12-31": {
        "Diluted EPS": -0.41,
        "Total Revenue": NaN,
        "Gross Profit": NaN,
        "Operating Income": -17,
        "EBIT": -17,
        "Net Income": -16
    },
    "2018-09-30": {
        "Diluted EPS": -0.4,
        "Total Revenue": NaN,
        "Gross Profit": NaN,
        "Operating Income": -16,
        "EBIT": -17,
        "Net Income": -15
    },
    "2018-06-30": {
        "Diluted EPS": -0.45,
        "Total Revenue": NaN,
        "Gross Profit": NaN,
        "Operating Income": -15,
        "EBIT": -16,
        "Net Income": -15
    },
    "2018-03-31": {
        "Diluted EPS": -0.46,
        "Total Revenue": NaN,
        "Gross Profit": NaN,
        "Operating Income": -15,
        "EBIT": -15,
        "Net Income": -15
    },
    "2017-12-31": {
        "Diluted EPS": -0.35,
        "Total Revenue": NaN,
        "Gross Profit": NaN,
        "Operating Income": -11,
        "EBIT": -11,
        "Net Income": -11
    },
    "2017-09-30": {
        "Diluted EPS": -0.38,
        "Total Revenue": NaN,
        "Gross Profit": NaN,
        "Operating Income": -9,
        "EBIT": -10,
        "Net Income": -9
    },
    "2017-06-30": {
        "Diluted EPS": -0.4,
        "Total Revenue": NaN,
        "Gross Profit": NaN,
        "Operating Income": -8,
        "EBIT": -8,
        "Net Income": -8
    },
    "2017-03-31": {
        "Diluted EPS": -0.39,
        "Total Revenue": NaN,
        "Gross Profit": NaN,
        "Operating Income": -8,
        "EBIT": -8,
        "Net Income": -8
    },
    "2016-12-31": {
        "Diluted EPS": -0.38,
        "Total Revenue": NaN,
        "Gross Profit": NaN,
        "Operating Income": -7,
        "EBIT": -7,
        "Net Income": -7
    },
    "2016-09-30": {
        "Diluted EPS": -0.37,
        "Total Revenue": NaN,
        "Gross Profit": NaN,
        "Operating Income": -7,
        "EBIT": -7,
        "Net Income": -7
    },
    "2016-06-30": {
        "Diluted EPS": -0.36,
        "Total Revenue": NaN,
        "Gross Profit": NaN,
        "Operating Income": -7,
        "EBIT": -7,
        "Net Income": -7
    },
    "2016-03-31": {
        "Diluted EPS": -0.36,
        "Total Revenue": NaN,
        "Gross Profit": NaN,
        "Operating Income": -7,
        "EBIT": -7,
        "Net Income": -7
    },
    "2015-12-31": {
        "Diluted EPS": 0.24,
        "Total Revenue": NaN,
        "Gross Profit": NaN,
        "Operating Income": -7,
        "EBIT": -7,
        "Net Income": -6
    },
    "2015-09-30": {
        "Diluted EPS": -0.57,
        "Total Revenue": NaN,
        "Gross Profit": NaN,
        "Operating Income": -6,
        "EBIT": -6,
        "Net Income": -6
    },
    "2015-06-30": {
        "Diluted EPS": -0.54,
        "Total Revenue": NaN,
        "Gross Profit": NaN,
        "Operating Income": -6,
        "EBIT": -6,
        "Net Income": -6
    },
    "2015-03-31": {
        "Diluted EPS": -1.41,
        "Total Revenue": NaN,
        "Gross Profit": NaN,
        "Operating Income": -5,
        "EBIT": -5,
        "Net Income": -4
    },
    "2014-12-31": {
        "Diluted EPS": 0.0,
        "Total Revenue": NaN,
        "Gross Profit": NaN,
        "Operating Income": NaN,
        "EBIT": NaN,
        "Net Income": NaN
    },
    "2013-12-31": {
        "Diluted EPS": 0.0,
        "Total Revenue": NaN,
        "Gross Profit": NaN,
        "Operating Income": NaN,
        "EBIT": NaN,
        "Net Income": NaN
    },
    "2012-12-31": {
        "Diluted EPS": 0.0,
        "Total Revenue": NaN,
        "Gross Profit": NaN,
        "Operating Income": NaN,
        "EBIT": NaN,
        "Net Income": NaN
    },
    "2011-12-31": {
        "Diluted EPS": 0.0,
        "Total Revenue": NaN,
        "Gross Profit": NaN,
        "Operating Income": NaN,
        "EBIT": NaN,
        "Net Income": NaN
    }
}