{
    "2023-03-31": {
        "Tax Effect Of Unusual Items": NaN,
        "Tax Rate For Calcs": NaN,
        "Normalized EBITDA": NaN,
        "Total Unusual Items": NaN,
        "Total Unusual Items Excluding Goodwill": NaN,
        "Net Income From Continuing Operation Net Minority Interest": NaN,
        "Reconciled Depreciation": NaN,
        "Reconciled Cost Of Revenue": NaN,
        "EBITDA": NaN,
        "EBIT": NaN,
        "Net Interest Income": NaN,
        "Interest Expense": NaN,
        "Normalized Income": NaN,
        "Net Income From Continuing And Discontinued Operation": NaN,
        "Total Expenses": NaN,
        "Rent Expense Supplemental": NaN,
        "Diluted Average Shares": NaN,
        "Basic Average Shares": NaN,
        "Diluted EPS": NaN,
        "Basic EPS": NaN,
        "Diluted NI Availto Com Stockholders": NaN,
        "Net Income Common Stockholders": NaN,
        "Preferred Stock Dividends": NaN,
        "Net Income": NaN,
        "Minority Interests": NaN,
        "Net Income Including Noncontrolling Interests": NaN,
        "Net Income Continuous Operations": NaN,
        "Tax Provision": NaN,
        "Pretax Income": NaN,
        "Other Income Expense": NaN,
        "Other Non Operating Income Expenses": NaN,
        "Special Income Charges": NaN,
        "Other Special Charges": -100000.0,
        "Earnings From Equity Interest": NaN,
        "Gain On Sale Of Security": NaN,
        "Net Non Operating Interest Income Expense": NaN,
        "Interest Expense Non Operating": NaN,
        "Operating Income": NaN,
        "Operating Expense": NaN,
        "Other Operating Expenses": NaN,
        "Depreciation Amortization Depletion Income Statement": NaN,
        "Depreciation And Amortization In Income Statement": NaN,
        "Selling General And Administration": NaN,
        "General And Administrative Expense": NaN,
        "Other Gand A": NaN,
        "Salaries And Wages": NaN,
        "Gross Profit": NaN,
        "Cost Of Revenue": NaN,
        "Total Revenue": NaN,
        "Operating Revenue": NaN
    },
    "2022-12-31": {
        "Tax Effect Of Unusual Items": NaN,
        "Tax Rate For Calcs": NaN,
        "Normalized EBITDA": NaN,
        "Total Unusual Items": NaN,
        "Total Unusual Items Excluding Goodwill": NaN,
        "Net Income From Continuing Operation Net Minority Interest": NaN,
        "Reconciled Depreciation": NaN,
        "Reconciled Cost Of Revenue": NaN,
        "EBITDA": NaN,
        "EBIT": NaN,
        "Net Interest Income": NaN,
        "Interest Expense": NaN,
        "Normalized Income": NaN,
        "Net Income From Continuing And Discontinued Operation": NaN,
        "Total Expenses": NaN,
        "Rent Expense Supplemental": NaN,
        "Diluted Average Shares": NaN,
        "Basic Average Shares": NaN,
        "Diluted EPS": NaN,
        "Basic EPS": NaN,
        "Diluted NI Availto Com Stockholders": NaN,
        "Net Income Common Stockholders": NaN,
        "Preferred Stock Dividends": NaN,
        "Net Income": NaN,
        "Minority Interests": NaN,
        "Net Income Including Noncontrolling Interests": NaN,
        "Net Income Continuous Operations": NaN,
        "Tax Provision": NaN,
        "Pretax Income": NaN,
        "Other Income Expense": NaN,
        "Other Non Operating Income Expenses": NaN,
        "Special Income Charges": NaN,
        "Other Special Charges": -29900000.0,
        "Earnings From Equity Interest": NaN,
        "Gain On Sale Of Security": NaN,
        "Net Non Operating Interest Income Expense": NaN,
        "Interest Expense Non Operating": NaN,
        "Operating Income": NaN,
        "Operating Expense": NaN,
        "Depreciation Amortization Depletion Income Statement": NaN,
        "Depreciation And Amortization In Income Statement": NaN,
        "Selling General And Administration": NaN,
        "General And Administrative Expense": NaN,
        "Other Gand A": NaN,
        "Salaries And Wages": NaN,
        "Gross Profit": NaN,
        "Cost Of Revenue": NaN,
        "Total Revenue": NaN,
        "Operating Revenue": NaN
    },
    "2022-09-30": {
        "Tax Effect Of Unusual Items": 13232800.0,
        "Tax Rate For Calcs": 0.370667,
        "Normalized EBITDA": 105000000.0,
        "Total Unusual Items": 35700000.0,
        "Total Unusual Items Excluding Goodwill": 35700000.0,
        "Net Income From Continuing Operation Net Minority Interest": 24300000.0,
        "Reconciled Depreciation": 46100000.0,
        "Reconciled Cost Of Revenue": 47200000.0,
        "EBITDA": 140700000.0,
        "EBIT": 94600000.0,
        "Net Interest Income": -57100000.0,
        "Interest Expense": 57100000.0,
        "Normalized Income": 1832800.0,
        "Net Income From Continuing And Discontinued Operation": 24300000.0,
        "Total Expenses": 129700000.0,
        "Rent Expense Supplemental": 38600000.0,
        "Diluted Average Shares": 137078495.0,
        "Basic Average Shares": 136840874.0,
        "Diluted EPS": 0.12,
        "Basic EPS": 0.12,
        "Diluted NI Availto Com Stockholders": 16400000.0,
        "Net Income Common Stockholders": 16400000.0,
        "Preferred Stock Dividends": 7900000.0,
        "Net Income": 24300000.0,
        "Minority Interests": 700000.0,
        "Net Income Including Noncontrolling Interests": 23600000.0,
        "Net Income Continuous Operations": 23600000.0,
        "Tax Provision": 13900000.0,
        "Pretax Income": 37500000.0,
        "Other Income Expense": 84700000.0,
        "Other Non Operating Income Expenses": 36700000.0,
        "Special Income Charges": -1300000.0,
        "Other Special Charges": 1300000.0,
        "Earnings From Equity Interest": 12300000.0,
        "Gain On Sale Of Security": 37000000.0,
        "Net Non Operating Interest Income Expense": -57100000.0,
        "Interest Expense Non Operating": 57100000.0,
        "Operating Income": 9900000.0,
        "Operating Expense": 82500000.0,
        "Depreciation Amortization Depletion Income Statement": 46100000.0,
        "Depreciation And Amortization In Income Statement": 46100000.0,
        "Selling General And Administration": 36400000.0,
        "General And Administrative Expense": 36400000.0,
        "Other Gand A": 9200000.0,
        "Salaries And Wages": 27200000.0,
        "Gross Profit": 92400000.0,
        "Cost Of Revenue": 47200000.0,
        "Total Revenue": 139600000.0,
        "Operating Revenue": 139600000.0
    },
    "2022-06-30": {
        "Tax Effect Of Unusual Items": 4320000.0,
        "Tax Rate For Calcs": 0.4,
        "Normalized EBITDA": 85200000.0,
        "Total Unusual Items": 10800000.0,
        "Total Unusual Items Excluding Goodwill": 10800000.0,
        "Net Income From Continuing Operation Net Minority Interest": -1200000.0,
        "Reconciled Depreciation": 43300000.0,
        "Reconciled Cost Of Revenue": 44000000.0,
        "EBITDA": 96000000.0,
        "EBIT": 52700000.0,
        "Net Interest Income": -53200000.0,
        "Interest Expense": 53200000.0,
        "Normalized Income": -7680000.0,
        "Net Income From Continuing And Discontinued Operation": -1200000.0,
        "Total Expenses": 128500000.0,
        "Rent Expense Supplemental": 36400000.0,
        "Diluted Average Shares": 136840417.0,
        "Basic Average Shares": 136840417.0,
        "Diluted EPS": -0.07,
        "Basic EPS": -0.07,
        "Diluted NI Availto Com Stockholders": -9000000.0,
        "Net Income Common Stockholders": -9000000.0,
        "Preferred Stock Dividends": 7800000.0,
        "Net Income": -1200000.0,
        "Minority Interests": -300000.0,
        "Net Income Including Noncontrolling Interests": -900000.0,
        "Net Income Continuous Operations": -900000.0,
        "Tax Provision": 400000.0,
        "Pretax Income": -500000.0,
        "Other Income Expense": 45100000.0,
        "Other Non Operating Income Expenses": 3600000.0,
        "Special Income Charges": -1100000.0,
        "Other Special Charges": 1100000.0,
        "Earnings From Equity Interest": 30700000.0,
        "Gain On Sale Of Security": 11900000.0,
        "Net Non Operating Interest Income Expense": -53200000.0,
        "Interest Expense Non Operating": 53200000.0,
        "Operating Income": 7600000.0,
        "Operating Expense": 84500000.0,
        "Depreciation Amortization Depletion Income Statement": 43300000.0,
        "Depreciation And Amortization In Income Statement": 43300000.0,
        "Selling General And Administration": 41200000.0,
        "General And Administrative Expense": 41200000.0,
        "Other Gand A": 9400000.0,
        "Salaries And Wages": 31800000.0,
        "Gross Profit": 92100000.0,
        "Cost Of Revenue": 44000000.0,
        "Total Revenue": 136100000.0,
        "Operating Revenue": 136100000.0
    },
    "2023-06-30": {
        "Tax Effect Of Unusual Items": NaN,
        "Tax Rate For Calcs": NaN,
        "Normalized EBITDA": NaN,
        "Total Unusual Items": NaN,
        "Total Unusual Items Excluding Goodwill": NaN,
        "Net Income From Continuing Operation Net Minority Interest": NaN,
        "Reconciled Depreciation": NaN,
        "Reconciled Cost Of Revenue": NaN,
        "EBITDA": NaN,
        "EBIT": NaN,
        "Net Interest Income": NaN,
        "Interest Expense": NaN,
        "Normalized Income": NaN,
        "Net Income From Continuing And Discontinued Operation": NaN,
        "Total Expenses": NaN,
        "Rent Expense Supplemental": NaN,
        "Diluted Average Shares": NaN,
        "Basic Average Shares": NaN,
        "Diluted EPS": NaN,
        "Basic EPS": NaN,
        "Diluted NI Availto Com Stockholders": NaN,
        "Net Income Common Stockholders": NaN,
        "Preferred Stock Dividends": NaN,
        "Net Income": NaN,
        "Minority Interests": NaN,
        "Net Income Including Noncontrolling Interests": NaN,
        "Net Income Continuous Operations": NaN,
        "Tax Provision": NaN,
        "Pretax Income": NaN,
        "Other Income Expense": NaN,
        "Other Non Operating Income Expenses": NaN,
        "Special Income Charges": NaN,
        "Other Special Charges": 1700000.0,
        "Earnings From Equity Interest": NaN,
        "Gain On Sale Of Security": NaN,
        "Net Non Operating Interest Income Expense": NaN,
        "Interest Expense Non Operating": NaN,
        "Operating Income": NaN,
        "Operating Expense": NaN,
        "Other Operating Expenses": -1100000.0,
        "Depreciation Amortization Depletion Income Statement": NaN,
        "Depreciation And Amortization In Income Statement": NaN,
        "Selling General And Administration": NaN,
        "General And Administrative Expense": NaN,
        "Other Gand A": NaN,
        "Salaries And Wages": NaN,
        "Gross Profit": NaN,
        "Cost Of Revenue": NaN,
        "Total Revenue": NaN,
        "Operating Revenue": NaN
    },
    "2023-09-30": {
        "Tax Effect Of Unusual Items": 7144000.0,
        "Tax Rate For Calcs": 0.235,
        "Normalized EBITDA": -11200000.0,
        "Total Unusual Items": 30400000.0,
        "Total Unusual Items Excluding Goodwill": 30400000.0,
        "Net Income From Continuing Operation Net Minority Interest": -81400000.0,
        "Reconciled Depreciation": 38800000.0,
        "Reconciled Cost Of Revenue": 48200000.0,
        "EBITDA": 19200000.0,
        "EBIT": -19600000.0,
        "Net Interest Income": -64200000.0,
        "Interest Expense": 64200000.0,
        "Normalized Income": -104656000.0,
        "Net Income From Continuing And Discontinued Operation": -81400000.0,
        "Total Expenses": 120500000.0,
        "Rent Expense Supplemental": 38400000.0,
        "Diluted Average Shares": 139391316.0,
        "Basic Average Shares": 139391316.0,
        "Diluted EPS": -0.66,
        "Basic EPS": -0.66,
        "Diluted NI Availto Com Stockholders": -92200000.0,
        "Net Income Common Stockholders": -92200000.0,
        "Preferred Stock Dividends": 10800000.0,
        "Net Income": -81400000.0,
        "Minority Interests": -17300000.0,
        "Net Income Including Noncontrolling Interests": -64100000.0,
        "Net Income Continuous Operations": -64100000.0,
        "Tax Provision": -19700000.0,
        "Pretax Income": -83800000.0,
        "Other Income Expense": -42900000.0,
        "Other Non Operating Income Expenses": 700000.0,
        "Special Income Charges": 0.0,
        "Other Special Charges": NaN,
        "Earnings From Equity Interest": -74000000.0,
        "Gain On Sale Of Security": 30400000.0,
        "Net Non Operating Interest Income Expense": -64200000.0,
        "Interest Expense Non Operating": 64200000.0,
        "Operating Income": 23300000.0,
        "Operating Expense": 72300000.0,
        "Other Operating Expenses": -6000000.0,
        "Depreciation Amortization Depletion Income Statement": 38800000.0,
        "Depreciation And Amortization In Income Statement": 38800000.0,
        "Selling General And Administration": 39500000.0,
        "General And Administrative Expense": 39500000.0,
        "Other Gand A": 8400000.0,
        "Salaries And Wages": 31100000.0,
        "Gross Profit": 95600000.0,
        "Cost Of Revenue": 48200000.0,
        "Total Revenue": 143800000.0,
        "Operating Revenue": 143100000.0
    },
    "2023-12-31": {
        "Tax Effect Of Unusual Items": -1662468.513854,
        "Tax Rate For Calcs": 0.151134,
        "Normalized EBITDA": -160700000.0,
        "Total Unusual Items": -11000000.0,
        "Total Unusual Items Excluding Goodwill": -11000000.0,
        "Net Income From Continuing Operation Net Minority Interest": -236900000.0,
        "Reconciled Depreciation": 39500000.0,
        "Reconciled Cost Of Revenue": 49400000.0,
        "EBITDA": -171700000.0,
        "EBIT": -211200000.0,
        "Net Interest Income": -66700000.0,
        "Interest Expense": 66700000.0,
        "Normalized Income": -227562468.513854,
        "Net Income From Continuing And Discontinued Operation": -236900000.0,
        "Total Expenses": 130200000.0,
        "Rent Expense Supplemental": 38900000.0,
        "Diluted Average Shares": 139034415.0,
        "Basic Average Shares": 139034415.0,
        "Diluted EPS": -1.78,
        "Basic EPS": -1.78,
        "Diluted NI Availto Com Stockholders": -247800000.0,
        "Net Income Common Stockholders": -247800000.0,
        "Preferred Stock Dividends": 10900000.0,
        "Net Income": -236900000.0,
        "Minority Interests": -1000000.0,
        "Net Income Including Noncontrolling Interests": -235900000.0,
        "Net Income Continuous Operations": -235900000.0,
        "Tax Provision": -42000000.0,
        "Pretax Income": -277900000.0,
        "Other Income Expense": -223600000.0,
        "Other Non Operating Income Expenses": -29500000.0,
        "Special Income Charges": 0.0,
        "Other Special Charges": 0.0,
        "Earnings From Equity Interest": -183100000.0,
        "Gain On Sale Of Security": -11000000.0,
        "Net Non Operating Interest Income Expense": -66700000.0,
        "Interest Expense Non Operating": 66700000.0,
        "Operating Income": 12400000.0,
        "Operating Expense": 80800000.0,
        "Other Operating Expenses": NaN,
        "Depreciation Amortization Depletion Income Statement": 39500000.0,
        "Depreciation And Amortization In Income Statement": 39500000.0,
        "Selling General And Administration": 41300000.0,
        "General And Administrative Expense": 41300000.0,
        "Other Gand A": 10200000.0,
        "Salaries And Wages": 31100000.0,
        "Gross Profit": 93200000.0,
        "Cost Of Revenue": 49400000.0,
        "Total Revenue": 142600000.0,
        "Operating Revenue": 140400000.0
    },
    "2024-03-31": {
        "Tax Effect Of Unusual Items": 22407000.0,
        "Tax Rate For Calcs": 0.21,
        "Normalized EBITDA": 61300000.0,
        "Total Unusual Items": 106700000.0,
        "Total Unusual Items Excluding Goodwill": 106700000.0,
        "Net Income From Continuing Operation Net Minority Interest": 37800000.0,
        "Reconciled Depreciation": 38900000.0,
        "Reconciled Cost Of Revenue": 44800000.0,
        "EBITDA": 168000000.0,
        "EBIT": 129100000.0,
        "Net Interest Income": -64700000.0,
        "Interest Expense": 64700000.0,
        "Normalized Income": -46493000.0,
        "Net Income From Continuing And Discontinued Operation": 37800000.0,
        "Total Expenses": 114100000.0,
        "Rent Expense Supplemental": 37200000.0,
        "Diluted Average Shares": 138628139.0,
        "Basic Average Shares": 138628139.0,
        "Diluted EPS": 0.19,
        "Basic EPS": 0.19,
        "Diluted NI Availto Com Stockholders": 26900000.0,
        "Net Income Common Stockholders": 26900000.0,
        "Preferred Stock Dividends": 10900000.0,
        "Net Income": 37800000.0,
        "Minority Interests": 100000.0,
        "Net Income Including Noncontrolling Interests": 37700000.0,
        "Net Income Continuous Operations": 37700000.0,
        "Tax Provision": 26700000.0,
        "Pretax Income": 64400000.0,
        "Other Income Expense": 106800000.0,
        "Other Non Operating Income Expenses": 6800000.0,
        "Special Income Charges": 300000.0,
        "Other Special Charges": -300000.0,
        "Earnings From Equity Interest": -6700000.0,
        "Gain On Sale Of Security": 106400000.0,
        "Net Non Operating Interest Income Expense": -64700000.0,
        "Interest Expense Non Operating": 64700000.0,
        "Operating Income": 22300000.0,
        "Operating Expense": 69300000.0,
        "Other Operating Expenses": NaN,
        "Depreciation Amortization Depletion Income Statement": 38900000.0,
        "Depreciation And Amortization In Income Statement": 38900000.0,
        "Selling General And Administration": 30400000.0,
        "General And Administrative Expense": 30400000.0,
        "Other Gand A": 8300000.0,
        "Salaries And Wages": 22100000.0,
        "Gross Profit": 91600000.0,
        "Cost Of Revenue": 44800000.0,
        "Total Revenue": 136400000.0,
        "Operating Revenue": 136100000.0
    },
    "2024-06-30": {
        "Tax Effect Of Unusual Items": -59100.0,
        "Tax Rate For Calcs": 0.197,
        "Normalized EBITDA": 40400000.0,
        "Total Unusual Items": -300000.0,
        "Total Unusual Items Excluding Goodwill": -300000.0,
        "Net Income From Continuing Operation Net Minority Interest": -48200000.0,
        "Reconciled Depreciation": 36400000.0,
        "Reconciled Cost Of Revenue": 37000000.0,
        "EBITDA": 40100000.0,
        "EBIT": 3700000.0,
        "Net Interest Income": -63800000.0,
        "Interest Expense": 63800000.0,
        "Normalized Income": -47959100.0,
        "Net Income From Continuing And Discontinued Operation": -48200000.0,
        "Total Expenses": 110200000.0,
        "Rent Expense Supplemental": 37000000.0,
        "Diluted Average Shares": 137588910.0,
        "Basic Average Shares": 137588910.0,
        "Diluted EPS": -0.43,
        "Basic EPS": -0.43,
        "Diluted NI Availto Com Stockholders": -59100000.0,
        "Net Income Common Stockholders": -59100000.0,
        "Preferred Stock Dividends": 10900000.0,
        "Net Income": -48200000.0,
        "Minority Interests": 100000.0,
        "Net Income Including Noncontrolling Interests": -48300000.0,
        "Net Income Continuous Operations": -48300000.0,
        "Tax Provision": -11800000.0,
        "Pretax Income": -60100000.0,
        "Other Income Expense": -18100000.0,
        "Other Non Operating Income Expenses": 300000.0,
        "Special Income Charges": -500000.0,
        "Other Special Charges": 500000.0,
        "Earnings From Equity Interest": -18100000.0,
        "Gain On Sale Of Security": 200000.0,
        "Net Non Operating Interest Income Expense": -63800000.0,
        "Interest Expense Non Operating": 63800000.0,
        "Operating Income": 21800000.0,
        "Operating Expense": 73200000.0,
        "Other Operating Expenses": -4500000.0,
        "Depreciation Amortization Depletion Income Statement": 36400000.0,
        "Depreciation And Amortization In Income Statement": 36400000.0,
        "Selling General And Administration": 41300000.0,
        "General And Administrative Expense": 41300000.0,
        "Other Gand A": 9500000.0,
        "Salaries And Wages": 31800000.0,
        "Gross Profit": 95000000.0,
        "Cost Of Revenue": 37000000.0,
        "Total Revenue": 132000000.0,
        "Operating Revenue": 131900000.0
    },
    "2024-09-30": {
        "Tax Effect Of Unusual Items": 814200.0,
        "Tax Rate For Calcs": 0.138,
        "Normalized EBITDA": 20400000.0,
        "Total Unusual Items": 5900000.0,
        "Total Unusual Items Excluding Goodwill": 5900000.0,
        "Net Income From Continuing Operation Net Minority Interest": -66600000.0,
        "Reconciled Depreciation": 36900000.0,
        "Reconciled Cost Of Revenue": 39000000.0,
        "EBITDA": 26300000.0,
        "EBIT": -10600000.0,
        "Net Interest Income": -66900000.0,
        "Interest Expense": 66900000.0,
        "Normalized Income": -71685800.0,
        "Net Income From Continuing And Discontinued Operation": -66600000.0,
        "Total Expenses": 110600000.0,
        "Rent Expense Supplemental": 39000000.0,
        "Diluted Average Shares": 137413758.0,
        "Basic Average Shares": 137413758.0,
        "Diluted EPS": -0.56,
        "Basic EPS": -0.56,
        "Diluted NI Availto Com Stockholders": -77400000.0,
        "Net Income Common Stockholders": -77400000.0,
        "Preferred Stock Dividends": 10800000.0,
        "Net Income": -66600000.0,
        "Minority Interests": 200000.0,
        "Net Income Including Noncontrolling Interests": -66800000.0,
        "Net Income Continuous Operations": -66800000.0,
        "Tax Provision": -10700000.0,
        "Pretax Income": -77500000.0,
        "Other Income Expense": -27500000.0,
        "Other Non Operating Income Expenses": -13100000.0,
        "Special Income Charges": -300000.0,
        "Other Special Charges": 300000.0,
        "Earnings From Equity Interest": -20300000.0,
        "Gain On Sale Of Security": 6200000.0,
        "Net Non Operating Interest Income Expense": -66900000.0,
        "Interest Expense Non Operating": 66900000.0,
        "Operating Income": 16900000.0,
        "Operating Expense": 71600000.0,
        "Other Operating Expenses": -5500000.0,
        "Depreciation Amortization Depletion Income Statement": 36900000.0,
        "Depreciation And Amortization In Income Statement": 36900000.0,
        "Selling General And Administration": 40200000.0,
        "General And Administrative Expense": 40200000.0,
        "Other Gand A": 10200000.0,
        "Salaries And Wages": 30000000.0,
        "Gross Profit": 88500000.0,
        "Cost Of Revenue": 39000000.0,
        "Total Revenue": 127500000.0,
        "Operating Revenue": 127000000.0
    }
}