{
    "2023-03-31": {
        "Tax Effect Of Unusual Items": 0.0,
        "Tax Rate For Calcs": 0.0,
        "Normalized EBITDA": -21829000.0,
        "Net Income From Continuing Operation Net Minority Interest": -22199000.0,
        "Reconciled Depreciation": 259000.0,
        "EBITDA": -21829000.0,
        "EBIT": -21829000.0,
        "Net Interest Income": 2325000.0,
        "Interest Expense": 370000.0,
        "Interest Income": 2695000.0,
        "Normalized Income": -22199000.0,
        "Net Income From Continuing And Discontinued Operation": -22199000.0,
        "Total Expenses": 24524000.0,
        "Total Operating Income As Reported": -24524000.0,
        "Diluted Average Shares": 72328231.0,
        "Basic Average Shares": 72328231.0,
        "Diluted EPS": -0.31,
        "Basic EPS": -0.31,
        "Diluted NI Availto Com Stockholders": -22199000.0,
        "Net Income Common Stockholders": -22199000.0,
        "Net Income": -22199000.0,
        "Net Income Including Noncontrolling Interests": -22199000.0,
        "Net Income Continuous Operations": -22199000.0,
        "Pretax Income": -22199000.0,
        "Net Non Operating Interest Income Expense": 2325000.0,
        "Interest Expense Non Operating": 370000.0,
        "Interest Income Non Operating": 2695000.0,
        "Operating Income": -24524000.0,
        "Operating Expense": 24524000.0,
        "Other Operating Expenses": NaN,
        "Research And Development": 18318000.0,
        "Selling General And Administration": 6206000.0,
        "General And Administrative Expense": 6206000.0,
        "Other Gand A": 6206000.0,
        "Total Revenue": 0.0,
        "Operating Revenue": 0.0
    },
    "2022-12-31": {
        "Tax Effect Of Unusual Items": 0.0,
        "Tax Rate For Calcs": 0.21,
        "Normalized EBITDA": -20034000.0,
        "Net Income From Continuing Operation Net Minority Interest": -18181000.0,
        "Reconciled Depreciation": -283000.0,
        "EBITDA": -20034000.0,
        "EBIT": -20034000.0,
        "Net Interest Income": 1853000.0,
        "Interest Expense": 349000.0,
        "Interest Income": 2202000.0,
        "Normalized Income": -18181000.0,
        "Net Income From Continuing And Discontinued Operation": -18181000.0,
        "Total Expenses": 20034000.0,
        "Total Operating Income As Reported": -20034000.0,
        "Diluted Average Shares": 72231697.0,
        "Basic Average Shares": 72231697.0,
        "Diluted EPS": -0.25,
        "Basic EPS": -0.25,
        "Diluted NI Availto Com Stockholders": -18181000.0,
        "Net Income Common Stockholders": -18181000.0,
        "Net Income": -18181000.0,
        "Net Income Including Noncontrolling Interests": -18181000.0,
        "Net Income Continuous Operations": -18181000.0,
        "Pretax Income": -18181000.0,
        "Net Non Operating Interest Income Expense": 1853000.0,
        "Interest Expense Non Operating": 349000.0,
        "Interest Income Non Operating": 2202000.0,
        "Operating Income": -20034000.0,
        "Operating Expense": 20034000.0,
        "Other Operating Expenses": 15175000.0,
        "Research And Development": 4859000.0,
        "Selling General And Administration": 5175000.0,
        "General And Administrative Expense": 5175000.0,
        "Other Gand A": 5175000.0,
        "Total Revenue": 0.0,
        "Operating Revenue": 0.0
    },
    "2022-09-30": {
        "Tax Effect Of Unusual Items": 0.0,
        "Tax Rate For Calcs": 0.0,
        "Normalized EBITDA": -17079000.0,
        "Net Income From Continuing Operation Net Minority Interest": -17847000.0,
        "Reconciled Depreciation": 458000.0,
        "EBITDA": -17079000.0,
        "EBIT": -17537000.0,
        "Net Interest Income": 1080000.0,
        "Interest Expense": 310000.0,
        "Interest Income": 1390000.0,
        "Normalized Income": -17847000.0,
        "Net Income From Continuing And Discontinued Operation": -17847000.0,
        "Total Expenses": 18927000.0,
        "Total Operating Income As Reported": -18927000.0,
        "Diluted Average Shares": 72153952.0,
        "Basic Average Shares": 72153952.0,
        "Diluted EPS": -0.25,
        "Basic EPS": -0.25,
        "Diluted NI Availto Com Stockholders": -17847000.0,
        "Net Income Common Stockholders": -17847000.0,
        "Net Income": -17847000.0,
        "Net Income Including Noncontrolling Interests": -17847000.0,
        "Net Income Continuous Operations": -17847000.0,
        "Pretax Income": -17847000.0,
        "Net Non Operating Interest Income Expense": 1080000.0,
        "Interest Expense Non Operating": 310000.0,
        "Interest Income Non Operating": 1390000.0,
        "Operating Income": -18927000.0,
        "Operating Expense": 18927000.0,
        "Other Operating Expenses": NaN,
        "Research And Development": 13860000.0,
        "Selling General And Administration": 5067000.0,
        "General And Administrative Expense": 5067000.0,
        "Other Gand A": 5067000.0,
        "Total Revenue": 0.0,
        "Operating Revenue": 0.0
    },
    "2022-06-30": {
        "Tax Effect Of Unusual Items": 0.0,
        "Tax Rate For Calcs": 0.0,
        "Normalized EBITDA": -15484000.0,
        "Net Income From Continuing Operation Net Minority Interest": -16187000.0,
        "Reconciled Depreciation": 431000.0,
        "EBITDA": -15484000.0,
        "EBIT": -15915000.0,
        "Net Interest Income": 136000.0,
        "Interest Expense": 272000.0,
        "Interest Income": 408000.0,
        "Normalized Income": -16187000.0,
        "Net Income From Continuing And Discontinued Operation": -16187000.0,
        "Total Expenses": 16323000.0,
        "Total Operating Income As Reported": -16323000.0,
        "Diluted Average Shares": 64279634.0,
        "Basic Average Shares": 64279634.0,
        "Diluted EPS": -0.25,
        "Basic EPS": -0.25,
        "Diluted NI Availto Com Stockholders": -16187000.0,
        "Net Income Common Stockholders": -16187000.0,
        "Net Income": -16187000.0,
        "Net Income Including Noncontrolling Interests": -16187000.0,
        "Net Income Continuous Operations": -16187000.0,
        "Pretax Income": -16187000.0,
        "Net Non Operating Interest Income Expense": 136000.0,
        "Interest Expense Non Operating": 272000.0,
        "Interest Income Non Operating": 408000.0,
        "Operating Income": -16323000.0,
        "Operating Expense": 16323000.0,
        "Other Operating Expenses": NaN,
        "Research And Development": 11346000.0,
        "Selling General And Administration": 4977000.0,
        "General And Administrative Expense": 4977000.0,
        "Other Gand A": 4977000.0,
        "Total Revenue": 0.0,
        "Operating Revenue": 0.0
    },
    "2022-03-31": {
        "Diluted EPS": -0.26,
        "Total Revenue": NaN,
        "Gross Profit": NaN,
        "Operating Income": -16,
        "EBIT": -15,
        "Net Income": -16
    },
    "2021-12-31": {
        "Diluted EPS": -0.26,
        "Total Revenue": NaN,
        "Gross Profit": NaN,
        "Operating Income": -14,
        "EBIT": -13,
        "Net Income": -14
    },
    "2021-09-30": {
        "Diluted EPS": -0.28,
        "Total Revenue": NaN,
        "Gross Profit": NaN,
        "Operating Income": -14,
        "EBIT": -14,
        "Net Income": -14
    },
    "2021-06-30": {
        "Diluted EPS": -0.25,
        "Total Revenue": NaN,
        "Gross Profit": NaN,
        "Operating Income": -13,
        "EBIT": -12,
        "Net Income": -13
    },
    "2021-03-31": {
        "Diluted EPS": -0.25,
        "Total Revenue": NaN,
        "Gross Profit": NaN,
        "Operating Income": -13,
        "EBIT": -12,
        "Net Income": -13
    },
    "2020-12-31": {
        "Diluted EPS": -0.2,
        "Total Revenue": NaN,
        "Gross Profit": NaN,
        "Operating Income": -11,
        "EBIT": -10,
        "Net Income": -11
    },
    "2020-09-30": {
        "Diluted EPS": -0.23,
        "Total Revenue": NaN,
        "Gross Profit": NaN,
        "Operating Income": -12,
        "EBIT": -11,
        "Net Income": -11
    },
    "2020-06-30": {
        "Diluted EPS": -0.22,
        "Total Revenue": NaN,
        "Gross Profit": NaN,
        "Operating Income": -10,
        "EBIT": -10,
        "Net Income": -10
    },
    "2020-03-31": {
        "Diluted EPS": -0.3,
        "Total Revenue": NaN,
        "Gross Profit": NaN,
        "Operating Income": -10,
        "EBIT": -10,
        "Net Income": -10
    },
    "2019-12-31": {
        "Diluted EPS": -0.5,
        "Total Revenue": NaN,
        "Gross Profit": NaN,
        "Operating Income": -10,
        "EBIT": -10,
        "Net Income": -10
    },
    "2019-09-30": {
        "Diluted EPS": -0.48,
        "Total Revenue": NaN,
        "Gross Profit": NaN,
        "Operating Income": -10,
        "EBIT": -10,
        "Net Income": -9
    },
    "2019-06-30": {
        "Diluted EPS": -0.46,
        "Total Revenue": NaN,
        "Gross Profit": NaN,
        "Operating Income": -9,
        "EBIT": -9,
        "Net Income": -9
    },
    "2019-03-31": {
        "Diluted EPS": -0.4,
        "Total Revenue": NaN,
        "Gross Profit": NaN,
        "Operating Income": -8,
        "EBIT": -8,
        "Net Income": -8
    },
    "2018-12-31": {
        "Diluted EPS": 7.88,
        "Total Revenue": NaN,
        "Gross Profit": NaN,
        "Operating Income": -6,
        "EBIT": -7,
        "Net Income": -6
    },
    "2018-09-30": {
        "Diluted EPS": -0.3,
        "Total Revenue": NaN,
        "Gross Profit": NaN,
        "Operating Income": -6,
        "EBIT": -6,
        "Net Income": -6
    },
    "2018-06-30": {
        "Diluted EPS": -3.31,
        "Total Revenue": NaN,
        "Gross Profit": NaN,
        "Operating Income": -7,
        "EBIT": -7,
        "Net Income": -7
    },
    "2018-03-31": {
        "Diluted EPS": -6.53,
        "Total Revenue": NaN,
        "Gross Profit": NaN,
        "Operating Income": -5,
        "EBIT": -5,
        "Net Income": -5
    },
    "2017-12-31": {
        "Diluted EPS": 0.0,
        "Total Revenue": NaN,
        "Gross Profit": NaN,
        "Operating Income": NaN,
        "EBIT": NaN,
        "Net Income": NaN
    },
    "2017-09-30": {
        "Diluted EPS": -3.31,
        "Total Revenue": NaN,
        "Gross Profit": NaN,
        "Operating Income": -2,
        "EBIT": -2,
        "Net Income": -2
    },
    "2017-06-30": {
        "Diluted EPS": -3.3,
        "Total Revenue": NaN,
        "Gross Profit": NaN,
        "Operating Income": -2,
        "EBIT": -2,
        "Net Income": -2
    },
    "2016-12-31": {
        "Diluted EPS": 0.0,
        "Total Revenue": NaN,
        "Gross Profit": NaN,
        "Operating Income": NaN,
        "EBIT": NaN,
        "Net Income": NaN
    },
    "2023-06-30": {
        "Tax Effect Of Unusual Items": 0.0,
        "Tax Rate For Calcs": 0.0,
        "Normalized EBITDA": -23674000.0,
        "Net Income From Continuing Operation Net Minority Interest": -24308000.0,
        "Reconciled Depreciation": 249000.0,
        "EBITDA": -23674000.0,
        "EBIT": -23923000.0,
        "Net Interest Income": 2476000.0,
        "Interest Expense": 385000.0,
        "Interest Income": 2861000.0,
        "Normalized Income": -24308000.0,
        "Net Income From Continuing And Discontinued Operation": -24308000.0,
        "Total Expenses": 26784000.0,
        "Total Operating Income As Reported": -26784000.0,
        "Diluted Average Shares": 72461850.0,
        "Basic Average Shares": 72461850.0,
        "Diluted EPS": -0.34,
        "Basic EPS": -0.34,
        "Diluted NI Availto Com Stockholders": -24308000.0,
        "Net Income Common Stockholders": -24308000.0,
        "Net Income": -24308000.0,
        "Net Income Including Noncontrolling Interests": -24308000.0,
        "Net Income Continuous Operations": -24308000.0,
        "Pretax Income": -24308000.0,
        "Net Non Operating Interest Income Expense": 2476000.0,
        "Interest Expense Non Operating": 385000.0,
        "Interest Income Non Operating": 2861000.0,
        "Operating Income": -26784000.0,
        "Operating Expense": 26784000.0,
        "Other Operating Expenses": NaN,
        "Research And Development": 20999000.0,
        "Selling General And Administration": 5785000.0,
        "General And Administrative Expense": 5785000.0,
        "Other Gand A": 5785000.0,
        "Total Revenue": 0.0,
        "Operating Revenue": 0.0
    }
}