{
    "2023-06-30": {
        "Tax Effect Of Unusual Items": 0.0,
        "Tax Rate For Calcs": 0.0,
        "Normalized EBITDA": 4319000.0,
        "Total Unusual Items": 16837000.0,
        "Total Unusual Items Excluding Goodwill": 16837000.0,
        "Net Income From Continuing Operation Net Minority Interest": 14924000.0,
        "Reconciled Depreciation": 656000.0,
        "Reconciled Cost Of Revenue": NaN,
        "EBITDA": 21156000.0,
        "EBIT": 20500000.0,
        "Net Interest Income": 10115000.0,
        "Interest Expense": 5576000.0,
        "Interest Income": 15603000.0,
        "Normalized Income": -1913000.0,
        "Net Income From Continuing And Discontinued Operation": 25809000.0,
        "Total Expenses": 10363000.0,
        "Diluted Average Shares": 161822000.0,
        "Basic Average Shares": 157834000.0,
        "Diluted EPS": 0.16,
        "Basic EPS": 0.16,
        "Diluted NI Availto Com Stockholders": 25809000.0,
        "Net Income Common Stockholders": 25809000.0,
        "Net Income": 25809000.0,
        "Net Income Including Noncontrolling Interests": 25809000.0,
        "Net Income Discontinuous Operations": 10885000.0,
        "Net Income Continuous Operations": 14924000.0,
        "Tax Provision": 0.0,
        "Pretax Income": 14924000.0,
        "Other Income Expense": 15172000.0,
        "Other Non Operating Income Expenses": NaN,
        "Special Income Charges": -1829000.0,
        "Gain On Sale Of Business": NaN,
        "Other Special Charges": NaN,
        "Restructuring And Mergern Acquisition": 1829000.0,
        "Earnings From Equity Interest": -1665000.0,
        "Gain On Sale Of Security": 18666000.0,
        "Net Non Operating Interest Income Expense": 10115000.0,
        "Total Other Finance Cost": -88000.0,
        "Interest Expense Non Operating": 5576000.0,
        "Interest Income Non Operating": 15603000.0,
        "Operating Income": -10363000.0,
        "Operating Expense": 10363000.0,
        "Other Operating Expenses": 6224000.0,
        "Depreciation Amortization Depletion Income Statement": 98000.0,
        "Depreciation And Amortization In Income Statement": 98000.0,
        "Depreciation Income Statement": 98000.0,
        "Selling General And Administration": 4041000.0,
        "General And Administrative Expense": 4041000.0,
        "Other Gand A": 1245000.0,
        "Salaries And Wages": 2796000.0,
        "Gross Profit": NaN,
        "Cost Of Revenue": NaN,
        "Total Revenue": 0.0,
        "Operating Revenue": 0.0
    },
    "2023-03-31": {
        "Tax Effect Of Unusual Items": NaN,
        "Tax Rate For Calcs": NaN,
        "Normalized EBITDA": NaN,
        "Total Unusual Items": NaN,
        "Total Unusual Items Excluding Goodwill": NaN,
        "Net Income From Continuing Operation Net Minority Interest": NaN,
        "Reconciled Depreciation": NaN,
        "Reconciled Cost Of Revenue": 115000.0,
        "EBITDA": NaN,
        "EBIT": NaN,
        "Net Interest Income": NaN,
        "Interest Expense": NaN,
        "Interest Income": NaN,
        "Normalized Income": NaN,
        "Net Income From Continuing And Discontinued Operation": NaN,
        "Total Expenses": NaN,
        "Diluted Average Shares": 142801000.0,
        "Basic Average Shares": 142801000.0,
        "Diluted EPS": -0.04,
        "Basic EPS": -0.04,
        "Diluted NI Availto Com Stockholders": NaN,
        "Net Income Common Stockholders": NaN,
        "Net Income": NaN,
        "Net Income Including Noncontrolling Interests": NaN,
        "Net Income Discontinuous Operations": NaN,
        "Net Income Continuous Operations": NaN,
        "Tax Provision": 0.0,
        "Pretax Income": NaN,
        "Other Income Expense": NaN,
        "Other Non Operating Income Expenses": NaN,
        "Special Income Charges": NaN,
        "Gain On Sale Of Business": 0.0,
        "Other Special Charges": NaN,
        "Restructuring And Mergern Acquisition": NaN,
        "Earnings From Equity Interest": NaN,
        "Gain On Sale Of Security": NaN,
        "Net Non Operating Interest Income Expense": NaN,
        "Total Other Finance Cost": NaN,
        "Interest Expense Non Operating": NaN,
        "Interest Income Non Operating": NaN,
        "Operating Income": NaN,
        "Operating Expense": NaN,
        "Other Operating Expenses": NaN,
        "Depreciation Amortization Depletion Income Statement": 157000.0,
        "Depreciation And Amortization In Income Statement": 157000.0,
        "Depreciation Income Statement": 157000.0,
        "Selling General And Administration": NaN,
        "General And Administrative Expense": NaN,
        "Other Gand A": NaN,
        "Salaries And Wages": NaN,
        "Gross Profit": -115000.0,
        "Cost Of Revenue": 115000.0,
        "Total Revenue": NaN,
        "Operating Revenue": NaN
    },
    "2022-12-31": {
        "Tax Effect Of Unusual Items": NaN,
        "Tax Rate For Calcs": NaN,
        "Normalized EBITDA": NaN,
        "Total Unusual Items": NaN,
        "Total Unusual Items Excluding Goodwill": NaN,
        "Net Income From Continuing Operation Net Minority Interest": NaN,
        "Reconciled Depreciation": NaN,
        "Reconciled Cost Of Revenue": NaN,
        "EBITDA": NaN,
        "EBIT": NaN,
        "Net Interest Income": NaN,
        "Interest Expense": NaN,
        "Interest Income": NaN,
        "Normalized Income": NaN,
        "Net Income From Continuing And Discontinued Operation": NaN,
        "Total Expenses": NaN,
        "Diluted Average Shares": NaN,
        "Basic Average Shares": NaN,
        "Diluted EPS": NaN,
        "Basic EPS": NaN,
        "Diluted NI Availto Com Stockholders": NaN,
        "Net Income Common Stockholders": NaN,
        "Net Income": NaN,
        "Net Income Including Noncontrolling Interests": NaN,
        "Net Income Discontinuous Operations": NaN,
        "Net Income Continuous Operations": NaN,
        "Tax Provision": NaN,
        "Pretax Income": NaN,
        "Other Income Expense": NaN,
        "Other Non Operating Income Expenses": 0.0,
        "Special Income Charges": NaN,
        "Gain On Sale Of Business": NaN,
        "Other Special Charges": 0.0,
        "Restructuring And Mergern Acquisition": NaN,
        "Earnings From Equity Interest": NaN,
        "Gain On Sale Of Security": NaN,
        "Net Non Operating Interest Income Expense": NaN,
        "Total Other Finance Cost": NaN,
        "Interest Expense Non Operating": NaN,
        "Interest Income Non Operating": NaN,
        "Operating Income": NaN,
        "Operating Expense": NaN,
        "Other Operating Expenses": NaN,
        "Depreciation Amortization Depletion Income Statement": NaN,
        "Depreciation And Amortization In Income Statement": NaN,
        "Depreciation Income Statement": NaN,
        "Selling General And Administration": NaN,
        "General And Administrative Expense": NaN,
        "Other Gand A": NaN,
        "Salaries And Wages": NaN,
        "Gross Profit": NaN,
        "Cost Of Revenue": NaN,
        "Total Revenue": NaN,
        "Operating Revenue": NaN
    },
    "2022-09-30": {
        "Tax Effect Of Unusual Items": NaN,
        "Tax Rate For Calcs": NaN,
        "Normalized EBITDA": NaN,
        "Total Unusual Items": NaN,
        "Total Unusual Items Excluding Goodwill": NaN,
        "Net Income From Continuing Operation Net Minority Interest": NaN,
        "Reconciled Depreciation": NaN,
        "Reconciled Cost Of Revenue": NaN,
        "EBITDA": NaN,
        "EBIT": NaN,
        "Net Interest Income": NaN,
        "Interest Expense": NaN,
        "Interest Income": NaN,
        "Normalized Income": NaN,
        "Net Income From Continuing And Discontinued Operation": NaN,
        "Total Expenses": NaN,
        "Diluted Average Shares": 136660000.0,
        "Basic Average Shares": 136660000.0,
        "Diluted EPS": -0.3,
        "Basic EPS": -0.3,
        "Diluted NI Availto Com Stockholders": NaN,
        "Net Income Common Stockholders": NaN,
        "Net Income": NaN,
        "Net Income Including Noncontrolling Interests": NaN,
        "Net Income Discontinuous Operations": -11175000.0,
        "Net Income Continuous Operations": NaN,
        "Tax Provision": NaN,
        "Pretax Income": NaN,
        "Other Income Expense": NaN,
        "Other Non Operating Income Expenses": NaN,
        "Special Income Charges": NaN,
        "Gain On Sale Of Business": NaN,
        "Other Special Charges": NaN,
        "Restructuring And Mergern Acquisition": NaN,
        "Earnings From Equity Interest": NaN,
        "Gain On Sale Of Security": NaN,
        "Net Non Operating Interest Income Expense": NaN,
        "Total Other Finance Cost": NaN,
        "Interest Expense Non Operating": NaN,
        "Interest Income Non Operating": NaN,
        "Operating Income": NaN,
        "Operating Expense": NaN,
        "Other Operating Expenses": NaN,
        "Depreciation Amortization Depletion Income Statement": NaN,
        "Depreciation And Amortization In Income Statement": NaN,
        "Depreciation Income Statement": NaN,
        "Selling General And Administration": NaN,
        "General And Administrative Expense": NaN,
        "Other Gand A": NaN,
        "Salaries And Wages": NaN,
        "Gross Profit": NaN,
        "Cost Of Revenue": NaN,
        "Total Revenue": NaN,
        "Operating Revenue": NaN
    },
    "2023-09-30": {
        "Tax Effect Of Unusual Items": 2673200.0,
        "Tax Rate For Calcs": 0.4,
        "Normalized EBITDA": 5996000.0,
        "Total Unusual Items": 6683000.0,
        "Total Unusual Items Excluding Goodwill": 6683000.0,
        "Net Income From Continuing Operation Net Minority Interest": 6821000.0,
        "Reconciled Depreciation": -721000.0,
        "Reconciled Cost Of Revenue": NaN,
        "EBITDA": 12679000.0,
        "EBIT": 12579000.0,
        "Net Interest Income": 9160000.0,
        "Interest Expense": 5758000.0,
        "Interest Income": 14724000.0,
        "Normalized Income": 2811200.0,
        "Net Income From Continuing And Discontinued Operation": 6621000.0,
        "Total Expenses": 7183000.0,
        "Diluted Average Shares": 165525000.0,
        "Basic Average Shares": 165525000.0,
        "Diluted EPS": 0.04,
        "Basic EPS": 0.04,
        "Diluted NI Availto Com Stockholders": 6621000.0,
        "Net Income Common Stockholders": 6621000.0,
        "Net Income": 6621000.0,
        "Net Income Including Noncontrolling Interests": 6621000.0,
        "Net Income Discontinuous Operations": -200000.0,
        "Net Income Continuous Operations": 6821000.0,
        "Tax Provision": NaN,
        "Pretax Income": 6821000.0,
        "Other Income Expense": 4844000.0,
        "Other Non Operating Income Expenses": NaN,
        "Special Income Charges": -1241000.0,
        "Gain On Sale Of Business": NaN,
        "Other Special Charges": NaN,
        "Restructuring And Mergern Acquisition": 1241000.0,
        "Earnings From Equity Interest": -1839000.0,
        "Gain On Sale Of Security": 7924000.0,
        "Net Non Operating Interest Income Expense": 9160000.0,
        "Total Other Finance Cost": -194000.0,
        "Interest Expense Non Operating": 5758000.0,
        "Interest Income Non Operating": 14724000.0,
        "Operating Income": -7183000.0,
        "Operating Expense": 7183000.0,
        "Other Operating Expenses": 1838000.0,
        "Depreciation Amortization Depletion Income Statement": 100000.0,
        "Depreciation And Amortization In Income Statement": 100000.0,
        "Depreciation Income Statement": 100000.0,
        "Selling General And Administration": 5245000.0,
        "General And Administrative Expense": 5245000.0,
        "Other Gand A": 2143000.0,
        "Salaries And Wages": 3102000.0,
        "Gross Profit": NaN,
        "Cost Of Revenue": NaN,
        "Total Revenue": 0.0,
        "Operating Revenue": 0.0
    },
    "2023-12-31": {
        "Tax Effect Of Unusual Items": 3909600.0,
        "Tax Rate For Calcs": 0.4,
        "Normalized EBITDA": 6529000.0,
        "Total Unusual Items": 9774000.0,
        "Total Unusual Items Excluding Goodwill": 9774000.0,
        "Net Income From Continuing Operation Net Minority Interest": -1043000.0,
        "Reconciled Depreciation": 755000.0,
        "Reconciled Cost Of Revenue": NaN,
        "EBITDA": 16303000.0,
        "EBIT": 15548000.0,
        "Net Interest Income": 5445000.0,
        "Interest Expense": 5932000.0,
        "Interest Income": 11220000.0,
        "Normalized Income": -6907400.0,
        "Net Income From Continuing And Discontinued Operation": 1262337000.0,
        "Total Expenses": 26356000.0,
        "Diluted Average Shares": NaN,
        "Basic Average Shares": NaN,
        "Diluted EPS": NaN,
        "Basic EPS": NaN,
        "Diluted NI Availto Com Stockholders": 1262337000.0,
        "Net Income Common Stockholders": 1262337000.0,
        "Net Income": 1262337000.0,
        "Net Income Including Noncontrolling Interests": 1262337000.0,
        "Net Income Discontinuous Operations": 1263380000.0,
        "Net Income Continuous Operations": -1043000.0,
        "Tax Provision": NaN,
        "Pretax Income": 9616000.0,
        "Other Income Expense": 30527000.0,
        "Other Non Operating Income Expenses": NaN,
        "Special Income Charges": -2689000.0,
        "Gain On Sale Of Business": NaN,
        "Other Special Charges": NaN,
        "Restructuring And Mergern Acquisition": 2689000.0,
        "Earnings From Equity Interest": 20753000.0,
        "Gain On Sale Of Security": 12463000.0,
        "Net Non Operating Interest Income Expense": 5445000.0,
        "Total Other Finance Cost": -157000.0,
        "Interest Expense Non Operating": 5932000.0,
        "Interest Income Non Operating": 11220000.0,
        "Operating Income": -26356000.0,
        "Operating Expense": 26356000.0,
        "Other Operating Expenses": 11216000.0,
        "Depreciation Amortization Depletion Income Statement": 129000.0,
        "Depreciation And Amortization In Income Statement": 129000.0,
        "Depreciation Income Statement": 129000.0,
        "Selling General And Administration": 15011000.0,
        "General And Administrative Expense": 15011000.0,
        "Other Gand A": 4628000.0,
        "Salaries And Wages": 10383000.0,
        "Gross Profit": NaN,
        "Cost Of Revenue": NaN,
        "Total Revenue": 0.0,
        "Operating Revenue": 0.0
    },
    "2024-03-31": {
        "Tax Effect Of Unusual Items": 630600.0,
        "Tax Rate For Calcs": 0.15,
        "Normalized EBITDA": -8072000.0,
        "Total Unusual Items": 4204000.0,
        "Total Unusual Items Excluding Goodwill": 4204000.0,
        "Net Income From Continuing Operation Net Minority Interest": -10183000.0,
        "Reconciled Depreciation": 228000.0,
        "Reconciled Cost Of Revenue": 177000.0,
        "EBITDA": -3868000.0,
        "EBIT": -4096000.0,
        "Net Interest Income": 6204000.0,
        "Interest Expense": 5996000.0,
        "Interest Income": 11405000.0,
        "Normalized Income": -13756400.0,
        "Net Income From Continuing And Discontinued Operation": -10183000.0,
        "Total Expenses": 8513000.0,
        "Diluted Average Shares": 160767000.0,
        "Basic Average Shares": 160767000.0,
        "Diluted EPS": -0.06,
        "Basic EPS": -0.06,
        "Diluted NI Availto Com Stockholders": -10183000.0,
        "Net Income Common Stockholders": -10183000.0,
        "Net Income": -10183000.0,
        "Net Income Including Noncontrolling Interests": -10183000.0,
        "Net Income Discontinuous Operations": 0.0,
        "Net Income Continuous Operations": -10183000.0,
        "Tax Provision": 91000.0,
        "Pretax Income": -10092000.0,
        "Other Income Expense": -7783000.0,
        "Other Non Operating Income Expenses": NaN,
        "Special Income Charges": -1018000.0,
        "Gain On Sale Of Business": -272000.0,
        "Other Special Charges": NaN,
        "Restructuring And Mergern Acquisition": 746000.0,
        "Earnings From Equity Interest": -11987000.0,
        "Gain On Sale Of Security": 5222000.0,
        "Net Non Operating Interest Income Expense": 6204000.0,
        "Total Other Finance Cost": -795000.0,
        "Interest Expense Non Operating": 5996000.0,
        "Interest Income Non Operating": 11405000.0,
        "Operating Income": -8513000.0,
        "Operating Expense": 8336000.0,
        "Other Operating Expenses": 3085000.0,
        "Depreciation Amortization Depletion Income Statement": NaN,
        "Depreciation And Amortization In Income Statement": NaN,
        "Depreciation Income Statement": NaN,
        "Selling General And Administration": 5251000.0,
        "General And Administrative Expense": 5251000.0,
        "Other Gand A": 2385000.0,
        "Salaries And Wages": 2866000.0,
        "Gross Profit": -177000.0,
        "Cost Of Revenue": 177000.0,
        "Total Revenue": 0.0,
        "Operating Revenue": 0.0
    },
    "2024-06-30": {
        "Tax Effect Of Unusual Items": 1005750.0,
        "Tax Rate For Calcs": 0.15,
        "Normalized EBITDA": -8909000.0,
        "Total Unusual Items": 6705000.0,
        "Total Unusual Items Excluding Goodwill": 6705000.0,
        "Net Income From Continuing Operation Net Minority Interest": 2175000.0,
        "Reconciled Depreciation": 196000.0,
        "Reconciled Cost Of Revenue": NaN,
        "EBITDA": -2204000.0,
        "EBIT": -2400000.0,
        "Net Interest Income": 6260000.0,
        "Interest Expense": 6176000.0,
        "Interest Income": 12265000.0,
        "Normalized Income": -3524250.0,
        "Net Income From Continuing And Discontinued Operation": 2175000.0,
        "Total Expenses": 6983000.0,
        "Diluted Average Shares": 166199000.0,
        "Basic Average Shares": 161194000.0,
        "Diluted EPS": 0.01,
        "Basic EPS": 0.01,
        "Diluted NI Availto Com Stockholders": 2175000.0,
        "Net Income Common Stockholders": 2175000.0,
        "Net Income": 2175000.0,
        "Net Income Including Noncontrolling Interests": 2175000.0,
        "Net Income Discontinuous Operations": 0.0,
        "Net Income Continuous Operations": 2175000.0,
        "Tax Provision": -10751000.0,
        "Pretax Income": -8576000.0,
        "Other Income Expense": -7853000.0,
        "Other Non Operating Income Expenses": NaN,
        "Special Income Charges": -512000.0,
        "Gain On Sale Of Business": NaN,
        "Other Special Charges": NaN,
        "Restructuring And Mergern Acquisition": 512000.0,
        "Earnings From Equity Interest": -14558000.0,
        "Gain On Sale Of Security": 7217000.0,
        "Net Non Operating Interest Income Expense": 6260000.0,
        "Total Other Finance Cost": -171000.0,
        "Interest Expense Non Operating": 6176000.0,
        "Interest Income Non Operating": 12265000.0,
        "Operating Income": -6983000.0,
        "Operating Expense": 6983000.0,
        "Other Operating Expenses": 2756000.0,
        "Depreciation Amortization Depletion Income Statement": 138000.0,
        "Depreciation And Amortization In Income Statement": 138000.0,
        "Depreciation Income Statement": 138000.0,
        "Selling General And Administration": 4089000.0,
        "General And Administrative Expense": 4089000.0,
        "Other Gand A": 1972000.0,
        "Salaries And Wages": 2117000.0,
        "Gross Profit": NaN,
        "Cost Of Revenue": NaN,
        "Total Revenue": 0.0,
        "Operating Revenue": 0.0
    }
}