{
    "2023-03-31": {
        "Tax Effect Of Unusual Items": NaN,
        "Tax Rate For Calcs": NaN,
        "Normalized EBITDA": NaN,
        "Total Unusual Items": NaN,
        "Total Unusual Items Excluding Goodwill": NaN,
        "Net Income From Continuing Operation Net Minority Interest": NaN,
        "Reconciled Depreciation": NaN,
        "Reconciled Cost Of Revenue": NaN,
        "EBITDA": NaN,
        "EBIT": NaN,
        "Net Interest Income": NaN,
        "Interest Expense": NaN,
        "Interest Income": NaN,
        "Normalized Income": NaN,
        "Net Income From Continuing And Discontinued Operation": NaN,
        "Total Expenses": NaN,
        "Diluted Average Shares": NaN,
        "Basic Average Shares": NaN,
        "Diluted EPS": NaN,
        "Basic EPS": NaN,
        "Diluted NI Availto Com Stockholders": NaN,
        "Net Income Common Stockholders": NaN,
        "Net Income": NaN,
        "Net Income Including Noncontrolling Interests": NaN,
        "Net Income Continuous Operations": NaN,
        "Pretax Income": NaN,
        "Other Income Expense": NaN,
        "Other Non Operating Income Expenses": 9000.0,
        "Special Income Charges": NaN,
        "Restructuring And Mergern Acquisition": NaN,
        "Gain On Sale Of Security": NaN,
        "Net Non Operating Interest Income Expense": NaN,
        "Total Other Finance Cost": NaN,
        "Interest Expense Non Operating": NaN,
        "Interest Income Non Operating": NaN,
        "Operating Income": NaN,
        "Operating Expense": NaN,
        "Other Operating Expenses": 3764000.0,
        "Depreciation Amortization Depletion Income Statement": 43000.0,
        "Depletion Income Statement": 43000.0,
        "Depreciation And Amortization In Income Statement": NaN,
        "Depreciation Income Statement": NaN,
        "Selling General And Administration": NaN,
        "General And Administrative Expense": NaN,
        "Other Gand A": NaN,
        "Salaries And Wages": NaN,
        "Gross Profit": NaN,
        "Cost Of Revenue": NaN,
        "Total Revenue": NaN,
        "Operating Revenue": NaN
    },
    "2022-12-31": {
        "Tax Effect Of Unusual Items": NaN,
        "Tax Rate For Calcs": NaN,
        "Normalized EBITDA": NaN,
        "Total Unusual Items": NaN,
        "Total Unusual Items Excluding Goodwill": NaN,
        "Net Income From Continuing Operation Net Minority Interest": NaN,
        "Reconciled Depreciation": NaN,
        "Reconciled Cost Of Revenue": 219000.0,
        "EBITDA": NaN,
        "EBIT": NaN,
        "Net Interest Income": NaN,
        "Interest Expense": NaN,
        "Interest Income": NaN,
        "Normalized Income": NaN,
        "Net Income From Continuing And Discontinued Operation": NaN,
        "Total Expenses": NaN,
        "Diluted Average Shares": NaN,
        "Basic Average Shares": NaN,
        "Diluted EPS": NaN,
        "Basic EPS": NaN,
        "Diluted NI Availto Com Stockholders": NaN,
        "Net Income Common Stockholders": NaN,
        "Net Income": NaN,
        "Net Income Including Noncontrolling Interests": NaN,
        "Net Income Continuous Operations": NaN,
        "Pretax Income": NaN,
        "Other Income Expense": NaN,
        "Other Non Operating Income Expenses": NaN,
        "Special Income Charges": NaN,
        "Restructuring And Mergern Acquisition": NaN,
        "Gain On Sale Of Security": NaN,
        "Net Non Operating Interest Income Expense": NaN,
        "Total Other Finance Cost": NaN,
        "Interest Expense Non Operating": NaN,
        "Interest Income Non Operating": NaN,
        "Operating Income": NaN,
        "Operating Expense": NaN,
        "Other Operating Expenses": 12591000.0,
        "Depreciation Amortization Depletion Income Statement": NaN,
        "Depletion Income Statement": NaN,
        "Depreciation And Amortization In Income Statement": 219000.0,
        "Depreciation Income Statement": 219000.0,
        "Selling General And Administration": NaN,
        "General And Administrative Expense": NaN,
        "Other Gand A": NaN,
        "Salaries And Wages": NaN,
        "Gross Profit": -219000.0,
        "Cost Of Revenue": 219000.0,
        "Total Revenue": NaN,
        "Operating Revenue": NaN
    },
    "2022-09-30": {
        "Tax Effect Of Unusual Items": NaN,
        "Tax Rate For Calcs": NaN,
        "Normalized EBITDA": NaN,
        "Total Unusual Items": NaN,
        "Total Unusual Items Excluding Goodwill": NaN,
        "Net Income From Continuing Operation Net Minority Interest": NaN,
        "Reconciled Depreciation": NaN,
        "Reconciled Cost Of Revenue": 558000.0,
        "EBITDA": NaN,
        "EBIT": NaN,
        "Net Interest Income": NaN,
        "Interest Expense": NaN,
        "Interest Income": NaN,
        "Normalized Income": NaN,
        "Net Income From Continuing And Discontinued Operation": NaN,
        "Total Expenses": NaN,
        "Diluted Average Shares": 142851000.0,
        "Basic Average Shares": 142851000.0,
        "Diluted EPS": -0.084543,
        "Basic EPS": -0.084543,
        "Diluted NI Availto Com Stockholders": NaN,
        "Net Income Common Stockholders": NaN,
        "Net Income": NaN,
        "Net Income Including Noncontrolling Interests": NaN,
        "Net Income Continuous Operations": NaN,
        "Pretax Income": NaN,
        "Other Income Expense": NaN,
        "Other Non Operating Income Expenses": NaN,
        "Special Income Charges": NaN,
        "Restructuring And Mergern Acquisition": 0.0,
        "Gain On Sale Of Security": NaN,
        "Net Non Operating Interest Income Expense": NaN,
        "Interest Expense Non Operating": NaN,
        "Interest Income Non Operating": NaN,
        "Operating Income": NaN,
        "Operating Expense": NaN,
        "Other Operating Expenses": 6270000.0,
        "Depreciation Amortization Depletion Income Statement": 558000.0,
        "Depletion Income Statement": NaN,
        "Depreciation And Amortization In Income Statement": 558000.0,
        "Depreciation Income Statement": 558000.0,
        "Selling General And Administration": NaN,
        "General And Administrative Expense": NaN,
        "Other Gand A": NaN,
        "Salaries And Wages": NaN,
        "Gross Profit": -558000.0,
        "Cost Of Revenue": 558000.0,
        "Total Revenue": NaN,
        "Operating Revenue": NaN
    },
    "2022-06-30": {
        "Tax Effect Of Unusual Items": 0.0,
        "Tax Rate For Calcs": 0.0,
        "Normalized EBITDA": -84911000.0,
        "Total Unusual Items": 74111000.0,
        "Total Unusual Items Excluding Goodwill": 74111000.0,
        "Net Income From Continuing Operation Net Minority Interest": -16557000.0,
        "Reconciled Depreciation": 569000.0,
        "EBITDA": -10800000.0,
        "EBIT": -11369000.0,
        "Net Interest Income": -335000.0,
        "Interest Expense": 5188000.0,
        "Interest Income": 4853000.0,
        "Normalized Income": -90668000.0,
        "Net Income From Continuing And Discontinued Operation": -16557000.0,
        "Total Expenses": 18555000.0,
        "Diluted Average Shares": 134521000.0,
        "Basic Average Shares": 134521000.0,
        "Diluted EPS": -0.12,
        "Basic EPS": -0.12,
        "Diluted NI Availto Com Stockholders": -16557000.0,
        "Net Income Common Stockholders": -16557000.0,
        "Net Income": -16557000.0,
        "Net Income Including Noncontrolling Interests": -16557000.0,
        "Net Income Discontinuous Operations": 0.0,
        "Net Income Continuous Operations": -16557000.0,
        "Pretax Income": -16557000.0,
        "Other Income Expense": 2333000.0,
        "Other Non Operating Income Expenses": NaN,
        "Special Income Charges": 0.0,
        "Other Special Charges": NaN,
        "Restructuring And Mergern Acquisition": 0.0,
        "Earnings From Equity Interest": -71778000.0,
        "Gain On Sale Of Security": 74111000.0,
        "Net Non Operating Interest Income Expense": -335000.0,
        "Total Other Finance Cost": NaN,
        "Interest Expense Non Operating": 5188000.0,
        "Interest Income Non Operating": 4853000.0,
        "Operating Income": -18555000.0,
        "Operating Expense": 18555000.0,
        "Other Operating Expenses": 12790000.0,
        "Depreciation Amortization Depletion Income Statement": NaN,
        "Depreciation And Amortization In Income Statement": NaN,
        "Depreciation Income Statement": NaN,
        "Selling General And Administration": 5765000.0,
        "General And Administrative Expense": 5765000.0,
        "Other Gand A": 5151000.0,
        "Salaries And Wages": 614000.0,
        "Total Revenue": 0.0,
        "Operating Revenue": 0.0
    },
    "2022-03-31": {
        "Diluted EPS": -0.35,
        "Total Revenue": NaN,
        "Gross Profit": NaN,
        "Operating Income": -16,
        "EBIT": -16,
        "Net Income": -46
    },
    "2021-12-31": {
        "Diluted EPS": 0.07,
        "Total Revenue": NaN,
        "Gross Profit": NaN,
        "Operating Income": -8,
        "EBIT": -7,
        "Net Income": 8
    },
    "2021-09-30": {
        "Diluted EPS": -0.14,
        "Total Revenue": NaN,
        "Gross Profit": NaN,
        "Operating Income": -17,
        "EBIT": -16,
        "Net Income": -17
    },
    "2021-06-30": {
        "Diluted EPS": -0.16,
        "Total Revenue": NaN,
        "Gross Profit": NaN,
        "Operating Income": -13,
        "EBIT": -13,
        "Net Income": -19
    },
    "2021-03-31": {
        "Diluted EPS": -0.09,
        "Total Revenue": NaN,
        "Gross Profit": NaN,
        "Operating Income": -9,
        "EBIT": -9,
        "Net Income": -10
    },
    "2020-12-31": {
        "Diluted EPS": -0.09,
        "Total Revenue": NaN,
        "Gross Profit": NaN,
        "Operating Income": -8,
        "EBIT": -8,
        "Net Income": -10
    },
    "2020-09-30": {
        "Diluted EPS": -0.07,
        "Total Revenue": NaN,
        "Gross Profit": NaN,
        "Operating Income": -6,
        "EBIT": -6,
        "Net Income": -6
    },
    "2020-06-30": {
        "Diluted EPS": -0.07,
        "Total Revenue": NaN,
        "Gross Profit": NaN,
        "Operating Income": -6,
        "EBIT": -6,
        "Net Income": -6
    },
    "2020-03-31": {
        "Diluted EPS": -0.16,
        "Total Revenue": NaN,
        "Gross Profit": NaN,
        "Operating Income": -10,
        "EBIT": -10,
        "Net Income": -14
    },
    "2019-12-31": {
        "Diluted EPS": -0.07,
        "Total Revenue": NaN,
        "Gross Profit": NaN,
        "Operating Income": -5,
        "EBIT": -5,
        "Net Income": -6
    },
    "2019-09-30": {
        "Diluted EPS": 0.75,
        "Total Revenue": NaN,
        "Gross Profit": NaN,
        "Operating Income": -3,
        "EBIT": -3,
        "Net Income": 69
    },
    "2019-06-30": {
        "Diluted EPS": -0.07,
        "Total Revenue": NaN,
        "Gross Profit": NaN,
        "Operating Income": -5,
        "EBIT": -5,
        "Net Income": -7
    },
    "2019-03-31": {
        "Diluted EPS": -0.05,
        "Total Revenue": NaN,
        "Gross Profit": NaN,
        "Operating Income": -2,
        "EBIT": -2,
        "Net Income": -4
    },
    "2018-12-31": {
        "Diluted EPS": -0.11,
        "Total Revenue": NaN,
        "Gross Profit": NaN,
        "Operating Income": 1,
        "EBIT": 1,
        "Net Income": -10
    },
    "2018-09-30": {
        "Diluted EPS": -0.08,
        "Total Revenue": 1,
        "Gross Profit": -1,
        "Operating Income": -7,
        "EBIT": -7,
        "Net Income": -7
    },
    "2018-06-30": {
        "Diluted EPS": -0.08,
        "Total Revenue": 1,
        "Gross Profit": 0,
        "Operating Income": -8,
        "EBIT": -8,
        "Net Income": -7
    },
    "2018-03-31": {
        "Diluted EPS": -0.05,
        "Total Revenue": 1,
        "Gross Profit": -1,
        "Operating Income": -6,
        "EBIT": -6,
        "Net Income": -5
    },
    "2017-12-31": {
        "Diluted EPS": -0.06,
        "Total Revenue": 0,
        "Gross Profit": -1,
        "Operating Income": -7,
        "EBIT": -6,
        "Net Income": -6
    },
    "2017-09-30": {
        "Diluted EPS": -0.15,
        "Total Revenue": 1,
        "Gross Profit": -1,
        "Operating Income": -11,
        "EBIT": -11,
        "Net Income": -13
    },
    "2017-06-30": {
        "Diluted EPS": -0.15,
        "Total Revenue": 2,
        "Gross Profit": 0,
        "Operating Income": -8,
        "EBIT": -8,
        "Net Income": -10
    },
    "2017-03-31": {
        "Diluted EPS": -0.08,
        "Total Revenue": 1,
        "Gross Profit": 0,
        "Operating Income": -4,
        "EBIT": -4,
        "Net Income": -5
    },
    "2016-12-31": {
        "Diluted EPS": -0.45,
        "Total Revenue": 1,
        "Gross Profit": -1,
        "Operating Income": -9,
        "EBIT": -9,
        "Net Income": -9
    },
    "2016-09-30": {
        "Diluted EPS": -0.01,
        "Total Revenue": 0,
        "Gross Profit": 0,
        "Operating Income": -4,
        "EBIT": -4,
        "Net Income": -4
    },
    "2016-06-30": {
        "Diluted EPS": -0.01,
        "Total Revenue": 0,
        "Gross Profit": 0,
        "Operating Income": -4,
        "EBIT": -3,
        "Net Income": -4
    },
    "2016-03-31": {
        "Diluted EPS": -0.03,
        "Total Revenue": NaN,
        "Gross Profit": NaN,
        "Operating Income": -3,
        "EBIT": -3,
        "Net Income": -11
    },
    "2023-06-30": {
        "Tax Effect Of Unusual Items": NaN,
        "Tax Rate For Calcs": NaN,
        "Normalized EBITDA": NaN,
        "Total Unusual Items": NaN,
        "Total Unusual Items Excluding Goodwill": NaN,
        "Net Income From Continuing Operation Net Minority Interest": NaN,
        "Reconciled Depreciation": NaN,
        "Reconciled Cost Of Revenue": 57000.0,
        "EBITDA": NaN,
        "EBIT": NaN,
        "Net Interest Income": NaN,
        "Interest Expense": NaN,
        "Interest Income": 34000.0,
        "Normalized Income": NaN,
        "Net Income From Continuing And Discontinued Operation": NaN,
        "Total Expenses": NaN,
        "Diluted Average Shares": 160047671.0,
        "Basic Average Shares": 160047671.0,
        "Diluted EPS": 0.068005,
        "Basic EPS": 0.068005,
        "Diluted NI Availto Com Stockholders": NaN,
        "Net Income Common Stockholders": NaN,
        "Net Income": NaN,
        "Net Income Including Noncontrolling Interests": NaN,
        "Net Income Continuous Operations": NaN,
        "Pretax Income": NaN,
        "Other Income Expense": NaN,
        "Other Non Operating Income Expenses": NaN,
        "Special Income Charges": NaN,
        "Restructuring And Mergern Acquisition": NaN,
        "Gain On Sale Of Security": NaN,
        "Net Non Operating Interest Income Expense": NaN,
        "Total Other Finance Cost": -44000.0,
        "Interest Expense Non Operating": NaN,
        "Interest Income Non Operating": 34000.0,
        "Operating Income": NaN,
        "Operating Expense": NaN,
        "Other Operating Expenses": NaN,
        "Depreciation Amortization Depletion Income Statement": 57000.0,
        "Depletion Income Statement": NaN,
        "Depreciation And Amortization In Income Statement": 57000.0,
        "Depreciation Income Statement": 57000.0,
        "Selling General And Administration": NaN,
        "General And Administrative Expense": NaN,
        "Other Gand A": NaN,
        "Salaries And Wages": NaN,
        "Gross Profit": -57000.0,
        "Cost Of Revenue": 57000.0,
        "Total Revenue": NaN,
        "Operating Revenue": NaN
    },
    "2023-09-30": {
        "Tax Effect Of Unusual Items": 0.0,
        "Tax Rate For Calcs": 0.0,
        "Normalized EBITDA": -3257000.0,
        "Total Unusual Items": 3057000.0,
        "Total Unusual Items Excluding Goodwill": 3057000.0,
        "Net Income From Continuing Operation Net Minority Interest": -200000.0,
        "Reconciled Depreciation": 0.0,
        "Reconciled Cost Of Revenue": 58000.0,
        "EBITDA": -200000.0,
        "EBIT": -200000.0,
        "Net Interest Income": -70000.0,
        "Interest Expense": 0.0,
        "Interest Income": 0.0,
        "Normalized Income": -3257000.0,
        "Net Income From Continuing And Discontinued Operation": -200000.0,
        "Total Expenses": 3187000.0,
        "Diluted Average Shares": 160047671.0,
        "Basic Average Shares": 160047671.0,
        "Diluted EPS": -0.00125,
        "Basic EPS": -0.00125,
        "Diluted NI Availto Com Stockholders": -200000.0,
        "Net Income Common Stockholders": -200000.0,
        "Net Income": -200000.0,
        "Net Income Including Noncontrolling Interests": -200000.0,
        "Net Income Continuous Operations": -200000.0,
        "Pretax Income": -200000.0,
        "Other Income Expense": 3057000.0,
        "Other Non Operating Income Expenses": 3582000.0,
        "Special Income Charges": -2529000.0,
        "Restructuring And Mergern Acquisition": 2529000.0,
        "Gain On Sale Of Security": 5586000.0,
        "Net Non Operating Interest Income Expense": -70000.0,
        "Total Other Finance Cost": 70000.0,
        "Interest Expense Non Operating": 0.0,
        "Interest Income Non Operating": 0.0,
        "Operating Income": -3187000.0,
        "Operating Expense": 3129000.0,
        "Other Operating Expenses": NaN,
        "Depreciation Amortization Depletion Income Statement": 0.0,
        "Depletion Income Statement": NaN,
        "Depreciation And Amortization In Income Statement": 0.0,
        "Depreciation Income Statement": 0.0,
        "Selling General And Administration": 3129000.0,
        "General And Administrative Expense": 3129000.0,
        "Other Gand A": 1532000.0,
        "Salaries And Wages": 1597000.0,
        "Gross Profit": -58000.0,
        "Cost Of Revenue": 58000.0,
        "Total Revenue": 0.0,
        "Operating Revenue": 0.0
    },
    "2023-12-31": {
        "Tax Effect Of Unusual Items": 0.0,
        "Tax Rate For Calcs": 0.0,
        "Normalized EBITDA": -14365000.0,
        "Total Unusual Items": 1412000.0,
        "Total Unusual Items Excluding Goodwill": 1412000.0,
        "Net Income From Continuing Operation Net Minority Interest": -12901000.0,
        "Reconciled Depreciation": 0.0,
        "Reconciled Cost Of Revenue": 0.0,
        "EBITDA": -12953000.0,
        "EBIT": -12953000.0,
        "Net Interest Income": 3028000.0,
        "Interest Expense": -52000.0,
        "Interest Income": NaN,
        "Normalized Income": -14313000.0,
        "Net Income From Continuing And Discontinued Operation": -12901000.0,
        "Total Expenses": 13759000.0,
        "Diluted Average Shares": NaN,
        "Basic Average Shares": NaN,
        "Diluted EPS": NaN,
        "Basic EPS": NaN,
        "Diluted NI Availto Com Stockholders": -12901000.0,
        "Net Income Common Stockholders": -12901000.0,
        "Net Income": -12901000.0,
        "Net Income Including Noncontrolling Interests": -12901000.0,
        "Net Income Continuous Operations": -12901000.0,
        "Pretax Income": -12901000.0,
        "Other Income Expense": -2170000.0,
        "Other Non Operating Income Expenses": NaN,
        "Special Income Charges": -1182000.0,
        "Restructuring And Mergern Acquisition": 1182000.0,
        "Gain On Sale Of Security": 2594000.0,
        "Net Non Operating Interest Income Expense": 3028000.0,
        "Total Other Finance Cost": NaN,
        "Interest Expense Non Operating": -52000.0,
        "Interest Income Non Operating": NaN,
        "Operating Income": -13759000.0,
        "Operating Expense": 13759000.0,
        "Other Operating Expenses": 0.0,
        "Depreciation Amortization Depletion Income Statement": NaN,
        "Depletion Income Statement": NaN,
        "Depreciation And Amortization In Income Statement": NaN,
        "Depreciation Income Statement": NaN,
        "Selling General And Administration": 13593000.0,
        "General And Administrative Expense": 13593000.0,
        "Other Gand A": 3040000.0,
        "Salaries And Wages": 10553000.0,
        "Gross Profit": 0.0,
        "Cost Of Revenue": 0.0,
        "Total Revenue": 0.0,
        "Operating Revenue": 0.0
    },
    "2024-03-31": {
        "Tax Effect Of Unusual Items": 0.0,
        "Tax Rate For Calcs": 0.0,
        "Normalized EBITDA": -3631000.0,
        "Total Unusual Items": -2369000.0,
        "Total Unusual Items Excluding Goodwill": -2369000.0,
        "Net Income From Continuing Operation Net Minority Interest": -6008000.0,
        "Reconciled Depreciation": 8000.0,
        "Reconciled Cost Of Revenue": NaN,
        "EBITDA": -6000000.0,
        "EBIT": -6008000.0,
        "Net Interest Income": 1909000.0,
        "Interest Expense": 0.0,
        "Interest Income": 1909000.0,
        "Normalized Income": -3639000.0,
        "Net Income From Continuing And Discontinued Operation": -6008000.0,
        "Total Expenses": 5548000.0,
        "Diluted Average Shares": 162042000.0,
        "Basic Average Shares": 162042000.0,
        "Diluted EPS": -0.04,
        "Basic EPS": -0.04,
        "Diluted NI Availto Com Stockholders": -6008000.0,
        "Net Income Common Stockholders": -6008000.0,
        "Net Income": -6008000.0,
        "Net Income Including Noncontrolling Interests": -6008000.0,
        "Net Income Continuous Operations": -6008000.0,
        "Pretax Income": -6008000.0,
        "Other Income Expense": -2369000.0,
        "Other Non Operating Income Expenses": NaN,
        "Special Income Charges": -865000.0,
        "Restructuring And Mergern Acquisition": 865000.0,
        "Gain On Sale Of Security": -1504000.0,
        "Net Non Operating Interest Income Expense": 1909000.0,
        "Total Other Finance Cost": NaN,
        "Interest Expense Non Operating": 0.0,
        "Interest Income Non Operating": 1909000.0,
        "Operating Income": -5548000.0,
        "Operating Expense": 5548000.0,
        "Other Operating Expenses": NaN,
        "Depreciation Amortization Depletion Income Statement": 8000.0,
        "Depletion Income Statement": 8000.0,
        "Depreciation And Amortization In Income Statement": NaN,
        "Depreciation Income Statement": NaN,
        "Selling General And Administration": 5540000.0,
        "General And Administrative Expense": 5540000.0,
        "Other Gand A": 1766000.0,
        "Salaries And Wages": 3774000.0,
        "Gross Profit": NaN,
        "Cost Of Revenue": NaN,
        "Total Revenue": 0.0,
        "Operating Revenue": 0.0
    },
    "2024-06-30": {
        "Tax Effect Of Unusual Items": 0.0,
        "Tax Rate For Calcs": 0.0,
        "Normalized EBITDA": -1895000.0,
        "Total Unusual Items": -4295000.0,
        "Total Unusual Items Excluding Goodwill": -4295000.0,
        "Net Income From Continuing Operation Net Minority Interest": -6276000.0,
        "Reconciled Depreciation": 79000.0,
        "Reconciled Cost Of Revenue": 79000.0,
        "EBITDA": -6190000.0,
        "EBIT": -6269000.0,
        "Net Interest Income": 4160000.0,
        "Interest Expense": 7000.0,
        "Interest Income": 4181000.0,
        "Normalized Income": -1981000.0,
        "Net Income From Continuing And Discontinued Operation": -6276000.0,
        "Total Expenses": 6141000.0,
        "Diluted Average Shares": 204465000.0,
        "Basic Average Shares": 204465000.0,
        "Diluted EPS": -0.03,
        "Basic EPS": -0.03,
        "Diluted NI Availto Com Stockholders": -6276000.0,
        "Net Income Common Stockholders": -6276000.0,
        "Net Income": -6276000.0,
        "Net Income Including Noncontrolling Interests": -6276000.0,
        "Net Income Continuous Operations": -6276000.0,
        "Pretax Income": -6276000.0,
        "Other Income Expense": -4295000.0,
        "Other Non Operating Income Expenses": NaN,
        "Special Income Charges": -1316000.0,
        "Restructuring And Mergern Acquisition": 1316000.0,
        "Gain On Sale Of Security": -2979000.0,
        "Net Non Operating Interest Income Expense": 4160000.0,
        "Total Other Finance Cost": 14000.0,
        "Interest Expense Non Operating": 7000.0,
        "Interest Income Non Operating": 4181000.0,
        "Operating Income": -6141000.0,
        "Operating Expense": 6062000.0,
        "Other Operating Expenses": NaN,
        "Depreciation Amortization Depletion Income Statement": 79000.0,
        "Depletion Income Statement": NaN,
        "Depreciation And Amortization In Income Statement": 79000.0,
        "Depreciation Income Statement": 79000.0,
        "Selling General And Administration": 6062000.0,
        "General And Administrative Expense": 6062000.0,
        "Other Gand A": 2664000.0,
        "Salaries And Wages": 3398000.0,
        "Gross Profit": -79000.0,
        "Cost Of Revenue": 79000.0,
        "Total Revenue": 0.0,
        "Operating Revenue": 0.0
    },
    "2024-09-30": {
        "Tax Effect Of Unusual Items": 0.0,
        "Tax Rate For Calcs": 0.0,
        "Normalized EBITDA": -648000.0,
        "Total Unusual Items": -7327000.0,
        "Total Unusual Items Excluding Goodwill": -7327000.0,
        "Net Income From Continuing Operation Net Minority Interest": -8063000.0,
        "Reconciled Depreciation": 78000.0,
        "Reconciled Cost Of Revenue": 78000.0,
        "EBITDA": -7975000.0,
        "EBIT": -8053000.0,
        "Net Interest Income": 4945000.0,
        "Interest Expense": 10000.0,
        "Interest Income": 4955000.0,
        "Normalized Income": -736000.0,
        "Net Income From Continuing And Discontinued Operation": -8063000.0,
        "Total Expenses": 5681000.0,
        "Diluted Average Shares": 218039000.0,
        "Basic Average Shares": 218039000.0,
        "Diluted EPS": -0.04,
        "Basic EPS": -0.04,
        "Diluted NI Availto Com Stockholders": -8063000.0,
        "Net Income Common Stockholders": -8063000.0,
        "Net Income": -8063000.0,
        "Net Income Including Noncontrolling Interests": -8063000.0,
        "Net Income Continuous Operations": -8063000.0,
        "Pretax Income": -8063000.0,
        "Other Income Expense": -7327000.0,
        "Other Non Operating Income Expenses": NaN,
        "Special Income Charges": -6061000.0,
        "Restructuring And Mergern Acquisition": 6061000.0,
        "Gain On Sale Of Security": -1266000.0,
        "Net Non Operating Interest Income Expense": 4945000.0,
        "Total Other Finance Cost": NaN,
        "Interest Expense Non Operating": 10000.0,
        "Interest Income Non Operating": 4955000.0,
        "Operating Income": -5681000.0,
        "Operating Expense": 5603000.0,
        "Other Operating Expenses": NaN,
        "Depreciation Amortization Depletion Income Statement": NaN,
        "Depletion Income Statement": NaN,
        "Depreciation And Amortization In Income Statement": NaN,
        "Depreciation Income Statement": NaN,
        "Selling General And Administration": 5603000.0,
        "General And Administrative Expense": 5603000.0,
        "Other Gand A": 2253000.0,
        "Salaries And Wages": 3350000.0,
        "Gross Profit": -78000.0,
        "Cost Of Revenue": 78000.0,
        "Total Revenue": 0.0,
        "Operating Revenue": 0.0
    }
}