{
    "2023-06-30": {
        "Tax Effect Of Unusual Items": 260000.0,
        "Tax Rate For Calcs": 0.26,
        "Normalized EBITDA": 569800000.0,
        "Total Unusual Items": 1000000.0,
        "Total Unusual Items Excluding Goodwill": 1000000.0,
        "Net Income From Continuing Operation Net Minority Interest": 297200000.0,
        "Reconciled Depreciation": 66500000.0,
        "Reconciled Cost Of Revenue": 6708300000.0,
        "EBITDA": 570800000.0,
        "EBIT": 504300000.0,
        "Net Interest Income": -97300000.0,
        "Interest Expense": 97300000.0,
        "Interest Income": NaN,
        "Normalized Income": 296460000.0,
        "Net Income From Continuing And Discontinued Operation": 297200000.0,
        "Total Expenses": 7618000000.0,
        "Rent Expense Supplemental": 22000000.0,
        "Total Operating Income As Reported": 475800000.0,
        "Diluted Average Shares": 27600000.0,
        "Basic Average Shares": 27500000.0,
        "Diluted EPS": 10.78,
        "Basic EPS": 10.807273,
        "Diluted NI Availto Com Stockholders": 297200000.0,
        "Net Income Common Stockholders": 297200000.0,
        "Net Income": 297200000.0,
        "Minority Interests": -3900000.0,
        "Net Income Including Noncontrolling Interests": 301100000.0,
        "Net Income Continuous Operations": 301100000.0,
        "Tax Provision": 105900000.0,
        "Pretax Income": 407000000.0,
        "Other Income Expense": 10800000.0,
        "Other Non Operating Income Expenses": 9800000.0,
        "Special Income Charges": 1000000.0,
        "Gain On Sale Of Ppe": 1000000.0,
        "Impairment Of Capital Assets": NaN,
        "Net Non Operating Interest Income Expense": -97300000.0,
        "Interest Expense Non Operating": 97300000.0,
        "Interest Income Non Operating": NaN,
        "Operating Income": 493500000.0,
        "Operating Expense": 891600000.0,
        "Other Operating Expenses": NaN,
        "Depreciation Amortization Depletion Income Statement": 48400000.0,
        "Depreciation And Amortization In Income Statement": 48400000.0,
        "Selling General And Administration": 843200000.0,
        "Selling And Marketing Expense": 61900000.0,
        "General And Administrative Expense": 781300000.0,
        "Other Gand A": 203200000.0,
        "Rent And Landing Fees": 22000000.0,
        "Salaries And Wages": 556100000.0,
        "Gross Profit": 1385100000.0,
        "Cost Of Revenue": 6726400000.0,
        "Total Revenue": 8111500000.0,
        "Operating Revenue": 8111500000.0
    },
    "2023-03-31": {
        "Tax Effect Of Unusual Items": 1909900.0,
        "Tax Rate For Calcs": 0.269,
        "Normalized EBITDA": 476700000.0,
        "Total Unusual Items": 7100000.0,
        "Total Unusual Items Excluding Goodwill": 7100000.0,
        "Net Income From Continuing Operation Net Minority Interest": 228700000.0,
        "Reconciled Depreciation": 65300000.0,
        "Reconciled Cost Of Revenue": 5746600000.0,
        "EBITDA": 483800000.0,
        "EBIT": 418500000.0,
        "Net Interest Income": -50300000.0,
        "Interest Expense": 104200000.0,
        "Interest Income": 53900000.0,
        "Normalized Income": 223509900.0,
        "Net Income From Continuing And Discontinued Operation": 228700000.0,
        "Total Expenses": 6618300000.0,
        "Rent Expense Supplemental": 18900000.0,
        "Total Operating Income As Reported": 379000000.0,
        "Diluted Average Shares": 27500000.0,
        "Basic Average Shares": 27500000.0,
        "Diluted EPS": 8.3,
        "Basic EPS": 8.316364,
        "Diluted NI Availto Com Stockholders": 228700000.0,
        "Net Income Common Stockholders": 228700000.0,
        "Net Income": 228700000.0,
        "Minority Interests": -900000.0,
        "Net Income Including Noncontrolling Interests": 229600000.0,
        "Net Income Continuous Operations": 229600000.0,
        "Tax Provision": 84700000.0,
        "Pretax Income": 314300000.0,
        "Other Income Expense": 9100000.0,
        "Other Non Operating Income Expenses": 2000000.0,
        "Special Income Charges": 7100000.0,
        "Gain On Sale Of Ppe": 7100000.0,
        "Impairment Of Capital Assets": NaN,
        "Net Non Operating Interest Income Expense": -50300000.0,
        "Interest Expense Non Operating": 104200000.0,
        "Interest Income Non Operating": 53900000.0,
        "Operating Income": 355500000.0,
        "Operating Expense": 856000000.0,
        "Other Operating Expenses": 26300000.0,
        "Depreciation Amortization Depletion Income Statement": 49600000.0,
        "Depreciation And Amortization In Income Statement": 49600000.0,
        "Selling General And Administration": 780100000.0,
        "Selling And Marketing Expense": 59900000.0,
        "General And Administrative Expense": 720200000.0,
        "Other Gand A": 192300000.0,
        "Rent And Landing Fees": 18900000.0,
        "Salaries And Wages": 509000000.0,
        "Gross Profit": 1211500000.0,
        "Cost Of Revenue": 5762300000.0,
        "Total Revenue": 6973800000.0,
        "Operating Revenue": 6973800000.0
    },
    "2022-12-31": {
        "Tax Effect Of Unusual Items": 4133977.982743,
        "Tax Rate For Calcs": 0.256769,
        "Normalized EBITDA": 422800000.0,
        "Total Unusual Items": 16100000.0,
        "Total Unusual Items Excluding Goodwill": 16100000.0,
        "Net Income From Continuing Operation Net Minority Interest": 247600000.0,
        "Reconciled Depreciation": 68400000.0,
        "Reconciled Cost Of Revenue": 5710100000.0,
        "EBITDA": 438900000.0,
        "EBIT": 370500000.0,
        "Net Interest Income": -38400000.0,
        "Interest Expense": 34400000.0,
        "Interest Income": NaN,
        "Normalized Income": 235633977.982743,
        "Net Income From Continuing And Discontinued Operation": 247600000.0,
        "Total Expenses": 6581900000.0,
        "Rent Expense Supplemental": 18600000.0,
        "Total Operating Income As Reported": 376700000.0,
        "Diluted Average Shares": 27500000.0,
        "Basic Average Shares": 27300000.0,
        "Diluted EPS": 9.0,
        "Basic EPS": 9.07326,
        "Diluted NI Availto Com Stockholders": 247600000.0,
        "Net Income Common Stockholders": 247600000.0,
        "Net Income": 247600000.0,
        "Minority Interests": -2200000.0,
        "Net Income Including Noncontrolling Interests": 249800000.0,
        "Net Income Continuous Operations": 249800000.0,
        "Tax Provision": 86300000.0,
        "Pretax Income": 336100000.0,
        "Other Income Expense": 9900000.0,
        "Other Non Operating Income Expenses": -6200000.0,
        "Special Income Charges": 16100000.0,
        "Gain On Sale Of Ppe": 16100000.0,
        "Impairment Of Capital Assets": 0.0,
        "Net Non Operating Interest Income Expense": -38400000.0,
        "Interest Expense Non Operating": 34400000.0,
        "Interest Income Non Operating": NaN,
        "Operating Income": 364600000.0,
        "Operating Expense": 844500000.0,
        "Other Operating Expenses": NaN,
        "Depreciation Amortization Depletion Income Statement": 41100000.0,
        "Depreciation And Amortization In Income Statement": 41100000.0,
        "Selling General And Administration": 803400000.0,
        "Selling And Marketing Expense": 63500000.0,
        "General And Administrative Expense": 739900000.0,
        "Other Gand A": 241800000.0,
        "Rent And Landing Fees": 18600000.0,
        "Salaries And Wages": 479500000.0,
        "Gross Profit": 1209100000.0,
        "Cost Of Revenue": 5737400000.0,
        "Total Revenue": 6946500000.0,
        "Operating Revenue": 6946500000.0
    },
    "2022-09-30": {
        "Tax Effect Of Unusual Items": 0.0,
        "Tax Rate For Calcs": 0.275,
        "Normalized EBITDA": 576200000.0,
        "Total Unusual Items": 0.0,
        "Total Unusual Items Excluding Goodwill": 0.0,
        "Net Income From Continuing Operation Net Minority Interest": 329600000.0,
        "Reconciled Depreciation": 60200000.0,
        "Reconciled Cost Of Revenue": 5963200000.0,
        "EBITDA": 576200000.0,
        "EBIT": 516000000.0,
        "Net Interest Income": -60300000.0,
        "Interest Expense": 60300000.0,
        "Interest Income": NaN,
        "Normalized Income": 329600000.0,
        "Net Income From Continuing And Discontinued Operation": 329600000.0,
        "Total Expenses": 6772600000.0,
        "Rent Expense Supplemental": 18300000.0,
        "Total Operating Income As Reported": 523100000.0,
        "Diluted Average Shares": 27600000.0,
        "Basic Average Shares": 27500000.0,
        "Diluted EPS": 11.92,
        "Basic EPS": 11.97,
        "Diluted NI Availto Com Stockholders": 329600000.0,
        "Net Income Common Stockholders": 329600000.0,
        "Net Income": 329600000.0,
        "Minority Interests": -700000.0,
        "Net Income Including Noncontrolling Interests": 330300000.0,
        "Net Income Continuous Operations": 330300000.0,
        "Tax Provision": 125400000.0,
        "Pretax Income": 455700000.0,
        "Other Income Expense": -7100000.0,
        "Other Non Operating Income Expenses": -7100000.0,
        "Special Income Charges": 0.0,
        "Gain On Sale Of Ppe": 36300000.0,
        "Impairment Of Capital Assets": 0.0,
        "Net Non Operating Interest Income Expense": -60300000.0,
        "Total Other Finance Cost": NaN,
        "Interest Expense Non Operating": 60300000.0,
        "Interest Income Non Operating": NaN,
        "Operating Income": 523100000.0,
        "Operating Expense": 791100000.0,
        "Other Operating Expenses": NaN,
        "Depreciation Amortization Depletion Income Statement": 41900000.0,
        "Depreciation And Amortization In Income Statement": 41900000.0,
        "Selling General And Administration": 749200000.0,
        "Selling And Marketing Expense": 64700000.0,
        "General And Administrative Expense": 720800000.0,
        "Other Gand A": 166100000.0,
        "Rent And Landing Fees": 18300000.0,
        "Salaries And Wages": 536400000.0,
        "Gross Profit": 1314200000.0,
        "Cost Of Revenue": 5981500000.0,
        "Total Revenue": 7295700000.0,
        "Operating Revenue": 7295700000.0
    },
    "2022-06-30": {
        "Tax Effect Of Unusual Items": 0.0,
        "Tax Rate For Calcs": 0.279,
        "Normalized EBITDA": 566700000.0,
        "Total Unusual Items": 4600000.0,
        "Total Unusual Items Excluding Goodwill": 4600000.0,
        "Net Income From Continuing Operation Net Minority Interest": 331300000.0,
        "Reconciled Depreciation": 60300000.0,
        "Reconciled Cost Of Revenue": 5889400000.0,
        "EBITDA": 566700000.0,
        "EBIT": 506400000.0,
        "Net Interest Income": -38200000.0,
        "Interest Expense": 38200000.0,
        "Interest Income": NaN,
        "Normalized Income": 331300000.0,
        "Net Income From Continuing And Discontinued Operation": 331300000.0,
        "Total Expenses": 6711800000.0,
        "Rent Expense Supplemental": 17900000.0,
        "Total Operating Income As Reported": 528300000.0,
        "Diluted Average Shares": 28600000.0,
        "Basic Average Shares": 28400000.0,
        "Diluted EPS": 11.6,
        "Basic EPS": 11.67,
        "Diluted NI Availto Com Stockholders": 331300000.0,
        "Net Income Common Stockholders": 331300000.0,
        "Net Income": 331300000.0,
        "Minority Interests": -6300000.0,
        "Net Income Including Noncontrolling Interests": 337600000.0,
        "Net Income Continuous Operations": 337600000.0,
        "Tax Provision": 130600000.0,
        "Pretax Income": 468200000.0,
        "Other Income Expense": -21900000.0,
        "Other Non Operating Income Expenses": -21900000.0,
        "Special Income Charges": 4600000.0,
        "Gain On Sale Of Ppe": 4600000.0,
        "Impairment Of Capital Assets": NaN,
        "Net Non Operating Interest Income Expense": -38200000.0,
        "Total Other Finance Cost": NaN,
        "Interest Expense Non Operating": 38200000.0,
        "Interest Income Non Operating": NaN,
        "Operating Income": 528300000.0,
        "Operating Expense": 822400000.0,
        "Other Operating Expenses": NaN,
        "Depreciation Amortization Depletion Income Statement": 40900000.0,
        "Depreciation And Amortization In Income Statement": 40900000.0,
        "Selling General And Administration": 781500000.0,
        "Selling And Marketing Expense": 67000000.0,
        "General And Administrative Expense": 719100000.0,
        "Other Gand A": 148500000.0,
        "Rent And Landing Fees": 17900000.0,
        "Salaries And Wages": 552700000.0,
        "Gross Profit": 1350700000.0,
        "Cost Of Revenue": 5889400000.0,
        "Total Revenue": 7240100000.0,
        "Operating Revenue": 7240100000.0
    },
    "2022-03-31": {
        "Diluted EPS": 11.55,
        "Total Revenue": NaN,
        "Gross Profit": NaN,
        "Operating Income": 507,
        "EBIT": 550,
        "Net Income": 342
    },
    "2021-12-31": {
        "Diluted EPS": 9.87,
        "Total Revenue": NaN,
        "Gross Profit": NaN,
        "Operating Income": 498,
        "EBIT": 546,
        "Net Income": 291
    },
    "2021-09-30": {
        "Diluted EPS": 10.11,
        "Total Revenue": NaN,
        "Gross Profit": NaN,
        "Operating Income": 480,
        "EBIT": 524,
        "Net Income": 308
    },
    "2021-06-30": {
        "Diluted EPS": 10.75,
        "Total Revenue": NaN,
        "Gross Profit": NaN,
        "Operating Income": 446,
        "EBIT": 485,
        "Net Income": 305
    },
    "2021-03-31": {
        "Diluted EPS": 5.81,
        "Total Revenue": NaN,
        "Gross Profit": 716,
        "Operating Income": 238,
        "EBIT": 273,
        "Net Income": 156
    },
    "2020-12-31": {
        "Diluted EPS": 7.32,
        "Total Revenue": NaN,
        "Gross Profit": 647,
        "Operating Income": 230,
        "EBIT": 264,
        "Net Income": 188
    },
    "2020-09-30": {
        "Diluted EPS": 6.86,
        "Total Revenue": NaN,
        "Gross Profit": 652,
        "Operating Income": 240,
        "EBIT": 270,
        "Net Income": 159
    },
    "2020-06-30": {
        "Diluted EPS": 3.38,
        "Total Revenue": NaN,
        "Gross Profit": 464,
        "Operating Income": 130,
        "EBIT": 159,
        "Net Income": 78
    },
    "2020-03-31": {
        "Diluted EPS": 1.97,
        "Total Revenue": NaN,
        "Gross Profit": 461,
        "Operating Income": 93,
        "EBIT": 122,
        "Net Income": 46
    },
    "2019-12-31": {
        "Diluted EPS": 2.91,
        "Total Revenue": NaN,
        "Gross Profit": 499,
        "Operating Income": 123,
        "EBIT": 176,
        "Net Income": 68
    },
    "2019-09-30": {
        "Diluted EPS": 3.64,
        "Total Revenue": NaN,
        "Gross Profit": 511,
        "Operating Income": 147,
        "EBIT": 168,
        "Net Income": 85
    },
    "2019-06-30": {
        "Diluted EPS": 2.63,
        "Total Revenue": NaN,
        "Gross Profit": 494,
        "Operating Income": 117,
        "EBIT": 137,
        "Net Income": 62
    },
    "2019-03-31": {
        "Diluted EPS": 2.42,
        "Total Revenue": NaN,
        "Gross Profit": 451,
        "Operating Income": 109,
        "EBIT": 128,
        "Net Income": 56
    },
    "2018-12-31": {
        "Diluted EPS": 2.51,
        "Total Revenue": NaN,
        "Gross Profit": 442,
        "Operating Income": 107,
        "EBIT": 127,
        "Net Income": 60
    },
    "2018-09-30": {
        "Diluted EPS": 3.84,
        "Total Revenue": NaN,
        "Gross Profit": 466,
        "Operating Income": 138,
        "EBIT": 157,
        "Net Income": 93
    },
    "2018-06-30": {
        "Diluted EPS": 2.44,
        "Total Revenue": NaN,
        "Gross Profit": 461,
        "Operating Income": 109,
        "EBIT": 128,
        "Net Income": 61
    },
    "2018-03-31": {
        "Diluted EPS": 2.07,
        "Total Revenue": NaN,
        "Gross Profit": 408,
        "Operating Income": 94,
        "EBIT": 111,
        "Net Income": 52
    },
    "2017-12-31": {
        "Diluted EPS": 3.55,
        "Total Revenue": NaN,
        "Gross Profit": 396,
        "Operating Income": 113,
        "EBIT": 129,
        "Net Income": 89
    },
    "2017-09-30": {
        "Diluted EPS": 2.07,
        "Total Revenue": NaN,
        "Gross Profit": 403,
        "Operating Income": 106,
        "EBIT": 121,
        "Net Income": 52
    },
    "2017-06-30": {
        "Diluted EPS": 2.12,
        "Total Revenue": NaN,
        "Gross Profit": 375,
        "Operating Income": 104,
        "EBIT": 118,
        "Net Income": 53
    },
    "2017-03-31": {
        "Diluted EPS": 2.01,
        "Total Revenue": NaN,
        "Gross Profit": 342,
        "Operating Income": 86,
        "EBIT": 99,
        "Net Income": 51
    },
    "2016-12-31": {
        "Diluted EPS": 2.02,
        "Total Revenue": NaN,
        "Gross Profit": 335,
        "Operating Income": 82,
        "EBIT": 94,
        "Net Income": 51
    },
    "2016-09-30": {
        "Diluted EPS": 2.14,
        "Total Revenue": NaN,
        "Gross Profit": 337,
        "Operating Income": 93,
        "EBIT": 106,
        "Net Income": 54
    },
    "2016-06-30": {
        "Diluted EPS": 2.01,
        "Total Revenue": NaN,
        "Gross Profit": 322,
        "Operating Income": 91,
        "EBIT": 103,
        "Net Income": 51
    },
    "2016-03-31": {
        "Diluted EPS": 1.55,
        "Total Revenue": NaN,
        "Gross Profit": 307,
        "Operating Income": 73,
        "EBIT": 85,
        "Net Income": 40
    },
    "2015-12-31": {
        "Diluted EPS": 1.81,
        "Total Revenue": NaN,
        "Gross Profit": 293,
        "Operating Income": 76,
        "EBIT": 87,
        "Net Income": 48
    },
    "2015-09-30": {
        "Diluted EPS": 1.64,
        "Total Revenue": NaN,
        "Gross Profit": 311,
        "Operating Income": 73,
        "EBIT": 83,
        "Net Income": 43
    },
    "2015-06-30": {
        "Diluted EPS": 1.93,
        "Total Revenue": NaN,
        "Gross Profit": 298,
        "Operating Income": 86,
        "EBIT": 96,
        "Net Income": 51
    },
    "2015-03-31": {
        "Diluted EPS": 1.53,
        "Total Revenue": NaN,
        "Gross Profit": 273,
        "Operating Income": 68,
        "EBIT": 78,
        "Net Income": 41
    },
    "2014-12-31": {
        "Diluted EPS": 1.56,
        "Total Revenue": NaN,
        "Gross Profit": 261,
        "Operating Income": 66,
        "EBIT": 75,
        "Net Income": 41
    },
    "2014-09-30": {
        "Diluted EPS": 1.31,
        "Total Revenue": NaN,
        "Gross Profit": 198,
        "Operating Income": 60,
        "EBIT": 66,
        "Net Income": 35
    },
    "2014-06-30": {
        "Diluted EPS": 1.45,
        "Total Revenue": NaN,
        "Gross Profit": 192,
        "Operating Income": 61,
        "EBIT": 67,
        "Net Income": 38
    },
    "2014-03-31": {
        "Diluted EPS": 0.94,
        "Total Revenue": NaN,
        "Gross Profit": 172,
        "Operating Income": 45,
        "EBIT": 50,
        "Net Income": 25
    },
    "2013-12-31": {
        "Diluted EPS": 1.04,
        "Total Revenue": NaN,
        "Gross Profit": 159,
        "Operating Income": 46,
        "EBIT": 51,
        "Net Income": 27
    },
    "2013-09-30": {
        "Diluted EPS": 1.18,
        "Total Revenue": NaN,
        "Gross Profit": 165,
        "Operating Income": 52,
        "EBIT": 57,
        "Net Income": 31
    },
    "2013-06-30": {
        "Diluted EPS": 0.98,
        "Total Revenue": NaN,
        "Gross Profit": 160,
        "Operating Income": 46,
        "EBIT": 51,
        "Net Income": 26
    },
    "2013-03-31": {
        "Diluted EPS": 0.85,
        "Total Revenue": 903,
        "Gross Profit": 146,
        "Operating Income": 41,
        "EBIT": 45,
        "Net Income": 22
    },
    "2012-12-31": {
        "Diluted EPS": 0.76,
        "Total Revenue": 877,
        "Gross Profit": 138,
        "Operating Income": 37,
        "EBIT": 41,
        "Net Income": 20
    },
    "2012-09-30": {
        "Diluted EPS": 0.9,
        "Total Revenue": 879,
        "Gross Profit": 143,
        "Operating Income": 43,
        "EBIT": 47,
        "Net Income": 23
    },
    "2012-06-30": {
        "Diluted EPS": 0.78,
        "Total Revenue": 822,
        "Gross Profit": 134,
        "Operating Income": 37,
        "EBIT": 41,
        "Net Income": 20
    },
    "2012-03-31": {
        "Diluted EPS": 0.63,
        "Total Revenue": 738,
        "Gross Profit": 124,
        "Operating Income": 32,
        "EBIT": 36,
        "Net Income": 17
    },
    "2011-12-31": {
        "Diluted EPS": 0.71,
        "Total Revenue": 662,
        "Gross Profit": 106,
        "Operating Income": 29,
        "EBIT": 33,
        "Net Income": 19
    },
    "2011-09-30": {
        "Diluted EPS": 0.62,
        "Total Revenue": 715,
        "Gross Profit": 120,
        "Operating Income": 32,
        "EBIT": 36,
        "Net Income": 17
    },
    "2011-06-30": {
        "Diluted EPS": 0.55,
        "Total Revenue": 672,
        "Gross Profit": 117,
        "Operating Income": 30,
        "EBIT": 34,
        "Net Income": 15
    },
    "2011-03-31": {
        "Diluted EPS": 0.33,
        "Total Revenue": 583,
        "Gross Profit": 102,
        "Operating Income": 20,
        "EBIT": 24,
        "Net Income": 9
    },
    "2010-12-31": {
        "Diluted EPS": 0.17,
        "Total Revenue": 474,
        "Gross Profit": 79,
        "Operating Income": 12,
        "EBIT": 16,
        "Net Income": 4
    },
    "2010-09-30": {
        "Diluted EPS": 0.37,
        "Total Revenue": 573,
        "Gross Profit": 103,
        "Operating Income": 23,
        "EBIT": 27,
        "Net Income": 10
    },
    "2010-06-30": {
        "Diluted EPS": -0.07,
        "Total Revenue": 530,
        "Gross Profit": 95,
        "Operating Income": 3,
        "EBIT": 8,
        "Net Income": -2
    },
    "2010-03-31": {
        "Diluted EPS": 0.05,
        "Total Revenue": 459,
        "Gross Profit": 86,
        "Operating Income": 9,
        "EBIT": 13,
        "Net Income": 1
    },
    "2009-12-31": {
        "Diluted EPS": -0.09,
        "Total Revenue": 368,
        "Gross Profit": 65,
        "Operating Income": 3,
        "EBIT": 8,
        "Net Income": -2
    },
    "2009-09-30": {
        "Diluted EPS": 0.27,
        "Total Revenue": 508,
        "Gross Profit": 95,
        "Operating Income": 18,
        "EBIT": 22,
        "Net Income": 6
    },
    "2009-06-30": {
        "Diluted EPS": 0.17,
        "Total Revenue": 444,
        "Gross Profit": 86,
        "Operating Income": 10,
        "EBIT": 14,
        "Net Income": 4
    },
    "2009-03-31": {
        "Diluted EPS": 0.06,
        "Total Revenue": 409,
        "Gross Profit": 80,
        "Operating Income": 4,
        "EBIT": 9,
        "Net Income": 1
    },
    "2023-09-30": {
        "Tax Effect Of Unusual Items": 6167700.0,
        "Tax Rate For Calcs": 0.267,
        "Normalized EBITDA": 551600000.0,
        "Total Unusual Items": 23100000.0,
        "Total Unusual Items Excluding Goodwill": 23100000.0,
        "Net Income From Continuing Operation Net Minority Interest": 261500000.0,
        "Reconciled Depreciation": 72200000.0,
        "Reconciled Cost Of Revenue": 6886300000.0,
        "EBITDA": 574700000.0,
        "EBIT": 502500000.0,
        "Net Interest Income": -68800000.0,
        "Interest Expense": 141200000.0,
        "Interest Income": 72400000.0,
        "Normalized Income": 244567700.0,
        "Net Income From Continuing And Discontinued Operation": 261500000.0,
        "Total Expenses": 7864700000.0,
        "Rent Expense Supplemental": 23800000.0,
        "Total Operating Income As Reported": 465300000.0,
        "Diluted Average Shares": 27600000.0,
        "Basic Average Shares": 27600000.0,
        "Diluted EPS": 9.46,
        "Basic EPS": 9.474638,
        "Diluted NI Availto Com Stockholders": 261500000.0,
        "Net Income Common Stockholders": 261500000.0,
        "Net Income": 261500000.0,
        "Minority Interests": -3400000.0,
        "Net Income Including Noncontrolling Interests": 264900000.0,
        "Net Income Continuous Operations": 264900000.0,
        "Tax Provision": 96400000.0,
        "Pretax Income": 361300000.0,
        "Other Income Expense": 17800000.0,
        "Other Non Operating Income Expenses": -5300000.0,
        "Special Income Charges": 23100000.0,
        "Gain On Sale Of Ppe": 23100000.0,
        "Impairment Of Capital Assets": NaN,
        "Net Non Operating Interest Income Expense": -68800000.0,
        "Interest Expense Non Operating": 141200000.0,
        "Interest Income Non Operating": 72400000.0,
        "Operating Income": 412300000.0,
        "Operating Expense": 959000000.0,
        "Other Operating Expenses": 23100000.0,
        "Depreciation Amortization Depletion Income Statement": 52800000.0,
        "Depreciation And Amortization In Income Statement": 52800000.0,
        "Selling General And Administration": 883100000.0,
        "Selling And Marketing Expense": 63100000.0,
        "General And Administrative Expense": 820000000.0,
        "Other Gand A": 232300000.0,
        "Rent And Landing Fees": 23800000.0,
        "Salaries And Wages": 563900000.0,
        "Gross Profit": 1371300000.0,
        "Cost Of Revenue": 6905700000.0,
        "Total Revenue": 8277000000.0,
        "Operating Revenue": 8277000000.0
    },
    "2023-12-31": {
        "Tax Effect Of Unusual Items": NaN,
        "Tax Rate For Calcs": NaN,
        "Normalized EBITDA": NaN,
        "Total Unusual Items": NaN,
        "Total Unusual Items Excluding Goodwill": NaN,
        "Net Income From Continuing Operation Net Minority Interest": NaN,
        "Reconciled Depreciation": NaN,
        "Reconciled Cost Of Revenue": NaN,
        "EBITDA": NaN,
        "EBIT": NaN,
        "Net Interest Income": NaN,
        "Interest Expense": NaN,
        "Interest Income": NaN,
        "Normalized Income": NaN,
        "Net Income From Continuing And Discontinued Operation": NaN,
        "Total Expenses": NaN,
        "Rent Expense Supplemental": NaN,
        "Total Operating Income As Reported": NaN,
        "Diluted Average Shares": 27600000.0,
        "Basic Average Shares": 27519538.0,
        "Diluted EPS": 7.74,
        "Basic EPS": 7.758124,
        "Diluted NI Availto Com Stockholders": NaN,
        "Net Income Common Stockholders": NaN,
        "Net Income": NaN,
        "Minority Interests": NaN,
        "Net Income Including Noncontrolling Interests": NaN,
        "Net Income Continuous Operations": NaN,
        "Tax Provision": NaN,
        "Pretax Income": NaN,
        "Other Income Expense": NaN,
        "Other Non Operating Income Expenses": NaN,
        "Special Income Charges": NaN,
        "Gain On Sale Of Ppe": NaN,
        "Impairment Of Capital Assets": NaN,
        "Net Non Operating Interest Income Expense": NaN,
        "Interest Expense Non Operating": NaN,
        "Interest Income Non Operating": NaN,
        "Operating Income": NaN,
        "Operating Expense": NaN,
        "Other Operating Expenses": NaN,
        "Depreciation Amortization Depletion Income Statement": NaN,
        "Depreciation And Amortization In Income Statement": NaN,
        "Selling General And Administration": NaN,
        "Selling And Marketing Expense": NaN,
        "General And Administrative Expense": NaN,
        "Other Gand A": NaN,
        "Rent And Landing Fees": NaN,
        "Salaries And Wages": NaN,
        "Gross Profit": NaN,
        "Cost Of Revenue": NaN,
        "Total Revenue": NaN,
        "Operating Revenue": NaN
    }
}