{
    "2023-12-31": {
        "Tax Effect Of Unusual Items": 0.0,
        "Tax Rate For Calcs": 0.005605,
        "Normalized EBITDA": 102410000.0,
        "Total Unusual Items": NaN,
        "Total Unusual Items Excluding Goodwill": NaN,
        "Net Income From Continuing Operation Net Minority Interest": 63567000.0,
        "Reconciled Depreciation": 10771000.0,
        "Reconciled Cost Of Revenue": 559207000.0,
        "EBITDA": 102410000.0,
        "EBIT": 91639000.0,
        "Net Interest Income": -12816000.0,
        "Interest Expense": 19742000.0,
        "Interest Income": 6926000.0,
        "Normalized Income": 63567000.0,
        "Net Income From Continuing And Discontinued Operation": 63567000.0,
        "Total Expenses": 734363000.0,
        "Rent Expense Supplemental": 33436000.0,
        "Total Operating Income As Reported": 71897000.0,
        "Diluted Average Shares": 94989330.0,
        "Basic Average Shares": 90228532.0,
        "Diluted EPS": 0.65,
        "Basic EPS": 0.69,
        "Diluted NI Availto Com Stockholders": 62044000.0,
        "Average Dilution Earnings": 0.0,
        "Net Income Common Stockholders": 62044000.0,
        "Otherunder Preferred Stock Dividend": 1523000.0,
        "Net Income": 63567000.0,
        "Minority Interests": -7927000.0,
        "Net Income Including Noncontrolling Interests": 71494000.0,
        "Net Income Continuous Operations": 71494000.0,
        "Tax Provision": 403000.0,
        "Pretax Income": 71897000.0,
        "Other Income Expense": NaN,
        "Special Income Charges": NaN,
        "Restructuring And Mergern Acquisition": NaN,
        "Net Non Operating Interest Income Expense": -12816000.0,
        "Interest Expense Non Operating": 19742000.0,
        "Interest Income Non Operating": 6926000.0,
        "Operating Income": 84474000.0,
        "Operating Expense": 175156000.0,
        "Other Operating Expenses": 63548000.0,
        "Selling General And Administration": 111274000.0,
        "Selling And Marketing Expense": 27259000.0,
        "General And Administrative Expense": 84015000.0,
        "Other Gand A": 50579000.0,
        "Rent And Landing Fees": 33436000.0,
        "Gross Profit": 259630000.0,
        "Cost Of Revenue": 559207000.0,
        "Total Revenue": 818837000.0,
        "Operating Revenue": 770010000.0
    },
    "2023-09-30": {
        "Tax Effect Of Unusual Items": -20160.0,
        "Tax Rate For Calcs": 0.21,
        "Normalized EBITDA": 25104000.0,
        "Total Unusual Items": -96000.0,
        "Total Unusual Items Excluding Goodwill": -96000.0,
        "Net Income From Continuing Operation Net Minority Interest": 7139000.0,
        "Reconciled Depreciation": 10613000.0,
        "Reconciled Cost Of Revenue": 364605000.0,
        "EBITDA": 25008000.0,
        "EBIT": 14395000.0,
        "Net Interest Income": -7709000.0,
        "Interest Expense": 19252000.0,
        "Interest Income": 11543000.0,
        "Normalized Income": 7214840.0,
        "Net Income From Continuing And Discontinued Operation": 7139000.0,
        "Total Expenses": 528679000.0,
        "Rent Expense Supplemental": 33108000.0,
        "Total Operating Income As Reported": -4857000.0,
        "Diluted Average Shares": 94309224.0,
        "Basic Average Shares": 89425900.0,
        "Diluted EPS": 0.06,
        "Basic EPS": 0.07,
        "Diluted NI Availto Com Stockholders": 6110000.0,
        "Average Dilution Earnings": 0.0,
        "Net Income Common Stockholders": 6110000.0,
        "Otherunder Preferred Stock Dividend": 1029000.0,
        "Net Income": 7139000.0,
        "Minority Interests": 365000.0,
        "Net Income Including Noncontrolling Interests": 6774000.0,
        "Net Income Continuous Operations": 6774000.0,
        "Tax Provision": -11631000.0,
        "Pretax Income": -4857000.0,
        "Other Income Expense": -96000.0,
        "Special Income Charges": -96000.0,
        "Restructuring And Mergern Acquisition": 96000.0,
        "Net Non Operating Interest Income Expense": -7709000.0,
        "Interest Expense Non Operating": 19252000.0,
        "Interest Income Non Operating": 11543000.0,
        "Operating Income": 2948000.0,
        "Operating Expense": 164074000.0,
        "Other Operating Expenses": 61877000.0,
        "Selling General And Administration": 102197000.0,
        "Selling And Marketing Expense": 20754000.0,
        "General And Administrative Expense": 81443000.0,
        "Other Gand A": 48335000.0,
        "Rent And Landing Fees": 33108000.0,
        "Gross Profit": 167022000.0,
        "Cost Of Revenue": 364605000.0,
        "Total Revenue": 531627000.0,
        "Operating Revenue": 530914000.0
    },
    "2023-06-30": {
        "Tax Effect Of Unusual Items": -19950.0,
        "Tax Rate For Calcs": 0.21,
        "Normalized EBITDA": -80163000.0,
        "Total Unusual Items": -95000.0,
        "Total Unusual Items Excluding Goodwill": -95000.0,
        "Net Income From Continuing Operation Net Minority Interest": -124013000.0,
        "Reconciled Depreciation": 10611000.0,
        "Reconciled Cost Of Revenue": 572231000.0,
        "EBITDA": -80258000.0,
        "EBIT": -90869000.0,
        "Net Interest Income": -8258000.0,
        "Interest Expense": 19204000.0,
        "Interest Income": 10946000.0,
        "Normalized Income": -123937950.0,
        "Net Income From Continuing And Discontinued Operation": -124013000.0,
        "Total Expenses": 753092000.0,
        "Rent Expense Supplemental": 32800000.0,
        "Total Operating Income As Reported": -110073000.0,
        "Diluted Average Shares": 88729654.0,
        "Basic Average Shares": 88729654.0,
        "Diluted EPS": -1.41,
        "Basic EPS": -1.41,
        "Diluted NI Availto Com Stockholders": -124776000.0,
        "Average Dilution Earnings": 0.0,
        "Net Income Common Stockholders": -124776000.0,
        "Otherunder Preferred Stock Dividend": 763000.0,
        "Net Income": -124013000.0,
        "Minority Interests": -3637000.0,
        "Net Income Including Noncontrolling Interests": -120376000.0,
        "Net Income Continuous Operations": -120376000.0,
        "Tax Provision": 10303000.0,
        "Pretax Income": -110073000.0,
        "Other Income Expense": -95000.0,
        "Special Income Charges": -95000.0,
        "Restructuring And Mergern Acquisition": 95000.0,
        "Net Non Operating Interest Income Expense": -8258000.0,
        "Interest Expense Non Operating": 19204000.0,
        "Interest Income Non Operating": 10946000.0,
        "Operating Income": -101720000.0,
        "Operating Expense": 180861000.0,
        "Other Operating Expenses": 69109000.0,
        "Selling General And Administration": 111752000.0,
        "Selling And Marketing Expense": 28582000.0,
        "General And Administrative Expense": 83170000.0,
        "Other Gand A": 50370000.0,
        "Rent And Landing Fees": 32800000.0,
        "Gross Profit": 79141000.0,
        "Cost Of Revenue": 572231000.0,
        "Total Revenue": 651372000.0,
        "Operating Revenue": 621741000.0
    },
    "2023-03-31": {
        "Tax Effect Of Unusual Items": NaN,
        "Tax Rate For Calcs": NaN,
        "Normalized EBITDA": NaN,
        "Total Unusual Items": -48000.0,
        "Total Unusual Items Excluding Goodwill": -48000.0,
        "Net Income From Continuing Operation Net Minority Interest": NaN,
        "Reconciled Depreciation": NaN,
        "Reconciled Cost Of Revenue": NaN,
        "EBITDA": NaN,
        "EBIT": NaN,
        "Net Interest Income": NaN,
        "Interest Expense": NaN,
        "Interest Income": NaN,
        "Normalized Income": NaN,
        "Net Income From Continuing And Discontinued Operation": NaN,
        "Total Expenses": NaN,
        "Rent Expense Supplemental": NaN,
        "Total Operating Income As Reported": NaN,
        "Diluted Average Shares": NaN,
        "Basic Average Shares": NaN,
        "Diluted EPS": NaN,
        "Basic EPS": NaN,
        "Diluted NI Availto Com Stockholders": NaN,
        "Average Dilution Earnings": NaN,
        "Net Income Common Stockholders": NaN,
        "Otherunder Preferred Stock Dividend": NaN,
        "Net Income": NaN,
        "Minority Interests": NaN,
        "Net Income Including Noncontrolling Interests": NaN,
        "Net Income Continuous Operations": NaN,
        "Tax Provision": NaN,
        "Pretax Income": NaN,
        "Other Income Expense": -48000.0,
        "Special Income Charges": -48000.0,
        "Restructuring And Mergern Acquisition": 48000.0,
        "Net Non Operating Interest Income Expense": NaN,
        "Interest Expense Non Operating": NaN,
        "Interest Income Non Operating": NaN,
        "Operating Income": NaN,
        "Operating Expense": NaN,
        "Other Operating Expenses": NaN,
        "Selling General And Administration": NaN,
        "Selling And Marketing Expense": NaN,
        "General And Administrative Expense": NaN,
        "Other Gand A": NaN,
        "Rent And Landing Fees": NaN,
        "Gross Profit": NaN,
        "Cost Of Revenue": NaN,
        "Total Revenue": NaN,
        "Operating Revenue": NaN
    },
    "2024-03-31": {
        "Tax Effect Of Unusual Items": -17884.0,
        "Tax Rate For Calcs": 0.263,
        "Normalized EBITDA": 84559000.0,
        "Total Unusual Items": -68000.0,
        "Total Unusual Items Excluding Goodwill": -68000.0,
        "Net Income From Continuing Operation Net Minority Interest": 35755000.0,
        "Reconciled Depreciation": 9202000.0,
        "Reconciled Cost Of Revenue": 550824000.0,
        "EBITDA": 84491000.0,
        "EBIT": 75289000.0,
        "Net Interest Income": -9257000.0,
        "Interest Expense": 20728000.0,
        "Interest Income": 11471000.0,
        "Normalized Income": 35805116.0,
        "Net Income From Continuing And Discontinued Operation": 35755000.0,
        "Total Expenses": 710124000.0,
        "Rent Expense Supplemental": 32857000.0,
        "Total Operating Income As Reported": 54561000.0,
        "Diluted Average Shares": 99351769.0,
        "Basic Average Shares": 91260465.0,
        "Diluted EPS": 0.35,
        "Basic EPS": 0.38,
        "Diluted NI Availto Com Stockholders": 34671000.0,
        "Average Dilution Earnings": 195000.0,
        "Net Income Common Stockholders": 34476000.0,
        "Otherunder Preferred Stock Dividend": 1279000.0,
        "Net Income": 35755000.0,
        "Minority Interests": -4469000.0,
        "Net Income Including Noncontrolling Interests": 40224000.0,
        "Net Income Continuous Operations": 40224000.0,
        "Tax Provision": 14337000.0,
        "Pretax Income": 54561000.0,
        "Other Income Expense": -68000.0,
        "Special Income Charges": -68000.0,
        "Restructuring And Mergern Acquisition": 68000.0,
        "Net Non Operating Interest Income Expense": -9257000.0,
        "Interest Expense Non Operating": 20728000.0,
        "Interest Income Non Operating": 11471000.0,
        "Operating Income": 63886000.0,
        "Operating Expense": 159300000.0,
        "Other Operating Expenses": 56824000.0,
        "Selling General And Administration": 102476000.0,
        "Selling And Marketing Expense": 23599000.0,
        "General And Administrative Expense": 78877000.0,
        "Other Gand A": 46020000.0,
        "Rent And Landing Fees": 32857000.0,
        "Gross Profit": 223186000.0,
        "Cost Of Revenue": 550824000.0,
        "Total Revenue": 774010000.0,
        "Operating Revenue": 729876000.0
    },
    "2022-12-31": {
        "Tax Effect Of Unusual Items": NaN,
        "Tax Rate For Calcs": NaN,
        "Normalized EBITDA": NaN,
        "Total Unusual Items": NaN,
        "Total Unusual Items Excluding Goodwill": NaN,
        "Net Income From Continuing Operation Net Minority Interest": NaN,
        "Reconciled Depreciation": NaN,
        "Reconciled Cost Of Revenue": NaN,
        "EBITDA": NaN,
        "EBIT": NaN,
        "Net Interest Income": NaN,
        "Interest Expense": NaN,
        "Interest Income": NaN,
        "Normalized Income": NaN,
        "Net Income From Continuing And Discontinued Operation": NaN,
        "Total Expenses": NaN,
        "Rent Expense Supplemental": NaN,
        "Total Operating Income As Reported": NaN,
        "Diluted Average Shares": NaN,
        "Basic Average Shares": NaN,
        "Diluted EPS": NaN,
        "Basic EPS": NaN,
        "Diluted NI Availto Com Stockholders": NaN,
        "Average Dilution Earnings": NaN,
        "Net Income Common Stockholders": NaN,
        "Otherunder Preferred Stock Dividend": NaN,
        "Net Income": NaN,
        "Minority Interests": NaN,
        "Net Income Including Noncontrolling Interests": NaN,
        "Net Income Continuous Operations": NaN,
        "Tax Provision": NaN,
        "Pretax Income": NaN,
        "Other Income Expense": NaN,
        "Special Income Charges": NaN,
        "Restructuring And Mergern Acquisition": NaN,
        "Net Non Operating Interest Income Expense": NaN,
        "Interest Expense Non Operating": NaN,
        "Interest Income Non Operating": NaN,
        "Operating Income": NaN,
        "Operating Expense": NaN,
        "Other Operating Expenses": NaN,
        "Depreciation Amortization Depletion Income Statement": 15000.0,
        "Depreciation And Amortization In Income Statement": 15000.0,
        "Amortization": 15000.0,
        "Amortization Of Intangibles Income Statement": 15000.0,
        "Selling General And Administration": NaN,
        "Selling And Marketing Expense": NaN,
        "General And Administrative Expense": NaN,
        "Other Gand A": NaN,
        "Rent And Landing Fees": NaN,
        "Gross Profit": NaN,
        "Cost Of Revenue": NaN,
        "Total Revenue": NaN,
        "Operating Revenue": NaN
    },
    "2022-09-30": {
        "Tax Effect Of Unusual Items": NaN,
        "Tax Rate For Calcs": NaN,
        "Normalized EBITDA": NaN,
        "Total Unusual Items": -15000.0,
        "Total Unusual Items Excluding Goodwill": -15000.0,
        "Net Income From Continuing Operation Net Minority Interest": NaN,
        "Reconciled Depreciation": NaN,
        "Reconciled Cost Of Revenue": NaN,
        "EBITDA": NaN,
        "EBIT": NaN,
        "Net Interest Income": NaN,
        "Interest Expense": NaN,
        "Interest Income": NaN,
        "Normalized Income": NaN,
        "Net Income From Continuing And Discontinued Operation": NaN,
        "Total Expenses": NaN,
        "Rent Expense Supplemental": NaN,
        "Total Operating Income As Reported": NaN,
        "Diluted Average Shares": NaN,
        "Basic Average Shares": NaN,
        "Diluted EPS": NaN,
        "Basic EPS": NaN,
        "Diluted NI Availto Com Stockholders": NaN,
        "Average Dilution Earnings": NaN,
        "Net Income Common Stockholders": NaN,
        "Otherunder Preferred Stock Dividend": NaN,
        "Net Income": NaN,
        "Minority Interests": NaN,
        "Net Income Including Noncontrolling Interests": NaN,
        "Net Income Continuous Operations": NaN,
        "Tax Provision": NaN,
        "Pretax Income": NaN,
        "Other Income Expense": -15000.0,
        "Special Income Charges": -15000.0,
        "Restructuring And Mergern Acquisition": 15000.0,
        "Net Non Operating Interest Income Expense": NaN,
        "Interest Expense Non Operating": NaN,
        "Interest Income Non Operating": NaN,
        "Operating Income": NaN,
        "Operating Expense": NaN,
        "Other Operating Expenses": NaN,
        "Depreciation Amortization Depletion Income Statement": 15000.0,
        "Depreciation And Amortization In Income Statement": 15000.0,
        "Amortization": 15000.0,
        "Amortization Of Intangibles Income Statement": 15000.0,
        "Selling General And Administration": NaN,
        "Selling And Marketing Expense": NaN,
        "General And Administrative Expense": NaN,
        "Other Gand A": NaN,
        "Rent And Landing Fees": NaN,
        "Gross Profit": NaN,
        "Cost Of Revenue": NaN,
        "Total Revenue": NaN,
        "Operating Revenue": NaN
    },
    "2024-06-30": {
        "Tax Effect Of Unusual Items": -12380.829667,
        "Tax Rate For Calcs": 0.182071,
        "Normalized EBITDA": 95603000.0,
        "Total Unusual Items": -68000.0,
        "Total Unusual Items Excluding Goodwill": -68000.0,
        "Net Income From Continuing Operation Net Minority Interest": 49909000.0,
        "Reconciled Depreciation": 9253000.0,
        "Reconciled Cost Of Revenue": 452560000.0,
        "EBITDA": 95535000.0,
        "EBIT": 86282000.0,
        "Net Interest Income": -9788000.0,
        "Interest Expense": 22642000.0,
        "Interest Income": 12854000.0,
        "Normalized Income": 49964619.170333,
        "Net Income From Continuing And Discontinued Operation": 49909000.0,
        "Total Expenses": 621641000.0,
        "Rent Expense Supplemental": 32031000.0,
        "Total Operating Income As Reported": 63640000.0,
        "Diluted Average Shares": 100627867.0,
        "Basic Average Shares": 92886364.0,
        "Diluted EPS": 0.49,
        "Basic EPS": 0.53,
        "Diluted NI Availto Com Stockholders": 49242000.0,
        "Average Dilution Earnings": 206000.0,
        "Net Income Common Stockholders": 49036000.0,
        "Otherunder Preferred Stock Dividend": 873000.0,
        "Net Income": 49909000.0,
        "Minority Interests": -2144000.0,
        "Net Income Including Noncontrolling Interests": 52053000.0,
        "Net Income Continuous Operations": 52053000.0,
        "Tax Provision": 11587000.0,
        "Pretax Income": 63640000.0,
        "Other Income Expense": -68000.0,
        "Special Income Charges": -68000.0,
        "Restructuring And Mergern Acquisition": 68000.0,
        "Net Non Operating Interest Income Expense": -9788000.0,
        "Interest Expense Non Operating": 22642000.0,
        "Interest Income Non Operating": 12854000.0,
        "Operating Income": 73496000.0,
        "Operating Expense": 169081000.0,
        "Other Operating Expenses": 60709000.0,
        "Selling General And Administration": 108372000.0,
        "Selling And Marketing Expense": 25493000.0,
        "General And Administrative Expense": 82879000.0,
        "Other Gand A": 50848000.0,
        "Rent And Landing Fees": 32031000.0,
        "Gross Profit": 242577000.0,
        "Cost Of Revenue": 452560000.0,
        "Total Revenue": 695137000.0,
        "Operating Revenue": 676687000.0
    }
}