{
    "2023-03-31": {
        "Tax Effect Of Unusual Items": NaN,
        "Tax Rate For Calcs": NaN,
        "Normalized EBITDA": NaN,
        "Total Unusual Items": NaN,
        "Total Unusual Items Excluding Goodwill": NaN,
        "Net Income From Continuing Operation Net Minority Interest": NaN,
        "Reconciled Depreciation": NaN,
        "Reconciled Cost Of Revenue": NaN,
        "EBITDA": NaN,
        "EBIT": NaN,
        "Net Interest Income": NaN,
        "Interest Expense": NaN,
        "Interest Income": NaN,
        "Normalized Income": NaN,
        "Net Income From Continuing And Discontinued Operation": NaN,
        "Total Expenses": NaN,
        "Total Operating Income As Reported": NaN,
        "Diluted Average Shares": NaN,
        "Basic Average Shares": NaN,
        "Diluted EPS": NaN,
        "Basic EPS": NaN,
        "Diluted NI Availto Com Stockholders": NaN,
        "Average Dilution Earnings": NaN,
        "Net Income Common Stockholders": NaN,
        "Net Income": NaN,
        "Net Income Including Noncontrolling Interests": NaN,
        "Net Income Continuous Operations": NaN,
        "Tax Provision": NaN,
        "Pretax Income": NaN,
        "Other Income Expense": NaN,
        "Other Non Operating Income Expenses": -4065000.0,
        "Special Income Charges": NaN,
        "Other Special Charges": NaN,
        "Impairment Of Capital Assets": NaN,
        "Restructuring And Mergern Acquisition": NaN,
        "Gain On Sale Of Security": NaN,
        "Net Non Operating Interest Income Expense": NaN,
        "Interest Expense Non Operating": NaN,
        "Interest Income Non Operating": NaN,
        "Operating Income": NaN,
        "Operating Expense": NaN,
        "Research And Development": NaN,
        "Selling General And Administration": NaN,
        "Selling And Marketing Expense": NaN,
        "General And Administrative Expense": NaN,
        "Other Gand A": NaN,
        "Gross Profit": NaN,
        "Cost Of Revenue": NaN,
        "Total Revenue": NaN,
        "Operating Revenue": NaN
    },
    "2022-12-31": {
        "Tax Effect Of Unusual Items": -722190.0,
        "Tax Rate For Calcs": 0.21,
        "Normalized EBITDA": -135367000.0,
        "Total Unusual Items": -3439000.0,
        "Total Unusual Items Excluding Goodwill": -3439000.0,
        "Net Income From Continuing Operation Net Minority Interest": -144817000.0,
        "Reconciled Depreciation": 3898000.0,
        "Reconciled Cost Of Revenue": 27726000.0,
        "EBITDA": -138806000.0,
        "EBIT": -142704000.0,
        "Net Interest Income": -595000.0,
        "Interest Expense": 2007000.0,
        "Interest Income": 1412000.0,
        "Normalized Income": -142100190.0,
        "Net Income From Continuing And Discontinued Operation": -144817000.0,
        "Total Expenses": 151803000.0,
        "Total Operating Income As Reported": -140677000.0,
        "Diluted Average Shares": 363996601.0,
        "Basic Average Shares": 363996601.0,
        "Diluted EPS": -0.4,
        "Basic EPS": -0.4,
        "Diluted NI Availto Com Stockholders": -144817000.0,
        "Net Income Common Stockholders": -144817000.0,
        "Net Income": -144817000.0,
        "Net Income Including Noncontrolling Interests": -144817000.0,
        "Net Income Continuous Operations": -144817000.0,
        "Tax Provision": 106000.0,
        "Pretax Income": -144711000.0,
        "Other Income Expense": -3439000.0,
        "Other Non Operating Income Expenses": NaN,
        "Gain On Sale Of Security": 2577000.0,
        "Net Non Operating Interest Income Expense": -595000.0,
        "Interest Expense Non Operating": 2007000.0,
        "Interest Income Non Operating": 1412000.0,
        "Operating Income": -140677000.0,
        "Operating Expense": 124077000.0,
        "Research And Development": 64925000.0,
        "Selling General And Administration": 59152000.0,
        "Selling And Marketing Expense": 11974000.0,
        "General And Administrative Expense": 47178000.0,
        "Other Gand A": 47178000.0,
        "Gross Profit": -16600000.0,
        "Cost Of Revenue": 27726000.0,
        "Total Revenue": 11126000.0,
        "Operating Revenue": 11126000.0
    },
    "2022-09-30": {
        "Tax Effect Of Unusual Items": NaN,
        "Tax Rate For Calcs": NaN,
        "Normalized EBITDA": NaN,
        "Total Unusual Items": NaN,
        "Total Unusual Items Excluding Goodwill": NaN,
        "Net Income From Continuing Operation Net Minority Interest": NaN,
        "Reconciled Depreciation": NaN,
        "Reconciled Cost Of Revenue": NaN,
        "EBITDA": NaN,
        "EBIT": NaN,
        "Net Interest Income": NaN,
        "Interest Expense": NaN,
        "Interest Income": NaN,
        "Normalized Income": NaN,
        "Net Income From Continuing And Discontinued Operation": NaN,
        "Total Expenses": NaN,
        "Total Operating Income As Reported": NaN,
        "Diluted Average Shares": NaN,
        "Basic Average Shares": NaN,
        "Diluted EPS": NaN,
        "Basic EPS": NaN,
        "Diluted NI Availto Com Stockholders": NaN,
        "Net Income Common Stockholders": NaN,
        "Net Income": NaN,
        "Net Income Including Noncontrolling Interests": NaN,
        "Net Income Continuous Operations": NaN,
        "Tax Provision": NaN,
        "Pretax Income": NaN,
        "Other Income Expense": NaN,
        "Other Non Operating Income Expenses": -83000.0,
        "Special Income Charges": NaN,
        "Restructuring And Mergern Acquisition": NaN,
        "Gain On Sale Of Security": NaN,
        "Net Non Operating Interest Income Expense": NaN,
        "Interest Expense Non Operating": NaN,
        "Interest Income Non Operating": NaN,
        "Operating Income": NaN,
        "Operating Expense": NaN,
        "Research And Development": NaN,
        "Selling General And Administration": NaN,
        "Selling And Marketing Expense": NaN,
        "General And Administrative Expense": NaN,
        "Other Gand A": NaN,
        "Gross Profit": NaN,
        "Cost Of Revenue": NaN,
        "Total Revenue": NaN,
        "Operating Revenue": NaN
    },
    "2022-06-30": {
        "Tax Effect Of Unusual Items": 1601.320707,
        "Tax Rate For Calcs": 0.000136,
        "Normalized EBITDA": -103837000.0,
        "Total Unusual Items": 11733000.0,
        "Total Unusual Items Excluding Goodwill": 11733000.0,
        "Net Income From Continuing Operation Net Minority Interest": -95239000.0,
        "Reconciled Depreciation": 1739000.0,
        "Reconciled Cost Of Revenue": 28092000.0,
        "EBITDA": -92104000.0,
        "EBIT": -92104000.0,
        "Net Interest Income": -2545000.0,
        "Interest Expense": 3148000.0,
        "Interest Income": 603000.0,
        "Normalized Income": -106970398.679293,
        "Net Income From Continuing And Discontinued Operation": -95239000.0,
        "Total Expenses": 114372000.0,
        "Total Operating Income As Reported": -104440000.0,
        "Diluted Average Shares": 352054529.0,
        "Basic Average Shares": 352054529.0,
        "Diluted EPS": -0.27,
        "Basic EPS": -0.27,
        "Diluted NI Availto Com Stockholders": -95239000.0,
        "Net Income Common Stockholders": -95239000.0,
        "Net Income": -95239000.0,
        "Net Income Including Noncontrolling Interests": -95239000.0,
        "Net Income Continuous Operations": -95239000.0,
        "Tax Provision": -13000.0,
        "Pretax Income": -95252000.0,
        "Other Income Expense": 11733000.0,
        "Other Non Operating Income Expenses": NaN,
        "Special Income Charges": NaN,
        "Write Off": NaN,
        "Gain On Sale Of Security": 11733000.0,
        "Net Non Operating Interest Income Expense": -2545000.0,
        "Interest Expense Non Operating": 3148000.0,
        "Interest Income Non Operating": 603000.0,
        "Operating Income": -104440000.0,
        "Operating Expense": 86280000.0,
        "Research And Development": 40941000.0,
        "Selling General And Administration": 45339000.0,
        "Selling And Marketing Expense": 7189000.0,
        "General And Administrative Expense": 38150000.0,
        "Other Gand A": 38150000.0,
        "Salaries And Wages": NaN,
        "Gross Profit": -18160000.0,
        "Cost Of Revenue": 28092000.0,
        "Total Revenue": 9932000.0,
        "Operating Revenue": 9932000.0
    },
    "2022-03-31": {
        "Diluted EPS": -0.25,
        "Total Revenue": 7,
        "Gross Profit": -10,
        "Operating Income": -82,
        "EBIT": -80,
        "Net Income": -88
    },
    "2021-12-31": {
        "Diluted EPS": -0.2,
        "Total Revenue": 12,
        "Gross Profit": -7,
        "Operating Income": -71,
        "EBIT": -68,
        "Net Income": -74
    },
    "2021-09-30": {
        "Diluted EPS": -0.15,
        "Total Revenue": 8,
        "Gross Profit": -3,
        "Operating Income": -70,
        "EBIT": -69,
        "Net Income": -51
    },
    "2021-06-30": {
        "Diluted EPS": -0.11,
        "Total Revenue": 6,
        "Gross Profit": -2,
        "Operating Income": -44,
        "EBIT": -43,
        "Net Income": -37
    },
    "2021-03-31": {
        "Diluted EPS": -0.23,
        "Total Revenue": 5,
        "Gross Profit": -2,
        "Operating Income": -29,
        "EBIT": -28,
        "Net Income": -76
    },
    "2020-12-31": {
        "Diluted EPS": -1.93,
        "Total Revenue": 2,
        "Gross Profit": -4,
        "Operating Income": -30,
        "EBIT": -30,
        "Net Income": -291
    },
    "2020-09-30": {
        "Diluted EPS": -0.29,
        "Total Revenue": 4,
        "Gross Profit": -3,
        "Operating Income": -22,
        "EBIT": -21,
        "Net Income": -37
    },
    "2020-06-30": {
        "Diluted EPS": -0.2,
        "Total Revenue": 3,
        "Gross Profit": -4,
        "Operating Income": -20,
        "EBIT": -19,
        "Net Income": -25
    },
    "2020-03-31": {
        "Diluted EPS": -0.12,
        "Total Revenue": 4,
        "Gross Profit": 0,
        "Operating Income": -15,
        "EBIT": -14,
        "Net Income": -16
    },
    "2019-12-31": {
        "Diluted EPS": -0.93,
        "Total Revenue": NaN,
        "Gross Profit": NaN,
        "Operating Income": -75,
        "EBIT": -75,
        "Net Income": -104
    },
    "2019-09-30": {
        "Diluted EPS": 0.03,
        "Total Revenue": NaN,
        "Gross Profit": NaN,
        "Operating Income": 0,
        "EBIT": 0,
        "Net Income": 2
    },
    "2019-06-30": {
        "Diluted EPS": 0.04,
        "Total Revenue": NaN,
        "Gross Profit": NaN,
        "Operating Income": 0,
        "EBIT": 0,
        "Net Income": 2
    },
    "2019-03-31": {
        "Diluted EPS": 0.03,
        "Total Revenue": NaN,
        "Gross Profit": NaN,
        "Operating Income": 0,
        "EBIT": 0,
        "Net Income": 1
    },
    "2018-12-31": {
        "Diluted EPS": 0.0,
        "Total Revenue": NaN,
        "Gross Profit": NaN,
        "Operating Income": NaN,
        "EBIT": NaN,
        "Net Income": NaN
    },
    "2023-06-30": {
        "Tax Effect Of Unusual Items": NaN,
        "Tax Rate For Calcs": NaN,
        "Normalized EBITDA": NaN,
        "Total Unusual Items": NaN,
        "Total Unusual Items Excluding Goodwill": NaN,
        "Net Income From Continuing Operation Net Minority Interest": NaN,
        "Reconciled Depreciation": NaN,
        "Reconciled Cost Of Revenue": NaN,
        "EBITDA": NaN,
        "EBIT": NaN,
        "Net Interest Income": NaN,
        "Interest Expense": NaN,
        "Interest Income": NaN,
        "Normalized Income": NaN,
        "Net Income From Continuing And Discontinued Operation": NaN,
        "Total Expenses": NaN,
        "Total Operating Income As Reported": NaN,
        "Diluted Average Shares": NaN,
        "Basic Average Shares": NaN,
        "Diluted EPS": NaN,
        "Basic EPS": NaN,
        "Diluted NI Availto Com Stockholders": NaN,
        "Average Dilution Earnings": NaN,
        "Net Income Common Stockholders": NaN,
        "Net Income": NaN,
        "Net Income Including Noncontrolling Interests": NaN,
        "Net Income Continuous Operations": NaN,
        "Tax Provision": NaN,
        "Pretax Income": NaN,
        "Other Income Expense": NaN,
        "Other Non Operating Income Expenses": 1787000.0,
        "Special Income Charges": 0.0,
        "Other Special Charges": NaN,
        "Impairment Of Capital Assets": NaN,
        "Restructuring And Mergern Acquisition": 0.0,
        "Gain On Sale Of Security": NaN,
        "Net Non Operating Interest Income Expense": NaN,
        "Interest Expense Non Operating": NaN,
        "Interest Income Non Operating": NaN,
        "Operating Income": NaN,
        "Operating Expense": NaN,
        "Research And Development": NaN,
        "Selling General And Administration": NaN,
        "Selling And Marketing Expense": NaN,
        "General And Administrative Expense": NaN,
        "Other Gand A": NaN,
        "Gross Profit": NaN,
        "Cost Of Revenue": NaN,
        "Total Revenue": NaN,
        "Operating Revenue": NaN
    },
    "2023-09-30": {
        "Tax Effect Of Unusual Items": -754740.0,
        "Tax Rate For Calcs": 0.21,
        "Normalized EBITDA": -113945000.0,
        "Total Unusual Items": -3594000.0,
        "Total Unusual Items Excluding Goodwill": -3594000.0,
        "Net Income From Continuing Operation Net Minority Interest": -134338000.0,
        "Reconciled Depreciation": 13724000.0,
        "Reconciled Cost Of Revenue": 35119000.0,
        "EBITDA": -117539000.0,
        "EBIT": -131263000.0,
        "Net Interest Income": -1519000.0,
        "Interest Expense": 2779000.0,
        "Interest Income": 1260000.0,
        "Normalized Income": -131498740.0,
        "Net Income From Continuing And Discontinued Operation": -134338000.0,
        "Total Expenses": 145888000.0,
        "Total Operating Income As Reported": -128929000.0,
        "Diluted Average Shares": 394591942.0,
        "Basic Average Shares": 394591942.0,
        "Diluted EPS": -0.34,
        "Basic EPS": -0.34,
        "Diluted NI Availto Com Stockholders": -134338000.0,
        "Average Dilution Earnings": 0.0,
        "Net Income Common Stockholders": -134338000.0,
        "Net Income": -134338000.0,
        "Net Income Including Noncontrolling Interests": -134338000.0,
        "Net Income Continuous Operations": -134338000.0,
        "Tax Provision": 296000.0,
        "Pretax Income": -134042000.0,
        "Other Income Expense": -3594000.0,
        "Other Non Operating Income Expenses": -5967000.0,
        "Special Income Charges": 0.0,
        "Other Special Charges": NaN,
        "Impairment Of Capital Assets": 0.0,
        "Restructuring And Mergern Acquisition": 0.0,
        "Gain On Sale Of Security": -3594000.0,
        "Net Non Operating Interest Income Expense": -1519000.0,
        "Interest Expense Non Operating": 2779000.0,
        "Interest Income Non Operating": 1260000.0,
        "Operating Income": -128929000.0,
        "Operating Expense": 110769000.0,
        "Research And Development": 62937000.0,
        "Selling General And Administration": 47832000.0,
        "Selling And Marketing Expense": 12397000.0,
        "General And Administrative Expense": 35435000.0,
        "Other Gand A": 35435000.0,
        "Gross Profit": -18160000.0,
        "Cost Of Revenue": 35119000.0,
        "Total Revenue": 16959000.0,
        "Operating Revenue": 16959000.0
    },
    "2023-12-31": {
        "Tax Effect Of Unusual Items": -5283600.0,
        "Tax Rate For Calcs": 0.21,
        "Normalized EBITDA": -107471000.0,
        "Total Unusual Items": -25160000.0,
        "Total Unusual Items Excluding Goodwill": -25160000.0,
        "Net Income From Continuing Operation Net Minority Interest": -148401000.0,
        "Reconciled Depreciation": 9048000.0,
        "Reconciled Cost Of Revenue": 43685000.0,
        "EBITDA": -132631000.0,
        "EBIT": -141679000.0,
        "Net Interest Income": 3008000.0,
        "Interest Expense": 5331000.0,
        "Interest Income": 8339000.0,
        "Normalized Income": -128524600.0,
        "Net Income From Continuing And Discontinued Operation": -148401000.0,
        "Total Expenses": 155217000.0,
        "Total Operating Income As Reported": -148592000.0,
        "Diluted Average Shares": 409254551.0,
        "Basic Average Shares": 409254551.0,
        "Diluted EPS": -0.36,
        "Basic EPS": -0.36,
        "Diluted NI Availto Com Stockholders": -148401000.0,
        "Average Dilution Earnings": NaN,
        "Net Income Common Stockholders": -148401000.0,
        "Net Income": -148401000.0,
        "Net Income Including Noncontrolling Interests": -148401000.0,
        "Net Income Continuous Operations": -148401000.0,
        "Tax Provision": 1391000.0,
        "Pretax Income": -147010000.0,
        "Other Income Expense": -16915000.0,
        "Other Non Operating Income Expenses": NaN,
        "Special Income Charges": NaN,
        "Other Special Charges": NaN,
        "Impairment Of Capital Assets": NaN,
        "Restructuring And Mergern Acquisition": NaN,
        "Gain On Sale Of Security": 591000.0,
        "Net Non Operating Interest Income Expense": 3008000.0,
        "Interest Expense Non Operating": 5331000.0,
        "Interest Income Non Operating": 8339000.0,
        "Operating Income": -133103000.0,
        "Operating Expense": 111532000.0,
        "Research And Development": 62745000.0,
        "Selling General And Administration": 48787000.0,
        "Selling And Marketing Expense": 11317000.0,
        "General And Administrative Expense": 37470000.0,
        "Other Gand A": 37470000.0,
        "Gross Profit": -21571000.0,
        "Cost Of Revenue": 43685000.0,
        "Total Revenue": 22114000.0,
        "Operating Revenue": 22114000.0
    },
    "2024-03-31": {
        "Tax Effect Of Unusual Items": -6510.0,
        "Tax Rate For Calcs": 0.21,
        "Normalized EBITDA": -112263000.0,
        "Total Unusual Items": -31000.0,
        "Total Unusual Items Excluding Goodwill": -31000.0,
        "Net Income From Continuing Operation Net Minority Interest": -125714000.0,
        "Reconciled Depreciation": 10076000.0,
        "Reconciled Cost Of Revenue": 31423000.0,
        "EBITDA": -112294000.0,
        "EBIT": -122370000.0,
        "Net Interest Income": 673000.0,
        "Interest Expense": 2757000.0,
        "Interest Income": 3430000.0,
        "Normalized Income": -125689510.0,
        "Net Income From Continuing And Discontinued Operation": -125714000.0,
        "Total Expenses": 146737000.0,
        "Total Operating Income As Reported": -125769000.0,
        "Diluted Average Shares": 424929163.0,
        "Basic Average Shares": 424929163.0,
        "Diluted EPS": -0.3,
        "Basic EPS": -0.3,
        "Diluted NI Availto Com Stockholders": -125714000.0,
        "Average Dilution Earnings": NaN,
        "Net Income Common Stockholders": -125714000.0,
        "Net Income": -125714000.0,
        "Net Income Including Noncontrolling Interests": -125714000.0,
        "Net Income Continuous Operations": -125714000.0,
        "Tax Provision": 587000.0,
        "Pretax Income": -125127000.0,
        "Other Income Expense": -31000.0,
        "Other Non Operating Income Expenses": NaN,
        "Special Income Charges": 1752000.0,
        "Other Special Charges": NaN,
        "Impairment Of Capital Assets": NaN,
        "Restructuring And Mergern Acquisition": -1752000.0,
        "Gain On Sale Of Security": -1783000.0,
        "Net Non Operating Interest Income Expense": 673000.0,
        "Interest Expense Non Operating": 2757000.0,
        "Interest Income Non Operating": 3430000.0,
        "Operating Income": -125769000.0,
        "Operating Expense": 115314000.0,
        "Research And Development": 67750000.0,
        "Selling General And Administration": 47564000.0,
        "Selling And Marketing Expense": 14515000.0,
        "General And Administrative Expense": 33049000.0,
        "Other Gand A": 33049000.0,
        "Gross Profit": -10455000.0,
        "Cost Of Revenue": 31423000.0,
        "Total Revenue": 20968000.0,
        "Operating Revenue": 20968000.0
    },
    "2024-06-30": {
        "Tax Effect Of Unusual Items": -40883.794683,
        "Tax Rate For Calcs": 0.004315,
        "Normalized EBITDA": -110329000.0,
        "Total Unusual Items": -9475000.0,
        "Total Unusual Items Excluding Goodwill": -9475000.0,
        "Net Income From Continuing Operation Net Minority Interest": -130607000.0,
        "Reconciled Depreciation": 8612000.0,
        "Reconciled Cost Of Revenue": 30131000.0,
        "EBITDA": -119804000.0,
        "EBIT": -128416000.0,
        "Net Interest Income": -238000.0,
        "Interest Expense": 2757000.0,
        "Interest Income": 2519000.0,
        "Normalized Income": -121172883.794683,
        "Net Income From Continuing And Discontinued Operation": -130607000.0,
        "Total Expenses": 137911000.0,
        "Total Operating Income As Reported": -127722000.0,
        "Diluted Average Shares": 453978904.0,
        "Basic Average Shares": 453978904.0,
        "Diluted EPS": -0.29,
        "Basic EPS": -0.29,
        "Diluted NI Availto Com Stockholders": -130607000.0,
        "Average Dilution Earnings": NaN,
        "Net Income Common Stockholders": -130607000.0,
        "Net Income": -130607000.0,
        "Net Income Including Noncontrolling Interests": -130607000.0,
        "Net Income Continuous Operations": -130607000.0,
        "Tax Provision": -566000.0,
        "Pretax Income": -131173000.0,
        "Other Income Expense": -9475000.0,
        "Other Non Operating Income Expenses": NaN,
        "Special Income Charges": -6262000.0,
        "Other Special Charges": NaN,
        "Impairment Of Capital Assets": NaN,
        "Restructuring And Mergern Acquisition": 6262000.0,
        "Gain On Sale Of Security": -3213000.0,
        "Net Non Operating Interest Income Expense": -238000.0,
        "Interest Expense Non Operating": 2757000.0,
        "Interest Income Non Operating": 2519000.0,
        "Operating Income": -121460000.0,
        "Operating Expense": 107780000.0,
        "Research And Development": 65850000.0,
        "Selling General And Administration": 41930000.0,
        "Selling And Marketing Expense": 12140000.0,
        "General And Administrative Expense": 29790000.0,
        "Other Gand A": 29790000.0,
        "Gross Profit": -13680000.0,
        "Cost Of Revenue": 30131000.0,
        "Total Revenue": 16451000.0,
        "Operating Revenue": 16451000.0
    },
    "2024-09-30": {
        "Tax Effect Of Unusual Items": 839928.0,
        "Tax Rate For Calcs": 0.006,
        "Normalized EBITDA": -95574000.0,
        "Total Unusual Items": 139988000.0,
        "Total Unusual Items Excluding Goodwill": 139988000.0,
        "Net Income From Continuing Operation Net Minority Interest": 27403000.0,
        "Reconciled Depreciation": 7945000.0,
        "Reconciled Cost Of Revenue": 29525000.0,
        "EBITDA": 44414000.0,
        "EBIT": 36469000.0,
        "Net Interest Income": -6501000.0,
        "Interest Expense": 8908000.0,
        "Interest Income": 2407000.0,
        "Normalized Income": -111745072.0,
        "Net Income From Continuing And Discontinued Operation": 27403000.0,
        "Total Expenses": 121419000.0,
        "Total Operating Income As Reported": -115857000.0,
        "Diluted Average Shares": 494014952.0,
        "Basic Average Shares": 480016365.0,
        "Diluted EPS": -0.24,
        "Basic EPS": 0.06,
        "Diluted NI Availto Com Stockholders": -119155000.0,
        "Average Dilution Earnings": -146558000.0,
        "Net Income Common Stockholders": 27403000.0,
        "Net Income": 27403000.0,
        "Net Income Including Noncontrolling Interests": 27403000.0,
        "Net Income Continuous Operations": 27403000.0,
        "Tax Provision": 158000.0,
        "Pretax Income": 27561000.0,
        "Other Income Expense": 139988000.0,
        "Other Non Operating Income Expenses": NaN,
        "Special Income Charges": 137415000.0,
        "Other Special Charges": -147346000.0,
        "Impairment Of Capital Assets": 6647000.0,
        "Restructuring And Mergern Acquisition": 3284000.0,
        "Gain On Sale Of Security": 2573000.0,
        "Net Non Operating Interest Income Expense": -6501000.0,
        "Interest Expense Non Operating": 8908000.0,
        "Interest Income Non Operating": 2407000.0,
        "Operating Income": -105926000.0,
        "Operating Expense": 91894000.0,
        "Research And Development": 50591000.0,
        "Selling General And Administration": 41303000.0,
        "Selling And Marketing Expense": 11097000.0,
        "General And Administrative Expense": 30206000.0,
        "Other Gand A": 30206000.0,
        "Gross Profit": -14032000.0,
        "Cost Of Revenue": 29525000.0,
        "Total Revenue": 15493000.0,
        "Operating Revenue": 15493000.0
    }
}