{
    "2023-03-31": {
        "Tax Effect Of Unusual Items": NaN,
        "Tax Rate For Calcs": NaN,
        "Normalized EBITDA": NaN,
        "Net Income From Continuing Operation Net Minority Interest": NaN,
        "Reconciled Depreciation": NaN,
        "EBITDA": NaN,
        "EBIT": NaN,
        "Net Interest Income": NaN,
        "Interest Income": NaN,
        "Normalized Income": NaN,
        "Net Income From Continuing And Discontinued Operation": NaN,
        "Total Expenses": NaN,
        "Total Operating Income As Reported": NaN,
        "Diluted Average Shares": 20409794.0,
        "Basic Average Shares": 20409794.0,
        "Diluted EPS": -0.56,
        "Basic EPS": -0.56,
        "Diluted NI Availto Com Stockholders": NaN,
        "Net Income Common Stockholders": NaN,
        "Net Income": NaN,
        "Net Income Including Noncontrolling Interests": NaN,
        "Net Income Continuous Operations": NaN,
        "Pretax Income": NaN,
        "Other Income Expense": NaN,
        "Other Non Operating Income Expenses": NaN,
        "Net Non Operating Interest Income Expense": NaN,
        "Interest Income Non Operating": NaN,
        "Operating Income": NaN,
        "Operating Expense": NaN,
        "Research And Development": NaN,
        "Selling General And Administration": NaN,
        "General And Administrative Expense": NaN,
        "Other Gand A": NaN,
        "Total Revenue": NaN,
        "Operating Revenue": NaN
    },
    "2022-12-31": {
        "Tax Effect Of Unusual Items": 0.0,
        "Tax Rate For Calcs": 0.0,
        "Normalized EBITDA": -11726000.0,
        "Net Income From Continuing Operation Net Minority Interest": -11345000.0,
        "Reconciled Depreciation": 1000.0,
        "EBITDA": -11726000.0,
        "EBIT": -11727000.0,
        "Net Interest Income": 391000.0,
        "Interest Income": 391000.0,
        "Normalized Income": -11345000.0,
        "Net Income From Continuing And Discontinued Operation": -11345000.0,
        "Total Expenses": 11727000.0,
        "Total Operating Income As Reported": -11727000.0,
        "Diluted Average Shares": NaN,
        "Basic Average Shares": NaN,
        "Diluted EPS": NaN,
        "Basic EPS": NaN,
        "Diluted NI Availto Com Stockholders": -11345000.0,
        "Net Income Common Stockholders": -11345000.0,
        "Net Income": -11345000.0,
        "Net Income Including Noncontrolling Interests": -11345000.0,
        "Net Income Continuous Operations": -11345000.0,
        "Pretax Income": -11345000.0,
        "Other Income Expense": -9000.0,
        "Other Non Operating Income Expenses": -9000.0,
        "Net Non Operating Interest Income Expense": 391000.0,
        "Interest Income Non Operating": 391000.0,
        "Operating Income": -11727000.0,
        "Operating Expense": 11727000.0,
        "Research And Development": 9193000.0,
        "Selling General And Administration": 2534000.0,
        "General And Administrative Expense": 2534000.0,
        "Other Gand A": 2534000.0,
        "Total Revenue": 0.0,
        "Operating Revenue": 0.0
    },
    "2022-09-30": {
        "Tax Effect Of Unusual Items": NaN,
        "Tax Rate For Calcs": NaN,
        "Normalized EBITDA": NaN,
        "Net Income From Continuing Operation Net Minority Interest": NaN,
        "Reconciled Depreciation": NaN,
        "EBITDA": NaN,
        "EBIT": NaN,
        "Net Interest Income": NaN,
        "Interest Income": NaN,
        "Normalized Income": NaN,
        "Net Income From Continuing And Discontinued Operation": NaN,
        "Total Expenses": NaN,
        "Total Operating Income As Reported": NaN,
        "Diluted Average Shares": 17173838.0,
        "Basic Average Shares": 17173838.0,
        "Diluted EPS": -0.68,
        "Basic EPS": -0.68,
        "Diluted NI Availto Com Stockholders": NaN,
        "Net Income Common Stockholders": NaN,
        "Net Income": NaN,
        "Net Income Including Noncontrolling Interests": NaN,
        "Net Income Continuous Operations": NaN,
        "Pretax Income": NaN,
        "Other Income Expense": NaN,
        "Other Non Operating Income Expenses": NaN,
        "Net Non Operating Interest Income Expense": NaN,
        "Interest Income Non Operating": NaN,
        "Operating Income": NaN,
        "Operating Expense": NaN,
        "Research And Development": NaN,
        "Selling General And Administration": NaN,
        "General And Administrative Expense": NaN,
        "Other Gand A": NaN,
        "Total Revenue": NaN,
        "Operating Revenue": NaN
    },
    "2022-06-30": {
        "Tax Effect Of Unusual Items": 0.0,
        "Tax Rate For Calcs": 0.0,
        "Normalized EBITDA": -11565000.0,
        "Net Income From Continuing Operation Net Minority Interest": -11407000.0,
        "Reconciled Depreciation": 2000.0,
        "EBITDA": -11565000.0,
        "EBIT": -11567000.0,
        "Net Interest Income": 127000.0,
        "Interest Income": 127000.0,
        "Normalized Income": -11407000.0,
        "Net Income From Continuing And Discontinued Operation": -11407000.0,
        "Total Expenses": 11567000.0,
        "Total Operating Income As Reported": -11567000.0,
        "Diluted Average Shares": 17130307.0,
        "Basic Average Shares": 17130307.0,
        "Diluted EPS": -0.67,
        "Basic EPS": -0.67,
        "Diluted NI Availto Com Stockholders": -11407000.0,
        "Net Income Common Stockholders": -11407000.0,
        "Net Income": -11407000.0,
        "Net Income Including Noncontrolling Interests": -11407000.0,
        "Net Income Continuous Operations": -11407000.0,
        "Pretax Income": -11407000.0,
        "Other Income Expense": 33000.0,
        "Other Non Operating Income Expenses": 33000.0,
        "Net Non Operating Interest Income Expense": 127000.0,
        "Interest Income Non Operating": 127000.0,
        "Operating Income": -11567000.0,
        "Operating Expense": 11567000.0,
        "Research And Development": 8921000.0,
        "Selling General And Administration": 2646000.0,
        "General And Administrative Expense": 2646000.0,
        "Other Gand A": 2646000.0,
        "Total Revenue": 0.0,
        "Operating Revenue": 0.0
    },
    "2022-03-31": {
        "Diluted EPS": -0.56,
        "Total Revenue": NaN,
        "Gross Profit": NaN,
        "Operating Income": -10,
        "EBIT": -10,
        "Net Income": -10
    },
    "2021-12-31": {
        "Diluted EPS": -0.3,
        "Total Revenue": NaN,
        "Gross Profit": NaN,
        "Operating Income": -9,
        "EBIT": -9,
        "Net Income": -9
    },
    "2021-09-30": {
        "Diluted EPS": -0.38,
        "Total Revenue": NaN,
        "Gross Profit": NaN,
        "Operating Income": -6,
        "EBIT": -6,
        "Net Income": -6
    },
    "2021-06-30": {
        "Diluted EPS": -0.41,
        "Total Revenue": NaN,
        "Gross Profit": NaN,
        "Operating Income": -7,
        "EBIT": -7,
        "Net Income": -7
    },
    "2021-03-31": {
        "Diluted EPS": -0.84,
        "Total Revenue": NaN,
        "Gross Profit": NaN,
        "Operating Income": -6,
        "EBIT": -6,
        "Net Income": -6
    },
    "2020-12-31": {
        "Diluted EPS": -2.66,
        "Total Revenue": NaN,
        "Gross Profit": NaN,
        "Operating Income": -10,
        "EBIT": -10,
        "Net Income": -10
    },
    "2020-09-30": {
        "Diluted EPS": -0.66,
        "Total Revenue": NaN,
        "Gross Profit": NaN,
        "Operating Income": -3,
        "EBIT": -3,
        "Net Income": -3
    },
    "2020-06-30": {
        "Diluted EPS": -0.41,
        "Total Revenue": NaN,
        "Gross Profit": NaN,
        "Operating Income": -2,
        "EBIT": -2,
        "Net Income": -2
    },
    "2020-03-31": {
        "Diluted EPS": -0.05,
        "Total Revenue": NaN,
        "Gross Profit": NaN,
        "Operating Income": 0,
        "EBIT": 0,
        "Net Income": 0
    },
    "2023-06-30": {
        "Tax Effect Of Unusual Items": NaN,
        "Tax Rate For Calcs": NaN,
        "Normalized EBITDA": NaN,
        "Net Income From Continuing Operation Net Minority Interest": NaN,
        "Reconciled Depreciation": NaN,
        "EBITDA": NaN,
        "EBIT": NaN,
        "Net Interest Income": NaN,
        "Interest Income": NaN,
        "Normalized Income": NaN,
        "Net Income From Continuing And Discontinued Operation": NaN,
        "Total Expenses": NaN,
        "Total Operating Income As Reported": NaN,
        "Diluted Average Shares": 22968920.0,
        "Basic Average Shares": 22968920.0,
        "Diluted EPS": -0.65,
        "Basic EPS": -0.65,
        "Diluted NI Availto Com Stockholders": NaN,
        "Net Income Common Stockholders": NaN,
        "Net Income": NaN,
        "Net Income Including Noncontrolling Interests": NaN,
        "Net Income Continuous Operations": NaN,
        "Pretax Income": NaN,
        "Other Income Expense": NaN,
        "Other Non Operating Income Expenses": NaN,
        "Net Non Operating Interest Income Expense": NaN,
        "Interest Income Non Operating": NaN,
        "Operating Income": NaN,
        "Operating Expense": NaN,
        "Research And Development": NaN,
        "Selling General And Administration": NaN,
        "General And Administrative Expense": NaN,
        "Other Gand A": NaN,
        "Total Revenue": NaN,
        "Operating Revenue": NaN
    },
    "2023-09-30": {
        "Tax Effect Of Unusual Items": 0.0,
        "Tax Rate For Calcs": 0.0,
        "Normalized EBITDA": -13581000.0,
        "Net Income From Continuing Operation Net Minority Interest": -12934000.0,
        "Reconciled Depreciation": 1000.0,
        "EBITDA": -13581000.0,
        "EBIT": -13582000.0,
        "Net Interest Income": 662000.0,
        "Interest Income": 662000.0,
        "Normalized Income": -12934000.0,
        "Net Income From Continuing And Discontinued Operation": -12934000.0,
        "Total Expenses": 13582000.0,
        "Total Operating Income As Reported": -13582000.0,
        "Diluted Average Shares": 23487457.0,
        "Basic Average Shares": 23487457.0,
        "Diluted EPS": -0.55,
        "Basic EPS": -0.55,
        "Diluted NI Availto Com Stockholders": -12934000.0,
        "Net Income Common Stockholders": -12934000.0,
        "Net Income": -12934000.0,
        "Net Income Including Noncontrolling Interests": -12934000.0,
        "Net Income Continuous Operations": -12934000.0,
        "Pretax Income": -12934000.0,
        "Other Income Expense": -14000.0,
        "Other Non Operating Income Expenses": -14000.0,
        "Net Non Operating Interest Income Expense": 662000.0,
        "Interest Income Non Operating": 662000.0,
        "Operating Income": -13582000.0,
        "Operating Expense": 13582000.0,
        "Research And Development": 10488000.0,
        "Selling General And Administration": 3094000.0,
        "General And Administrative Expense": 3094000.0,
        "Other Gand A": 3094000.0,
        "Total Revenue": 0.0,
        "Operating Revenue": 0.0
    },
    "2023-12-31": {
        "Tax Effect Of Unusual Items": 0.0,
        "Tax Rate For Calcs": 0.0,
        "Normalized EBITDA": -15572000.0,
        "Net Income From Continuing Operation Net Minority Interest": -15033000.0,
        "Reconciled Depreciation": 1000.0,
        "EBITDA": -15572000.0,
        "EBIT": -15573000.0,
        "Net Interest Income": 567000.0,
        "Interest Income": 567000.0,
        "Normalized Income": -15033000.0,
        "Net Income From Continuing And Discontinued Operation": -15033000.0,
        "Total Expenses": 15573000.0,
        "Total Operating Income As Reported": -15573000.0,
        "Diluted Average Shares": NaN,
        "Basic Average Shares": NaN,
        "Diluted EPS": NaN,
        "Basic EPS": NaN,
        "Diluted NI Availto Com Stockholders": -15033000.0,
        "Net Income Common Stockholders": -15033000.0,
        "Net Income": -15033000.0,
        "Net Income Including Noncontrolling Interests": -15033000.0,
        "Net Income Continuous Operations": -15033000.0,
        "Pretax Income": -15033000.0,
        "Other Income Expense": -27000.0,
        "Other Non Operating Income Expenses": -27000.0,
        "Net Non Operating Interest Income Expense": 567000.0,
        "Interest Income Non Operating": 567000.0,
        "Operating Income": -15573000.0,
        "Operating Expense": 15573000.0,
        "Research And Development": 12198000.0,
        "Selling General And Administration": 3375000.0,
        "General And Administrative Expense": 3375000.0,
        "Other Gand A": 3375000.0,
        "Total Revenue": 0.0,
        "Operating Revenue": 0.0
    },
    "2024-03-31": {
        "Tax Effect Of Unusual Items": 0.0,
        "Tax Rate For Calcs": 0.0,
        "Normalized EBITDA": -18109000.0,
        "Net Income From Continuing Operation Net Minority Interest": -14986000.0,
        "Reconciled Depreciation": 1000.0,
        "EBITDA": -18109000.0,
        "EBIT": -18110000.0,
        "Net Interest Income": 3133000.0,
        "Interest Income": 3133000.0,
        "Normalized Income": -14986000.0,
        "Net Income From Continuing And Discontinued Operation": -14986000.0,
        "Total Expenses": 18110000.0,
        "Total Operating Income As Reported": -18110000.0,
        "Diluted Average Shares": 35321794.0,
        "Basic Average Shares": 35321794.0,
        "Diluted EPS": -0.42,
        "Basic EPS": -0.42,
        "Diluted NI Availto Com Stockholders": -14986000.0,
        "Net Income Common Stockholders": -14986000.0,
        "Net Income": -14986000.0,
        "Net Income Including Noncontrolling Interests": -14986000.0,
        "Net Income Continuous Operations": -14986000.0,
        "Pretax Income": -14986000.0,
        "Other Income Expense": -9000.0,
        "Other Non Operating Income Expenses": -9000.0,
        "Net Non Operating Interest Income Expense": 3133000.0,
        "Interest Income Non Operating": 3133000.0,
        "Operating Income": -18110000.0,
        "Operating Expense": 18110000.0,
        "Research And Development": 13170000.0,
        "Selling General And Administration": 4940000.0,
        "General And Administrative Expense": 4940000.0,
        "Other Gand A": 4940000.0,
        "Total Revenue": 0.0,
        "Operating Revenue": 0.0
    },
    "2024-06-30": {
        "Tax Effect Of Unusual Items": 0.0,
        "Tax Rate For Calcs": 0.0,
        "Normalized EBITDA": -25641000.0,
        "Net Income From Continuing Operation Net Minority Interest": -21785000.0,
        "Reconciled Depreciation": 2000.0,
        "EBITDA": -25641000.0,
        "EBIT": -25643000.0,
        "Net Interest Income": 3905000.0,
        "Interest Income": 3905000.0,
        "Normalized Income": -21785000.0,
        "Net Income From Continuing And Discontinued Operation": -21785000.0,
        "Total Expenses": 25643000.0,
        "Total Operating Income As Reported": -25643000.0,
        "Diluted Average Shares": 38880336.0,
        "Basic Average Shares": 38880336.0,
        "Diluted EPS": -0.56,
        "Basic EPS": -0.56,
        "Diluted NI Availto Com Stockholders": -21785000.0,
        "Net Income Common Stockholders": -21785000.0,
        "Net Income": -21785000.0,
        "Net Income Including Noncontrolling Interests": -21785000.0,
        "Net Income Continuous Operations": -21785000.0,
        "Pretax Income": -21785000.0,
        "Other Income Expense": -47000.0,
        "Other Non Operating Income Expenses": -47000.0,
        "Net Non Operating Interest Income Expense": 3905000.0,
        "Interest Income Non Operating": 3905000.0,
        "Operating Income": -25643000.0,
        "Operating Expense": 25643000.0,
        "Research And Development": 20445000.0,
        "Selling General And Administration": 5198000.0,
        "General And Administrative Expense": 5198000.0,
        "Other Gand A": 5198000.0,
        "Total Revenue": 0.0,
        "Operating Revenue": 0.0
    },
    "2024-09-30": {
        "Tax Effect Of Unusual Items": 0.0,
        "Tax Rate For Calcs": 0.0,
        "Normalized EBITDA": -28123000.0,
        "Net Income From Continuing Operation Net Minority Interest": -24540000.0,
        "Reconciled Depreciation": 1000.0,
        "EBITDA": -28123000.0,
        "EBIT": -28124000.0,
        "Net Interest Income": 3655000.0,
        "Interest Income": 3655000.0,
        "Normalized Income": -24540000.0,
        "Net Income From Continuing And Discontinued Operation": -24540000.0,
        "Total Expenses": 28124000.0,
        "Total Operating Income As Reported": -28124000.0,
        "Diluted Average Shares": 38957524.0,
        "Basic Average Shares": 38957524.0,
        "Diluted EPS": -0.63,
        "Basic EPS": -0.63,
        "Diluted NI Availto Com Stockholders": -24540000.0,
        "Net Income Common Stockholders": -24540000.0,
        "Net Income": -24540000.0,
        "Net Income Including Noncontrolling Interests": -24540000.0,
        "Net Income Continuous Operations": -24540000.0,
        "Pretax Income": -24540000.0,
        "Other Income Expense": -71000.0,
        "Other Non Operating Income Expenses": -71000.0,
        "Net Non Operating Interest Income Expense": 3655000.0,
        "Interest Income Non Operating": 3655000.0,
        "Operating Income": -28124000.0,
        "Operating Expense": 28124000.0,
        "Research And Development": 21450000.0,
        "Selling General And Administration": 6674000.0,
        "General And Administrative Expense": 6674000.0,
        "Other Gand A": 6674000.0,
        "Total Revenue": 0.0,
        "Operating Revenue": 0.0
    }
}