{
    "2023-06-30": {
        "Tax Effect Of Unusual Items": NaN,
        "Tax Rate For Calcs": NaN,
        "Normalized EBITDA": NaN,
        "Total Unusual Items": NaN,
        "Total Unusual Items Excluding Goodwill": NaN,
        "Net Income From Continuing Operation Net Minority Interest": NaN,
        "Reconciled Depreciation": NaN,
        "Reconciled Cost Of Revenue": NaN,
        "EBITDA": NaN,
        "EBIT": NaN,
        "Net Interest Income": NaN,
        "Interest Expense": NaN,
        "Interest Income": 70600000.0,
        "Normalized Income": NaN,
        "Net Income From Continuing And Discontinued Operation": NaN,
        "Total Expenses": NaN,
        "Total Operating Income As Reported": NaN,
        "Diluted Average Shares": 441780412.0,
        "Basic Average Shares": 441780412.0,
        "Diluted EPS": -1.13,
        "Basic EPS": -1.13,
        "Diluted NI Availto Com Stockholders": NaN,
        "Net Income Common Stockholders": NaN,
        "Net Income": NaN,
        "Minority Interests": NaN,
        "Net Income Including Noncontrolling Interests": NaN,
        "Net Income Discontinuous Operations": 0.0,
        "Net Income Continuous Operations": NaN,
        "Tax Provision": NaN,
        "Pretax Income": NaN,
        "Other Income Expense": NaN,
        "Other Non Operating Income Expenses": NaN,
        "Special Income Charges": NaN,
        "Gain On Sale Of Ppe": 0.0,
        "Write Off": NaN,
        "Restructuring And Mergern Acquisition": NaN,
        "Earnings From Equity Interest": NaN,
        "Gain On Sale Of Security": NaN,
        "Net Non Operating Interest Income Expense": NaN,
        "Interest Expense Non Operating": NaN,
        "Interest Income Non Operating": 70600000.0,
        "Operating Income": NaN,
        "Operating Expense": NaN,
        "Other Operating Expenses": NaN,
        "Depreciation Amortization Depletion Income Statement": NaN,
        "Depreciation And Amortization In Income Statement": NaN,
        "Selling General And Administration": NaN,
        "General And Administrative Expense": NaN,
        "Other Gand A": NaN,
        "Salaries And Wages": NaN,
        "Gross Profit": NaN,
        "Cost Of Revenue": NaN,
        "Total Revenue": NaN,
        "Operating Revenue": NaN
    },
    "2023-03-31": {
        "Tax Effect Of Unusual Items": NaN,
        "Tax Rate For Calcs": NaN,
        "Normalized EBITDA": NaN,
        "Total Unusual Items": NaN,
        "Total Unusual Items Excluding Goodwill": NaN,
        "Net Income From Continuing Operation Net Minority Interest": NaN,
        "Reconciled Depreciation": NaN,
        "Reconciled Cost Of Revenue": NaN,
        "EBITDA": NaN,
        "EBIT": NaN,
        "Net Interest Income": NaN,
        "Interest Expense": NaN,
        "Interest Income": NaN,
        "Normalized Income": NaN,
        "Net Income From Continuing And Discontinued Operation": NaN,
        "Total Expenses": NaN,
        "Total Operating Income As Reported": NaN,
        "Diluted Average Shares": NaN,
        "Basic Average Shares": NaN,
        "Diluted EPS": NaN,
        "Basic EPS": NaN,
        "Diluted NI Availto Com Stockholders": NaN,
        "Net Income Common Stockholders": NaN,
        "Net Income": NaN,
        "Minority Interests": NaN,
        "Net Income Including Noncontrolling Interests": NaN,
        "Net Income Discontinuous Operations": 0.0,
        "Net Income Continuous Operations": NaN,
        "Tax Provision": NaN,
        "Pretax Income": NaN,
        "Other Income Expense": NaN,
        "Other Non Operating Income Expenses": NaN,
        "Special Income Charges": NaN,
        "Gain On Sale Of Ppe": NaN,
        "Other Special Charges": 2500000.0,
        "Write Off": NaN,
        "Restructuring And Mergern Acquisition": 13900000.0,
        "Earnings From Equity Interest": NaN,
        "Gain On Sale Of Security": NaN,
        "Net Non Operating Interest Income Expense": NaN,
        "Interest Expense Non Operating": NaN,
        "Interest Income Non Operating": NaN,
        "Operating Income": NaN,
        "Operating Expense": NaN,
        "Other Operating Expenses": NaN,
        "Depreciation Amortization Depletion Income Statement": NaN,
        "Depreciation And Amortization In Income Statement": NaN,
        "Selling General And Administration": NaN,
        "General And Administrative Expense": NaN,
        "Other Gand A": NaN,
        "Salaries And Wages": NaN,
        "Gross Profit": NaN,
        "Cost Of Revenue": NaN,
        "Total Revenue": NaN,
        "Operating Revenue": NaN
    },
    "2022-12-31": {
        "Tax Effect Of Unusual Items": NaN,
        "Tax Rate For Calcs": NaN,
        "Normalized EBITDA": NaN,
        "Total Unusual Items": NaN,
        "Total Unusual Items Excluding Goodwill": NaN,
        "Net Income From Continuing Operation Net Minority Interest": NaN,
        "Reconciled Depreciation": NaN,
        "Reconciled Cost Of Revenue": NaN,
        "EBITDA": NaN,
        "EBIT": NaN,
        "Net Interest Income": NaN,
        "Interest Expense": NaN,
        "Interest Income": NaN,
        "Normalized Income": NaN,
        "Net Income From Continuing And Discontinued Operation": NaN,
        "Total Expenses": NaN,
        "Total Operating Income As Reported": NaN,
        "Diluted Average Shares": NaN,
        "Basic Average Shares": NaN,
        "Diluted EPS": NaN,
        "Basic EPS": NaN,
        "Diluted NI Availto Com Stockholders": NaN,
        "Net Income Common Stockholders": NaN,
        "Net Income": NaN,
        "Minority Interests": NaN,
        "Net Income Including Noncontrolling Interests": NaN,
        "Net Income Discontinuous Operations": -2500000.0,
        "Net Income Continuous Operations": NaN,
        "Tax Provision": NaN,
        "Pretax Income": NaN,
        "Other Income Expense": NaN,
        "Other Non Operating Income Expenses": NaN,
        "Special Income Charges": NaN,
        "Gain On Sale Of Ppe": 100000.0,
        "Other Special Charges": 0.0,
        "Write Off": NaN,
        "Restructuring And Mergern Acquisition": NaN,
        "Earnings From Equity Interest": NaN,
        "Gain On Sale Of Security": NaN,
        "Net Non Operating Interest Income Expense": NaN,
        "Interest Expense Non Operating": NaN,
        "Interest Income Non Operating": NaN,
        "Operating Income": NaN,
        "Operating Expense": NaN,
        "Other Operating Expenses": NaN,
        "Depreciation Amortization Depletion Income Statement": NaN,
        "Depreciation And Amortization In Income Statement": NaN,
        "Selling General And Administration": NaN,
        "General And Administrative Expense": NaN,
        "Other Gand A": NaN,
        "Salaries And Wages": NaN,
        "Gross Profit": NaN,
        "Cost Of Revenue": NaN,
        "Total Revenue": NaN,
        "Operating Revenue": NaN
    },
    "2022-09-30": {
        "Tax Effect Of Unusual Items": NaN,
        "Tax Rate For Calcs": NaN,
        "Normalized EBITDA": NaN,
        "Total Unusual Items": NaN,
        "Total Unusual Items Excluding Goodwill": NaN,
        "Net Income From Continuing Operation Net Minority Interest": NaN,
        "Reconciled Depreciation": NaN,
        "Reconciled Cost Of Revenue": NaN,
        "EBITDA": NaN,
        "EBIT": NaN,
        "Net Interest Income": NaN,
        "Interest Expense": NaN,
        "Interest Income": 16300000.0,
        "Normalized Income": NaN,
        "Net Income From Continuing And Discontinued Operation": NaN,
        "Total Expenses": NaN,
        "Total Operating Income As Reported": NaN,
        "Diluted Average Shares": 482515940.0,
        "Basic Average Shares": 477176983.0,
        "Diluted EPS": 4.87,
        "Basic EPS": 4.92,
        "Diluted NI Availto Com Stockholders": NaN,
        "Net Income Common Stockholders": NaN,
        "Net Income": NaN,
        "Minority Interests": NaN,
        "Net Income Including Noncontrolling Interests": NaN,
        "Net Income Discontinuous Operations": NaN,
        "Net Income Continuous Operations": NaN,
        "Tax Provision": NaN,
        "Pretax Income": NaN,
        "Other Income Expense": NaN,
        "Other Non Operating Income Expenses": NaN,
        "Special Income Charges": NaN,
        "Gain On Sale Of Ppe": 7100000.0,
        "Other Special Charges": NaN,
        "Write Off": NaN,
        "Restructuring And Mergern Acquisition": 0.0,
        "Earnings From Equity Interest": NaN,
        "Gain On Sale Of Security": NaN,
        "Net Non Operating Interest Income Expense": NaN,
        "Interest Expense Non Operating": NaN,
        "Interest Income Non Operating": 16300000.0,
        "Operating Income": NaN,
        "Operating Expense": NaN,
        "Other Operating Expenses": NaN,
        "Depreciation Amortization Depletion Income Statement": NaN,
        "Depreciation And Amortization In Income Statement": NaN,
        "Selling General And Administration": NaN,
        "General And Administrative Expense": NaN,
        "Other Gand A": NaN,
        "Salaries And Wages": NaN,
        "Gross Profit": NaN,
        "Cost Of Revenue": NaN,
        "Total Revenue": NaN,
        "Operating Revenue": NaN
    },
    "2022-06-30": {
        "Tax Effect Of Unusual Items": 62038332.338648,
        "Tax Rate For Calcs": 0.027112,
        "Normalized EBITDA": 708200000.0,
        "Total Unusual Items": 2288200000.0,
        "Total Unusual Items Excluding Goodwill": 2288200000.0,
        "Net Income From Continuing Operation Net Minority Interest": 1937700000.0,
        "Reconciled Depreciation": 517700000.0,
        "Reconciled Cost Of Revenue": 480600000.0,
        "EBITDA": 2996400000.0,
        "EBIT": 2478700000.0,
        "Net Interest Income": -132900000.0,
        "Interest Expense": 132900000.0,
        "Interest Income": NaN,
        "Normalized Income": -288461667.661352,
        "Net Income From Continuing And Discontinued Operation": 2786600000.0,
        "Total Expenses": 1671400000.0,
        "Total Operating Income As Reported": 24500000.0,
        "Diluted Average Shares": 509442605.0,
        "Basic Average Shares": 501406664.0,
        "Diluted EPS": 5.47,
        "Basic EPS": 5.56,
        "Diluted NI Availto Com Stockholders": 2786600000.0,
        "Net Income Common Stockholders": 2786600000.0,
        "Net Income": 2786600000.0,
        "Minority Interests": -344500000.0,
        "Net Income Including Noncontrolling Interests": 3131100000.0,
        "Net Income Discontinuous Operations": 848900000.0,
        "Net Income Continuous Operations": 2282200000.0,
        "Tax Provision": 63600000.0,
        "Pretax Income": 2345800000.0,
        "Other Income Expense": 2395900000.0,
        "Other Non Operating Income Expenses": 26600000.0,
        "Special Income Charges": 637800000.0,
        "Gain On Sale Of Ppe": 693300000.0,
        "Other Special Charges": -2800000.0,
        "Write Off": 58300000.0,
        "Restructuring And Mergern Acquisition": NaN,
        "Earnings From Equity Interest": 81100000.0,
        "Gain On Sale Of Security": 1650400000.0,
        "Net Non Operating Interest Income Expense": -132900000.0,
        "Interest Expense Non Operating": 132900000.0,
        "Interest Income Non Operating": NaN,
        "Operating Income": 82800000.0,
        "Operating Expense": 1190800000.0,
        "Other Operating Expenses": 265200000.0,
        "Depreciation Amortization Depletion Income Statement": 517700000.0,
        "Depreciation And Amortization In Income Statement": 517700000.0,
        "Selling General And Administration": 407900000.0,
        "General And Administrative Expense": 407900000.0,
        "Other Gand A": 358600000.0,
        "Salaries And Wages": 49300000.0,
        "Gross Profit": 1273600000.0,
        "Cost Of Revenue": 480600000.0,
        "Total Revenue": 1754200000.0,
        "Operating Revenue": 1754200000.0
    },
    "2022-03-31": {
        "Diluted EPS": 1.95,
        "Total Revenue": NaN,
        "Gross Profit": NaN,
        "Operating Income": 59,
        "EBIT": 629,
        "Net Income": NaN
    },
    "2021-12-31": {
        "Diluted EPS": 1.18,
        "Total Revenue": NaN,
        "Gross Profit": NaN,
        "Operating Income": 81,
        "EBIT": 696,
        "Net Income": 636
    },
    "2021-09-30": {
        "Diluted EPS": 0.49,
        "Total Revenue": NaN,
        "Gross Profit": NaN,
        "Operating Income": 101,
        "EBIT": 690,
        "Net Income": 277
    },
    "2021-06-30": {
        "Diluted EPS": 19.55,
        "Total Revenue": NaN,
        "Gross Profit": NaN,
        "Operating Income": 537,
        "EBIT": NaN,
        "Net Income": NaN
    },
    "2021-03-31": {
        "Diluted EPS": 2.37,
        "Total Revenue": NaN,
        "Gross Profit": NaN,
        "Operating Income": 601,
        "EBIT": NaN,
        "Net Income": NaN
    },
    "2020-12-31": {
        "Diluted EPS": -1.61,
        "Total Revenue": NaN,
        "Gross Profit": NaN,
        "Operating Income": 580,
        "EBIT": NaN,
        "Net Income": NaN
    },
    "2020-09-30": {
        "Diluted EPS": -1.73,
        "Total Revenue": NaN,
        "Gross Profit": NaN,
        "Operating Income": 644,
        "EBIT": NaN,
        "Net Income": NaN
    },
    "2020-06-30": {
        "Diluted EPS": -0.86,
        "Total Revenue": NaN,
        "Gross Profit": NaN,
        "Operating Income": 527,
        "EBIT": NaN,
        "Net Income": -524
    },
    "2020-03-31": {
        "Diluted EPS": 1.5,
        "Total Revenue": NaN,
        "Gross Profit": NaN,
        "Operating Income": 281,
        "EBIT": NaN,
        "Net Income": 950
    },
    "2019-12-31": {
        "Diluted EPS": 16.48,
        "Total Revenue": NaN,
        "Gross Profit": 654,
        "Operating Income": 197,
        "EBIT": NaN,
        "Net Income": NaN
    },
    "2019-09-30": {
        "Diluted EPS": 0.77,
        "Total Revenue": NaN,
        "Gross Profit": NaN,
        "Operating Income": 209,
        "EBIT": NaN,
        "Net Income": NaN
    },
    "2019-06-30": {
        "Diluted EPS": -0.5,
        "Total Revenue": NaN,
        "Gross Profit": NaN,
        "Operating Income": 149,
        "EBIT": NaN,
        "Net Income": 53
    },
    "2019-03-31": {
        "Diluted EPS": -0.43,
        "Total Revenue": NaN,
        "Gross Profit": NaN,
        "Operating Income": 106,
        "EBIT": NaN,
        "Net Income": 7
    },
    "2018-12-31": {
        "Diluted EPS": -0.5,
        "Total Revenue": NaN,
        "Gross Profit": 886,
        "Operating Income": 252,
        "EBIT": NaN,
        "Net Income": 25
    },
    "2018-09-30": {
        "Diluted EPS": -0.57,
        "Total Revenue": NaN,
        "Gross Profit": NaN,
        "Operating Income": 205,
        "EBIT": NaN,
        "Net Income": 974
    },
    "2018-06-30": {
        "Diluted EPS": 0.8,
        "Total Revenue": NaN,
        "Gross Profit": NaN,
        "Operating Income": 264,
        "EBIT": NaN,
        "Net Income": 913
    },
    "2018-03-31": {
        "Diluted EPS": -1.7,
        "Total Revenue": NaN,
        "Gross Profit": NaN,
        "Operating Income": 118,
        "EBIT": NaN,
        "Net Income": NaN
    },
    "2017-12-31": {
        "Diluted EPS": -0.91,
        "Total Revenue": NaN,
        "Gross Profit": NaN,
        "Operating Income": -65,
        "EBIT": 997,
        "Net Income": -992
    },
    "2017-09-30": {
        "Diluted EPS": -0.7,
        "Total Revenue": NaN,
        "Gross Profit": NaN,
        "Operating Income": 222,
        "EBIT": NaN,
        "Net Income": -792
    },
    "2017-06-30": {
        "Diluted EPS": -0.9,
        "Total Revenue": NaN,
        "Gross Profit": NaN,
        "Operating Income": 209,
        "EBIT": 885,
        "Net Income": -674
    },
    "2017-03-31": {
        "Diluted EPS": -0.35,
        "Total Revenue": NaN,
        "Gross Profit": NaN,
        "Operating Income": 427,
        "EBIT": NaN,
        "Net Income": -320
    },
    "2016-12-31": {
        "Diluted EPS": 2.35,
        "Total Revenue": NaN,
        "Gross Profit": -938,
        "Operating Income": -407,
        "EBIT": -680,
        "Net Income": NaN
    },
    "2016-09-30": {
        "Diluted EPS": -0.23,
        "Total Revenue": NaN,
        "Gross Profit": NaN,
        "Operating Income": 903,
        "EBIT": NaN,
        "Net Income": -250
    },
    "2016-06-30": {
        "Diluted EPS": 0.11,
        "Total Revenue": NaN,
        "Gross Profit": NaN,
        "Operating Income": 488,
        "EBIT": NaN,
        "Net Income": 101
    },
    "2016-03-31": {
        "Diluted EPS": -0.42,
        "Total Revenue": NaN,
        "Gross Profit": NaN,
        "Operating Income": 587,
        "EBIT": NaN,
        "Net Income": -369
    },
    "2015-12-31": {
        "Diluted EPS": -0.29,
        "Total Revenue": NaN,
        "Gross Profit": NaN,
        "Operating Income": 373,
        "EBIT": NaN,
        "Net Income": -284
    },
    "2015-09-30": {
        "Diluted EPS": 0.14,
        "Total Revenue": NaN,
        "Gross Profit": NaN,
        "Operating Income": 546,
        "EBIT": NaN,
        "Net Income": 133
    },
    "2015-06-30": {
        "Diluted EPS": -0.51,
        "Total Revenue": NaN,
        "Gross Profit": NaN,
        "Operating Income": 625,
        "EBIT": NaN,
        "Net Income": -465
    },
    "2015-03-31": {
        "Diluted EPS": -0.61,
        "Total Revenue": NaN,
        "Gross Profit": NaN,
        "Operating Income": 558,
        "EBIT": NaN,
        "Net Income": -538
    },
    "2014-12-31": {
        "Diluted EPS": -0.65,
        "Total Revenue": NaN,
        "Gross Profit": NaN,
        "Operating Income": 273,
        "EBIT": NaN,
        "Net Income": -523
    },
    "2014-09-30": {
        "Diluted EPS": 0.2,
        "Total Revenue": NaN,
        "Gross Profit": NaN,
        "Operating Income": 704,
        "EBIT": NaN,
        "Net Income": 157
    },
    "2014-06-30": {
        "Diluted EPS": -0.32,
        "Total Revenue": NaN,
        "Gross Profit": NaN,
        "Operating Income": 670,
        "EBIT": NaN,
        "Net Income": -250
    },
    "2014-03-31": {
        "Diluted EPS": -0.1,
        "Total Revenue": NaN,
        "Gross Profit": NaN,
        "Operating Income": 582,
        "EBIT": NaN,
        "Net Income": -79
    },
    "2013-12-31": {
        "Diluted EPS": -0.37,
        "Total Revenue": NaN,
        "Gross Profit": NaN,
        "Operating Income": 518,
        "EBIT": NaN,
        "Net Income": -121
    },
    "2013-09-30": {
        "Diluted EPS": -1.04,
        "Total Revenue": NaN,
        "Gross Profit": NaN,
        "Operating Income": 521,
        "EBIT": NaN,
        "Net Income": -830
    },
    "2013-06-30": {
        "Diluted EPS": -0.02,
        "Total Revenue": NaN,
        "Gross Profit": NaN,
        "Operating Income": 445,
        "EBIT": NaN,
        "Net Income": -12
    },
    "2013-03-31": {
        "Diluted EPS": -0.0,
        "Total Revenue": NaN,
        "Gross Profit": NaN,
        "Operating Income": 528,
        "EBIT": NaN,
        "Net Income": -1
    },
    "2012-12-31": {
        "Diluted EPS": -1.83,
        "Total Revenue": NaN,
        "Gross Profit": NaN,
        "Operating Income": 501,
        "EBIT": NaN,
        "Net Income": -331
    },
    "2012-09-30": {
        "Diluted EPS": -0.08,
        "Total Revenue": NaN,
        "Gross Profit": NaN,
        "Operating Income": 509,
        "EBIT": NaN,
        "Net Income": -22
    },
    "2012-06-30": {
        "Diluted EPS": 2.6,
        "Total Revenue": NaN,
        "Gross Profit": NaN,
        "Operating Income": 479,
        "EBIT": NaN,
        "Net Income": 702
    },
    "2012-03-31": {
        "Diluted EPS": -0.09,
        "Total Revenue": NaN,
        "Gross Profit": NaN,
        "Operating Income": 494,
        "EBIT": NaN,
        "Net Income": -25
    },
    "2011-12-31": {
        "Diluted EPS": -1.6,
        "Total Revenue": NaN,
        "Gross Profit": NaN,
        "Operating Income": 413,
        "EBIT": NaN,
        "Net Income": -435
    },
    "2011-09-30": {
        "Diluted EPS": -1.18,
        "Total Revenue": NaN,
        "Gross Profit": NaN,
        "Operating Income": 483,
        "EBIT": NaN,
        "Net Income": -333
    },
    "2011-06-30": {
        "Diluted EPS": -1.37,
        "Total Revenue": NaN,
        "Gross Profit": NaN,
        "Operating Income": 494,
        "EBIT": NaN,
        "Net Income": -347
    },
    "2011-03-31": {
        "Diluted EPS": 1.22,
        "Total Revenue": NaN,
        "Gross Profit": NaN,
        "Operating Income": 433,
        "EBIT": NaN,
        "Net Income": 342
    },
    "2010-12-31": {
        "Diluted EPS": 0.46,
        "Total Revenue": NaN,
        "Gross Profit": NaN,
        "Operating Income": 316,
        "EBIT": 829,
        "Net Income": 58
    },
    "2010-09-30": {
        "Diluted EPS": 0.99,
        "Total Revenue": NaN,
        "Gross Profit": NaN,
        "Operating Income": 447,
        "EBIT": NaN,
        "Net Income": 279
    },
    "2010-06-30": {
        "Diluted EPS": -2.66,
        "Total Revenue": NaN,
        "Gross Profit": NaN,
        "Operating Income": 327,
        "EBIT": 941,
        "Net Income": -684
    },
    "2010-03-31": {
        "Diluted EPS": 2.75,
        "Total Revenue": NaN,
        "Gross Profit": NaN,
        "Operating Income": 304,
        "EBIT": 918,
        "Net Income": 737
    },
    "2009-12-31": {
        "Diluted EPS": 0.34,
        "Total Revenue": NaN,
        "Gross Profit": 992,
        "Operating Income": 210,
        "EBIT": 697,
        "Net Income": 100
    },
    "2009-09-30": {
        "Diluted EPS": -0.45,
        "Total Revenue": NaN,
        "Gross Profit": NaN,
        "Operating Income": 309,
        "EBIT": 859,
        "Net Income": -120
    },
    "2009-06-30": {
        "Diluted EPS": -0.34,
        "Total Revenue": NaN,
        "Gross Profit": NaN,
        "Operating Income": 149,
        "EBIT": 672,
        "Net Income": -93
    },
    "2009-03-31": {
        "Diluted EPS": -1.08,
        "Total Revenue": NaN,
        "Gross Profit": NaN,
        "Operating Income": 237,
        "EBIT": 731,
        "Net Income": -299
    },
    "2023-09-30": {
        "Tax Effect Of Unusual Items": 247855000.0,
        "Tax Rate For Calcs": 0.19,
        "Normalized EBITDA": 341900000.0,
        "Total Unusual Items": 1304500000.0,
        "Total Unusual Items Excluding Goodwill": 1304500000.0,
        "Net Income From Continuing Operation Net Minority Interest": 659200000.0,
        "Reconciled Depreciation": 584000000.0,
        "Reconciled Cost Of Revenue": 586300000.0,
        "EBITDA": 1646400000.0,
        "EBIT": 1062400000.0,
        "Net Interest Income": -204900000.0,
        "Interest Expense": 241400000.0,
        "Interest Income": 36500000.0,
        "Normalized Income": -397445000.0,
        "Net Income From Continuing And Discontinued Operation": 659200000.0,
        "Total Expenses": 1895600000.0,
        "Total Operating Income As Reported": -27400000.0,
        "Diluted Average Shares": 420973362.0,
        "Basic Average Shares": 416014282.0,
        "Diluted EPS": 1.57,
        "Basic EPS": 1.58,
        "Diluted NI Availto Com Stockholders": 659200000.0,
        "Net Income Common Stockholders": 659200000.0,
        "Net Income": 659200000.0,
        "Minority Interests": -163500000.0,
        "Net Income Including Noncontrolling Interests": 822700000.0,
        "Net Income Discontinuous Operations": 0.0,
        "Net Income Continuous Operations": 822700000.0,
        "Tax Provision": -1700000.0,
        "Pretax Income": 821000000.0,
        "Other Income Expense": 1067000000.0,
        "Other Non Operating Income Expenses": 3300000.0,
        "Special Income Charges": 391500000.0,
        "Gain On Sale Of Ppe": 0.0,
        "Write Off": -13700000.0,
        "Restructuring And Mergern Acquisition": -377800000.0,
        "Earnings From Equity Interest": -240800000.0,
        "Gain On Sale Of Security": 913000000.0,
        "Net Non Operating Interest Income Expense": -204900000.0,
        "Interest Expense Non Operating": 241400000.0,
        "Interest Income Non Operating": 36500000.0,
        "Operating Income": -41100000.0,
        "Operating Expense": 1309300000.0,
        "Other Operating Expenses": 300000000.0,
        "Depreciation Amortization Depletion Income Statement": 584000000.0,
        "Depreciation And Amortization In Income Statement": 584000000.0,
        "Selling General And Administration": 425300000.0,
        "General And Administrative Expense": 425300000.0,
        "Other Gand A": 370500000.0,
        "Salaries And Wages": 54800000.0,
        "Gross Profit": 1268200000.0,
        "Cost Of Revenue": 586300000.0,
        "Total Revenue": 1854500000.0,
        "Operating Revenue": 1672300000.0
    },
    "2023-12-31": {
        "Tax Effect Of Unusual Items": -8669167.549612,
        "Tax Rate For Calcs": 0.005842,
        "Normalized EBITDA": -1122800000.0,
        "Total Unusual Items": -1484000000.0,
        "Total Unusual Items Excluding Goodwill": -1484000000.0,
        "Net Income From Continuing Operation Net Minority Interest": -3489900000.0,
        "Reconciled Depreciation": 633400000.0,
        "Reconciled Cost Of Revenue": 708300000.0,
        "EBITDA": -2606800000.0,
        "EBIT": -3240200000.0,
        "Net Interest Income": -179900000.0,
        "Interest Expense": 251900000.0,
        "Interest Income": 72000000.0,
        "Normalized Income": -2014569167.549612,
        "Net Income From Continuing And Discontinued Operation": -3489900000.0,
        "Total Expenses": 2064500000.0,
        "Total Operating Income As Reported": -205300000.0,
        "Diluted Average Shares": NaN,
        "Basic Average Shares": NaN,
        "Diluted EPS": NaN,
        "Basic EPS": NaN,
        "Diluted NI Availto Com Stockholders": -3489900000.0,
        "Net Income Common Stockholders": -3489900000.0,
        "Net Income": -3489900000.0,
        "Minority Interests": -18200000.0,
        "Net Income Including Noncontrolling Interests": -3471700000.0,
        "Net Income Discontinuous Operations": 0.0,
        "Net Income Continuous Operations": -3471700000.0,
        "Tax Provision": -20400000.0,
        "Pretax Income": -3492100000.0,
        "Other Income Expense": -3168900000.0,
        "Other Non Operating Income Expenses": -6700000.0,
        "Special Income Charges": -62700000.0,
        "Gain On Sale Of Ppe": 0.0,
        "Write Off": 61300000.0,
        "Restructuring And Mergern Acquisition": 0.0,
        "Earnings From Equity Interest": -1678200000.0,
        "Gain On Sale Of Security": -1421300000.0,
        "Net Non Operating Interest Income Expense": -179900000.0,
        "Interest Expense Non Operating": 251900000.0,
        "Interest Income Non Operating": 72000000.0,
        "Operating Income": -144000000.0,
        "Operating Expense": 1356200000.0,
        "Other Operating Expenses": 237700000.0,
        "Depreciation Amortization Depletion Income Statement": 633400000.0,
        "Depreciation And Amortization In Income Statement": 633400000.0,
        "Selling General And Administration": 485100000.0,
        "General And Administrative Expense": 141500000.0,
        "Other Gand A": 84900000.0,
        "Salaries And Wages": 56600000.0,
        "Gross Profit": 1212200000.0,
        "Cost Of Revenue": 708300000.0,
        "Total Revenue": 1920500000.0,
        "Operating Revenue": 2625300000.0
    },
    "2024-03-31": {
        "Tax Effect Of Unusual Items": 34762628.633327,
        "Tax Rate For Calcs": 0.048565,
        "Normalized EBITDA": 572300000.0,
        "Total Unusual Items": 715800000.0,
        "Total Unusual Items Excluding Goodwill": 715800000.0,
        "Net Income From Continuing Operation Net Minority Interest": 510000000.0,
        "Reconciled Depreciation": 480700000.0,
        "Reconciled Cost Of Revenue": 672100000.0,
        "EBITDA": 1288100000.0,
        "EBIT": 807400000.0,
        "Net Interest Income": -253500000.0,
        "Interest Expense": 253500000.0,
        "Interest Income": NaN,
        "Normalized Income": -171037371.366673,
        "Net Income From Continuing And Discontinued Operation": 510000000.0,
        "Total Expenses": 1889000000.0,
        "Total Operating Income As Reported": 22600000.0,
        "Diluted Average Shares": 385109631.0,
        "Basic Average Shares": 377747016.0,
        "Diluted EPS": 1.32,
        "Basic EPS": 1.35,
        "Diluted NI Availto Com Stockholders": 510000000.0,
        "Net Income Common Stockholders": 510000000.0,
        "Net Income": 510000000.0,
        "Minority Interests": -17000000.0,
        "Net Income Including Noncontrolling Interests": 527000000.0,
        "Net Income Discontinuous Operations": NaN,
        "Net Income Continuous Operations": 527000000.0,
        "Tax Provision": 26900000.0,
        "Pretax Income": 553900000.0,
        "Other Income Expense": 765900000.0,
        "Other Non Operating Income Expenses": 43500000.0,
        "Special Income Charges": -33500000.0,
        "Gain On Sale Of Ppe": NaN,
        "Write Off": 500000.0,
        "Restructuring And Mergern Acquisition": 33000000.0,
        "Earnings From Equity Interest": 6600000.0,
        "Gain On Sale Of Security": 749300000.0,
        "Net Non Operating Interest Income Expense": -253500000.0,
        "Interest Expense Non Operating": 253500000.0,
        "Interest Income Non Operating": NaN,
        "Operating Income": 56100000.0,
        "Operating Expense": 1216900000.0,
        "Other Operating Expenses": 303300000.0,
        "Depreciation Amortization Depletion Income Statement": 480700000.0,
        "Depreciation And Amortization In Income Statement": 480700000.0,
        "Selling General And Administration": 432900000.0,
        "General And Administrative Expense": 432900000.0,
        "Other Gand A": 388300000.0,
        "Salaries And Wages": 44600000.0,
        "Gross Profit": 1273000000.0,
        "Cost Of Revenue": 672100000.0,
        "Total Revenue": 1945100000.0,
        "Operating Revenue": 1634300000.0
    },
    "2024-06-30": {
        "Tax Effect Of Unusual Items": 91348169.097946,
        "Tax Rate For Calcs": 0.180709,
        "Normalized EBITDA": 613300000.0,
        "Total Unusual Items": 505500000.0,
        "Total Unusual Items Excluding Goodwill": 505500000.0,
        "Net Income From Continuing Operation Net Minority Interest": 268100000.0,
        "Reconciled Depreciation": 531400000.0,
        "Reconciled Cost Of Revenue": 589600000.0,
        "EBITDA": 1118800000.0,
        "EBIT": 587400000.0,
        "Net Interest Income": -175700000.0,
        "Interest Expense": 251500000.0,
        "Interest Income": 75800000.0,
        "Normalized Income": -146051830.902054,
        "Net Income From Continuing And Discontinued Operation": 268100000.0,
        "Total Expenses": 1849900000.0,
        "Total Operating Income As Reported": 19100000.0,
        "Diluted Average Shares": 377454014.0,
        "Basic Average Shares": 371200838.0,
        "Diluted EPS": 0.71,
        "Basic EPS": 0.72,
        "Diluted NI Availto Com Stockholders": 268100000.0,
        "Net Income Common Stockholders": 268100000.0,
        "Net Income": 268100000.0,
        "Minority Interests": -7100000.0,
        "Net Income Including Noncontrolling Interests": 275200000.0,
        "Net Income Discontinuous Operations": NaN,
        "Net Income Continuous Operations": 275200000.0,
        "Tax Provision": 60700000.0,
        "Pretax Income": 335900000.0,
        "Other Income Expense": 487800000.0,
        "Other Non Operating Income Expenses": 7900000.0,
        "Special Income Charges": 238200000.0,
        "Gain On Sale Of Ppe": 242900000.0,
        "Write Off": 4700000.0,
        "Restructuring And Mergern Acquisition": NaN,
        "Earnings From Equity Interest": -25600000.0,
        "Gain On Sale Of Security": 267300000.0,
        "Net Non Operating Interest Income Expense": -175700000.0,
        "Interest Expense Non Operating": 251500000.0,
        "Interest Income Non Operating": 75800000.0,
        "Operating Income": 23800000.0,
        "Operating Expense": 1260300000.0,
        "Other Operating Expenses": 286700000.0,
        "Depreciation Amortization Depletion Income Statement": 531400000.0,
        "Depreciation And Amortization In Income Statement": 531400000.0,
        "Selling General And Administration": 442200000.0,
        "General And Administrative Expense": 442200000.0,
        "Other Gand A": 392700000.0,
        "Salaries And Wages": 49500000.0,
        "Gross Profit": 1284100000.0,
        "Cost Of Revenue": 589600000.0,
        "Total Revenue": 1873700000.0,
        "Operating Revenue": 1601700000.0
    },
    "2024-09-30": {
        "Tax Effect Of Unusual Items": -301125000.0,
        "Tax Rate For Calcs": 0.25,
        "Normalized EBITDA": 546300000.0,
        "Total Unusual Items": -1204500000.0,
        "Total Unusual Items Excluding Goodwill": -1204500000.0,
        "Net Income From Continuing Operation Net Minority Interest": -1434100000.0,
        "Reconciled Depreciation": 500600000.0,
        "Reconciled Cost Of Revenue": 591600000.0,
        "EBITDA": -658200000.0,
        "EBIT": -1158800000.0,
        "Net Interest Income": -194000000.0,
        "Interest Expense": 251200000.0,
        "Interest Income": 57200000.0,
        "Normalized Income": -530725000.0,
        "Net Income From Continuing And Discontinued Operation": -1434100000.0,
        "Total Expenses": 1820400000.0,
        "Total Operating Income As Reported": 101300000.0,
        "Diluted Average Shares": 363156702.0,
        "Basic Average Shares": 363156702.0,
        "Diluted EPS": -3.95,
        "Basic EPS": -3.95,
        "Diluted NI Availto Com Stockholders": -1434100000.0,
        "Net Income Common Stockholders": -1434100000.0,
        "Net Income": -1434100000.0,
        "Minority Interests": -23200000.0,
        "Net Income Including Noncontrolling Interests": -1410900000.0,
        "Net Income Discontinuous Operations": NaN,
        "Net Income Continuous Operations": -1410900000.0,
        "Tax Provision": 900000.0,
        "Pretax Income": -1410000000.0,
        "Other Income Expense": -1330800000.0,
        "Other Non Operating Income Expenses": 6700000.0,
        "Special Income Charges": -13500000.0,
        "Gain On Sale Of Ppe": 0.0,
        "Write Off": 13500000.0,
        "Restructuring And Mergern Acquisition": 0.0,
        "Earnings From Equity Interest": -133000000.0,
        "Gain On Sale Of Security": -1191000000.0,
        "Net Non Operating Interest Income Expense": -194000000.0,
        "Interest Expense Non Operating": 251200000.0,
        "Interest Income Non Operating": 57200000.0,
        "Operating Income": 114800000.0,
        "Operating Expense": 1228800000.0,
        "Other Operating Expenses": 305400000.0,
        "Depreciation Amortization Depletion Income Statement": 500600000.0,
        "Depreciation And Amortization In Income Statement": 500600000.0,
        "Selling General And Administration": 422800000.0,
        "General And Administrative Expense": 422800000.0,
        "Other Gand A": 369900000.0,
        "Salaries And Wages": 52900000.0,
        "Gross Profit": 1343600000.0,
        "Cost Of Revenue": 591600000.0,
        "Total Revenue": 1935200000.0,
        "Operating Revenue": 1662000000.0
    }
}