{
    "2023-06-30": {
        "Tax Effect Of Unusual Items": -58368000.0,
        "Tax Rate For Calcs": 0.19,
        "Normalized EBITDA": 739700000.0,
        "Total Unusual Items": -307200000.0,
        "Total Unusual Items Excluding Goodwill": -307200000.0,
        "Net Income From Continuing Operation Net Minority Interest": -499600000.0,
        "Reconciled Depreciation": 570900000.0,
        "Reconciled Cost Of Revenue": 555700000.0,
        "EBITDA": 432500000.0,
        "EBIT": -138400000.0,
        "Net Interest Income": -143100000.0,
        "Interest Expense": 213700000.0,
        "Interest Income": 70600000.0,
        "Normalized Income": -250768000.0,
        "Net Income From Continuing And Discontinued Operation": -499600000.0,
        "Total Expenses": 1893300000.0,
        "Total Operating Income As Reported": -49200000.0,
        "Diluted NI Availto Com Stockholders": -499600000.0,
        "Net Income Common Stockholders": -499600000.0,
        "Net Income": -499600000.0,
        "Minority Interests": 11700000.0,
        "Net Income Including Noncontrolling Interests": -511300000.0,
        "Net Income Discontinuous Operations": 0.0,
        "Net Income Continuous Operations": -511300000.0,
        "Tax Provision": 159200000.0,
        "Pretax Income": -352100000.0,
        "Other Income Expense": -163700000.0,
        "Other Non Operating Income Expenses": 5200000.0,
        "Special Income Charges": -3900000.0,
        "Gain On Sale Of Ppe": 0.0,
        "Other Special Charges": NaN,
        "Write Off": 3900000.0,
        "Restructuring And Mergern Acquisition": NaN,
        "Earnings From Equity Interest": 138300000.0,
        "Gain On Sale Of Security": -303300000.0,
        "Net Non Operating Interest Income Expense": -143100000.0,
        "Interest Expense Non Operating": 213700000.0,
        "Interest Income Non Operating": 70600000.0,
        "Operating Income": -45300000.0,
        "Operating Expense": 1337600000.0,
        "Other Operating Expenses": 322000000.0,
        "Depreciation Amortization Depletion Income Statement": 570900000.0,
        "Depreciation And Amortization In Income Statement": 570900000.0,
        "Selling General And Administration": 444700000.0,
        "General And Administrative Expense": 444700000.0,
        "Other Gand A": 368900000.0,
        "Salaries And Wages": 75800000.0,
        "Gross Profit": 1292300000.0,
        "Cost Of Revenue": 555700000.0,
        "Total Revenue": 1848000000.0,
        "Operating Revenue": 1614200000.0
    },
    "2023-03-31": {
        "Tax Effect Of Unusual Items": -68248000.0,
        "Tax Rate For Calcs": 0.19,
        "Normalized EBITDA": 386000000.0,
        "Total Unusual Items": -359200000.0,
        "Total Unusual Items Excluding Goodwill": -359200000.0,
        "Net Income From Continuing Operation Net Minority Interest": -721400000.0,
        "Reconciled Depreciation": 526900000.0,
        "Reconciled Cost Of Revenue": 570700000.0,
        "EBITDA": 26800000.0,
        "EBIT": -500100000.0,
        "Net Interest Income": -167300000.0,
        "Interest Expense": 200900000.0,
        "Interest Income": 33600000.0,
        "Normalized Income": -430448000.0,
        "Net Income From Continuing And Discontinued Operation": -721400000.0,
        "Total Expenses": 1814600000.0,
        "Total Operating Income As Reported": 37400000.0,
        "Diluted NI Availto Com Stockholders": -721400000.0,
        "Net Income Common Stockholders": -721400000.0,
        "Net Income": -721400000.0,
        "Minority Interests": -7900000.0,
        "Net Income Including Noncontrolling Interests": -713500000.0,
        "Net Income Discontinuous Operations": 0.0,
        "Net Income Continuous Operations": -713500000.0,
        "Tax Provision": 12500000.0,
        "Pretax Income": -701000000.0,
        "Other Income Expense": -587500000.0,
        "Other Non Operating Income Expenses": 10300000.0,
        "Special Income Charges": -16400000.0,
        "Gain On Sale Of Ppe": NaN,
        "Other Special Charges": 2500000.0,
        "Write Off": 2500000.0,
        "Restructuring And Mergern Acquisition": 13900000.0,
        "Earnings From Equity Interest": -238600000.0,
        "Gain On Sale Of Security": -342800000.0,
        "Net Non Operating Interest Income Expense": -167300000.0,
        "Interest Expense Non Operating": 200900000.0,
        "Interest Income Non Operating": 33600000.0,
        "Operating Income": 53800000.0,
        "Operating Expense": 1243900000.0,
        "Other Operating Expenses": 299400000.0,
        "Depreciation Amortization Depletion Income Statement": 526900000.0,
        "Depreciation And Amortization In Income Statement": 526900000.0,
        "Selling General And Administration": 417600000.0,
        "General And Administrative Expense": 417600000.0,
        "Other Gand A": 373800000.0,
        "Salaries And Wages": 43800000.0,
        "Gross Profit": 1297700000.0,
        "Cost Of Revenue": 570700000.0,
        "Total Revenue": 1868400000.0,
        "Operating Revenue": 1579600000.0
    },
    "2022-12-31": {
        "Tax Effect Of Unusual Items": -448761000.0,
        "Tax Rate For Calcs": 0.19,
        "Normalized EBITDA": -1457600000.0,
        "Total Unusual Items": -2361900000.0,
        "Total Unusual Items Excluding Goodwill": -2361900000.0,
        "Net Income From Continuing Operation Net Minority Interest": -4697200000.0,
        "Reconciled Depreciation": 583000000.0,
        "Reconciled Cost Of Revenue": 584000000.0,
        "EBITDA": -3819500000.0,
        "EBIT": -4402500000.0,
        "Net Interest Income": -95900000.0,
        "Interest Expense": 172500000.0,
        "Interest Income": NaN,
        "Normalized Income": -2784061000.0,
        "Net Income From Continuing And Discontinued Operation": -4699700000.0,
        "Total Expenses": 1876300000.0,
        "Total Operating Income As Reported": -45400000.0,
        "Diluted NI Availto Com Stockholders": -4699700000.0,
        "Net Income Common Stockholders": -4699700000.0,
        "Net Income": -4699700000.0,
        "Minority Interests": -12900000.0,
        "Net Income Including Noncontrolling Interests": -4686800000.0,
        "Net Income Discontinuous Operations": -2500000.0,
        "Net Income Continuous Operations": -4684300000.0,
        "Tax Provision": 109300000.0,
        "Pretax Income": -4575000000.0,
        "Other Income Expense": -4444700000.0,
        "Other Non Operating Income Expenses": -2400000.0,
        "Special Income Charges": -10900000.0,
        "Gain On Sale Of Ppe": 100000.0,
        "Other Special Charges": 0.0,
        "Write Off": 11000000.0,
        "Restructuring And Mergern Acquisition": NaN,
        "Earnings From Equity Interest": -2080400000.0,
        "Gain On Sale Of Security": -2351000000.0,
        "Net Non Operating Interest Income Expense": -95900000.0,
        "Interest Expense Non Operating": 172500000.0,
        "Interest Income Non Operating": NaN,
        "Operating Income": -34400000.0,
        "Operating Expense": 1292300000.0,
        "Other Operating Expenses": 270600000.0,
        "Depreciation Amortization Depletion Income Statement": 583000000.0,
        "Depreciation And Amortization In Income Statement": 583000000.0,
        "Selling General And Administration": 438700000.0,
        "General And Administrative Expense": 110300000.0,
        "Other Gand A": 61600000.0,
        "Salaries And Wages": 48700000.0,
        "Gross Profit": 1257900000.0,
        "Cost Of Revenue": 584000000.0,
        "Total Revenue": 1841900000.0,
        "Operating Revenue": 2498800000.0
    },
    "2022-09-30": {
        "Tax Effect Of Unusual Items": 52125519.727619,
        "Tax Rate For Calcs": 0.025956,
        "Normalized EBITDA": 1144000000.0,
        "Total Unusual Items": 2008200000.0,
        "Total Unusual Items Excluding Goodwill": 2008200000.0,
        "Net Income From Continuing Operation Net Minority Interest": 2348000000.0,
        "Reconciled Depreciation": 506000000.0,
        "Reconciled Cost Of Revenue": 484300000.0,
        "EBITDA": 3152200000.0,
        "EBIT": 2646200000.0,
        "Net Interest Income": -149700000.0,
        "Interest Expense": 149700000.0,
        "Interest Income": NaN,
        "Normalized Income": 391925519.727619,
        "Net Income From Continuing And Discontinued Operation": 2348000000.0,
        "Total Expenses": 1631000000.0,
        "Total Operating Income As Reported": 108900000.0,
        "Diluted Average Shares": 482515940.0,
        "Basic Average Shares": 477176983.0,
        "Diluted EPS": 4.87,
        "Basic EPS": 4.92,
        "Diluted NI Availto Com Stockholders": 2348000000.0,
        "Net Income Common Stockholders": 2348000000.0,
        "Net Income": 2348000000.0,
        "Minority Interests": -83700000.0,
        "Net Income Including Noncontrolling Interests": 2431700000.0,
        "Net Income Discontinuous Operations": 0.0,
        "Net Income Continuous Operations": 2431700000.0,
        "Tax Provision": 64800000.0,
        "Pretax Income": 2496500000.0,
        "Other Income Expense": 2530900000.0,
        "Other Non Operating Income Expenses": 21700000.0,
        "Special Income Charges": 700000.0,
        "Gain On Sale Of Ppe": 7100000.0,
        "Other Special Charges": NaN,
        "Write Off": 6400000.0,
        "Restructuring And Mergern Acquisition": NaN,
        "Earnings From Equity Interest": 501000000.0,
        "Gain On Sale Of Security": 2007500000.0,
        "Net Non Operating Interest Income Expense": -149700000.0,
        "Interest Expense Non Operating": 149700000.0,
        "Interest Income Non Operating": NaN,
        "Operating Income": 115300000.0,
        "Operating Expense": 1146700000.0,
        "Other Operating Expenses": 274600000.0,
        "Depreciation Amortization Depletion Income Statement": 506000000.0,
        "Depreciation And Amortization In Income Statement": 506000000.0,
        "Selling General And Administration": 366100000.0,
        "General And Administrative Expense": 366100000.0,
        "Other Gand A": 323400000.0,
        "Salaries And Wages": 42700000.0,
        "Gross Profit": 1262000000.0,
        "Cost Of Revenue": 484300000.0,
        "Total Revenue": 1746300000.0,
        "Operating Revenue": 1746300000.0
    },
    "2022-06-30": {
        "Tax Effect Of Unusual Items": 62038332.338648,
        "Tax Rate For Calcs": 0.027112,
        "Normalized EBITDA": 708200000.0,
        "Total Unusual Items": 2288200000.0,
        "Total Unusual Items Excluding Goodwill": 2288200000.0,
        "Net Income From Continuing Operation Net Minority Interest": 1937700000.0,
        "Reconciled Depreciation": 517700000.0,
        "Reconciled Cost Of Revenue": 480600000.0,
        "EBITDA": 2996400000.0,
        "EBIT": 2478700000.0,
        "Net Interest Income": -132900000.0,
        "Interest Expense": 132900000.0,
        "Interest Income": NaN,
        "Normalized Income": -288461667.661352,
        "Net Income From Continuing And Discontinued Operation": 2786600000.0,
        "Total Expenses": 1671400000.0,
        "Total Operating Income As Reported": 24500000.0,
        "Diluted Average Shares": 509442605.0,
        "Basic Average Shares": 501406664.0,
        "Diluted EPS": 5.47,
        "Basic EPS": 5.56,
        "Diluted NI Availto Com Stockholders": 2786600000.0,
        "Net Income Common Stockholders": 2786600000.0,
        "Net Income": 2786600000.0,
        "Minority Interests": -344500000.0,
        "Net Income Including Noncontrolling Interests": 3131100000.0,
        "Net Income Discontinuous Operations": 848900000.0,
        "Net Income Continuous Operations": 2282200000.0,
        "Tax Provision": 63600000.0,
        "Pretax Income": 2345800000.0,
        "Other Income Expense": 2395900000.0,
        "Other Non Operating Income Expenses": 26600000.0,
        "Special Income Charges": 637800000.0,
        "Gain On Sale Of Ppe": 693300000.0,
        "Other Special Charges": -2800000.0,
        "Write Off": 58300000.0,
        "Restructuring And Mergern Acquisition": NaN,
        "Earnings From Equity Interest": 81100000.0,
        "Gain On Sale Of Security": 1650400000.0,
        "Net Non Operating Interest Income Expense": -132900000.0,
        "Interest Expense Non Operating": 132900000.0,
        "Interest Income Non Operating": NaN,
        "Operating Income": 82800000.0,
        "Operating Expense": 1190800000.0,
        "Other Operating Expenses": 265200000.0,
        "Depreciation Amortization Depletion Income Statement": 517700000.0,
        "Depreciation And Amortization In Income Statement": 517700000.0,
        "Selling General And Administration": 407900000.0,
        "General And Administrative Expense": 407900000.0,
        "Other Gand A": 358600000.0,
        "Salaries And Wages": 49300000.0,
        "Gross Profit": 1273600000.0,
        "Cost Of Revenue": 480600000.0,
        "Total Revenue": 1754200000.0,
        "Operating Revenue": 1754200000.0
    },
    "2022-03-31": {
        "Diluted EPS": 1.95,
        "Total Revenue": NaN,
        "Gross Profit": NaN,
        "Operating Income": 59,
        "EBIT": 629,
        "Net Income": NaN
    },
    "2021-12-31": {
        "Diluted EPS": 1.18,
        "Total Revenue": NaN,
        "Gross Profit": NaN,
        "Operating Income": 81,
        "EBIT": 696,
        "Net Income": 636
    },
    "2021-09-30": {
        "Diluted EPS": 0.49,
        "Total Revenue": NaN,
        "Gross Profit": NaN,
        "Operating Income": 101,
        "EBIT": 690,
        "Net Income": 277
    },
    "2021-06-30": {
        "Diluted EPS": 19.55,
        "Total Revenue": NaN,
        "Gross Profit": NaN,
        "Operating Income": 537,
        "EBIT": NaN,
        "Net Income": NaN
    },
    "2021-03-31": {
        "Diluted EPS": 2.37,
        "Total Revenue": NaN,
        "Gross Profit": NaN,
        "Operating Income": 601,
        "EBIT": NaN,
        "Net Income": NaN
    },
    "2020-12-31": {
        "Diluted EPS": -1.61,
        "Total Revenue": NaN,
        "Gross Profit": NaN,
        "Operating Income": 580,
        "EBIT": NaN,
        "Net Income": NaN
    },
    "2020-09-30": {
        "Diluted EPS": -1.73,
        "Total Revenue": NaN,
        "Gross Profit": NaN,
        "Operating Income": 644,
        "EBIT": NaN,
        "Net Income": NaN
    },
    "2020-06-30": {
        "Diluted EPS": -0.86,
        "Total Revenue": NaN,
        "Gross Profit": NaN,
        "Operating Income": 527,
        "EBIT": NaN,
        "Net Income": -524
    },
    "2020-03-31": {
        "Diluted EPS": 1.5,
        "Total Revenue": NaN,
        "Gross Profit": NaN,
        "Operating Income": 281,
        "EBIT": NaN,
        "Net Income": 950
    },
    "2019-12-31": {
        "Diluted EPS": 16.48,
        "Total Revenue": NaN,
        "Gross Profit": 654,
        "Operating Income": 197,
        "EBIT": NaN,
        "Net Income": NaN
    },
    "2019-09-30": {
        "Diluted EPS": 0.77,
        "Total Revenue": NaN,
        "Gross Profit": NaN,
        "Operating Income": 209,
        "EBIT": NaN,
        "Net Income": NaN
    },
    "2019-06-30": {
        "Diluted EPS": -0.5,
        "Total Revenue": NaN,
        "Gross Profit": NaN,
        "Operating Income": 149,
        "EBIT": NaN,
        "Net Income": 53
    },
    "2019-03-31": {
        "Diluted EPS": -0.43,
        "Total Revenue": NaN,
        "Gross Profit": NaN,
        "Operating Income": 106,
        "EBIT": NaN,
        "Net Income": 7
    },
    "2018-12-31": {
        "Diluted EPS": -0.5,
        "Total Revenue": NaN,
        "Gross Profit": 886,
        "Operating Income": 252,
        "EBIT": NaN,
        "Net Income": 25
    },
    "2018-09-30": {
        "Diluted EPS": -0.57,
        "Total Revenue": NaN,
        "Gross Profit": NaN,
        "Operating Income": 205,
        "EBIT": NaN,
        "Net Income": 974
    },
    "2018-06-30": {
        "Diluted EPS": 0.8,
        "Total Revenue": NaN,
        "Gross Profit": NaN,
        "Operating Income": 264,
        "EBIT": NaN,
        "Net Income": 913
    },
    "2018-03-31": {
        "Diluted EPS": -1.7,
        "Total Revenue": NaN,
        "Gross Profit": NaN,
        "Operating Income": 118,
        "EBIT": NaN,
        "Net Income": NaN
    },
    "2017-12-31": {
        "Diluted EPS": -0.91,
        "Total Revenue": NaN,
        "Gross Profit": NaN,
        "Operating Income": -65,
        "EBIT": 997,
        "Net Income": -992
    },
    "2017-09-30": {
        "Diluted EPS": -0.7,
        "Total Revenue": NaN,
        "Gross Profit": NaN,
        "Operating Income": 222,
        "EBIT": NaN,
        "Net Income": -792
    },
    "2017-06-30": {
        "Diluted EPS": -0.9,
        "Total Revenue": NaN,
        "Gross Profit": NaN,
        "Operating Income": 209,
        "EBIT": 885,
        "Net Income": -674
    },
    "2017-03-31": {
        "Diluted EPS": -0.35,
        "Total Revenue": NaN,
        "Gross Profit": NaN,
        "Operating Income": 427,
        "EBIT": NaN,
        "Net Income": -320
    },
    "2016-12-31": {
        "Diluted EPS": 2.35,
        "Total Revenue": NaN,
        "Gross Profit": -938,
        "Operating Income": -407,
        "EBIT": -680,
        "Net Income": NaN
    },
    "2016-09-30": {
        "Diluted EPS": -0.23,
        "Total Revenue": NaN,
        "Gross Profit": NaN,
        "Operating Income": 903,
        "EBIT": NaN,
        "Net Income": -250
    },
    "2016-06-30": {
        "Diluted EPS": 0.11,
        "Total Revenue": NaN,
        "Gross Profit": NaN,
        "Operating Income": 488,
        "EBIT": NaN,
        "Net Income": 101
    },
    "2016-03-31": {
        "Diluted EPS": -0.42,
        "Total Revenue": NaN,
        "Gross Profit": NaN,
        "Operating Income": 587,
        "EBIT": NaN,
        "Net Income": -369
    },
    "2015-12-31": {
        "Diluted EPS": -0.29,
        "Total Revenue": NaN,
        "Gross Profit": NaN,
        "Operating Income": 373,
        "EBIT": NaN,
        "Net Income": -284
    },
    "2015-09-30": {
        "Diluted EPS": 0.14,
        "Total Revenue": NaN,
        "Gross Profit": NaN,
        "Operating Income": 546,
        "EBIT": NaN,
        "Net Income": 133
    },
    "2015-06-30": {
        "Diluted EPS": -0.51,
        "Total Revenue": NaN,
        "Gross Profit": NaN,
        "Operating Income": 625,
        "EBIT": NaN,
        "Net Income": -465
    },
    "2015-03-31": {
        "Diluted EPS": -0.61,
        "Total Revenue": NaN,
        "Gross Profit": NaN,
        "Operating Income": 558,
        "EBIT": NaN,
        "Net Income": -538
    },
    "2014-12-31": {
        "Diluted EPS": -0.65,
        "Total Revenue": NaN,
        "Gross Profit": NaN,
        "Operating Income": 273,
        "EBIT": NaN,
        "Net Income": -523
    },
    "2014-09-30": {
        "Diluted EPS": 0.2,
        "Total Revenue": NaN,
        "Gross Profit": NaN,
        "Operating Income": 704,
        "EBIT": NaN,
        "Net Income": 157
    },
    "2014-06-30": {
        "Diluted EPS": -0.32,
        "Total Revenue": NaN,
        "Gross Profit": NaN,
        "Operating Income": 670,
        "EBIT": NaN,
        "Net Income": -250
    },
    "2014-03-31": {
        "Diluted EPS": -0.1,
        "Total Revenue": NaN,
        "Gross Profit": NaN,
        "Operating Income": 582,
        "EBIT": NaN,
        "Net Income": -79
    },
    "2013-12-31": {
        "Diluted EPS": -0.37,
        "Total Revenue": NaN,
        "Gross Profit": NaN,
        "Operating Income": 518,
        "EBIT": NaN,
        "Net Income": -121
    },
    "2013-09-30": {
        "Diluted EPS": -1.04,
        "Total Revenue": NaN,
        "Gross Profit": NaN,
        "Operating Income": 521,
        "EBIT": NaN,
        "Net Income": -830
    },
    "2013-06-30": {
        "Diluted EPS": -0.02,
        "Total Revenue": NaN,
        "Gross Profit": NaN,
        "Operating Income": 445,
        "EBIT": NaN,
        "Net Income": -12
    },
    "2013-03-31": {
        "Diluted EPS": -0.0,
        "Total Revenue": NaN,
        "Gross Profit": NaN,
        "Operating Income": 528,
        "EBIT": NaN,
        "Net Income": -1
    },
    "2012-12-31": {
        "Diluted EPS": -1.83,
        "Total Revenue": NaN,
        "Gross Profit": NaN,
        "Operating Income": 501,
        "EBIT": NaN,
        "Net Income": -331
    },
    "2012-09-30": {
        "Diluted EPS": -0.08,
        "Total Revenue": NaN,
        "Gross Profit": NaN,
        "Operating Income": 509,
        "EBIT": NaN,
        "Net Income": -22
    },
    "2012-06-30": {
        "Diluted EPS": 2.6,
        "Total Revenue": NaN,
        "Gross Profit": NaN,
        "Operating Income": 479,
        "EBIT": NaN,
        "Net Income": 702
    },
    "2012-03-31": {
        "Diluted EPS": -0.09,
        "Total Revenue": NaN,
        "Gross Profit": NaN,
        "Operating Income": 494,
        "EBIT": NaN,
        "Net Income": -25
    },
    "2011-12-31": {
        "Diluted EPS": -1.6,
        "Total Revenue": NaN,
        "Gross Profit": NaN,
        "Operating Income": 413,
        "EBIT": NaN,
        "Net Income": -435
    },
    "2011-09-30": {
        "Diluted EPS": -1.18,
        "Total Revenue": NaN,
        "Gross Profit": NaN,
        "Operating Income": 483,
        "EBIT": NaN,
        "Net Income": -333
    },
    "2011-06-30": {
        "Diluted EPS": -1.37,
        "Total Revenue": NaN,
        "Gross Profit": NaN,
        "Operating Income": 494,
        "EBIT": NaN,
        "Net Income": -347
    },
    "2011-03-31": {
        "Diluted EPS": 1.22,
        "Total Revenue": NaN,
        "Gross Profit": NaN,
        "Operating Income": 433,
        "EBIT": NaN,
        "Net Income": 342
    },
    "2010-12-31": {
        "Diluted EPS": 0.46,
        "Total Revenue": NaN,
        "Gross Profit": NaN,
        "Operating Income": 316,
        "EBIT": 829,
        "Net Income": 58
    },
    "2010-09-30": {
        "Diluted EPS": 0.99,
        "Total Revenue": NaN,
        "Gross Profit": NaN,
        "Operating Income": 447,
        "EBIT": NaN,
        "Net Income": 279
    },
    "2010-06-30": {
        "Diluted EPS": -2.66,
        "Total Revenue": NaN,
        "Gross Profit": NaN,
        "Operating Income": 327,
        "EBIT": 941,
        "Net Income": -684
    },
    "2010-03-31": {
        "Diluted EPS": 2.75,
        "Total Revenue": NaN,
        "Gross Profit": NaN,
        "Operating Income": 304,
        "EBIT": 918,
        "Net Income": 737
    },
    "2009-12-31": {
        "Diluted EPS": 0.34,
        "Total Revenue": NaN,
        "Gross Profit": 992,
        "Operating Income": 210,
        "EBIT": 697,
        "Net Income": 100
    },
    "2009-09-30": {
        "Diluted EPS": -0.45,
        "Total Revenue": NaN,
        "Gross Profit": NaN,
        "Operating Income": 309,
        "EBIT": 859,
        "Net Income": -120
    },
    "2009-06-30": {
        "Diluted EPS": -0.34,
        "Total Revenue": NaN,
        "Gross Profit": NaN,
        "Operating Income": 149,
        "EBIT": 672,
        "Net Income": -93
    },
    "2009-03-31": {
        "Diluted EPS": -1.08,
        "Total Revenue": NaN,
        "Gross Profit": NaN,
        "Operating Income": 237,
        "EBIT": 731,
        "Net Income": -299
    },
    "2023-09-30": {
        "Tax Effect Of Unusual Items": 247855000.0,
        "Tax Rate For Calcs": 0.19,
        "Normalized EBITDA": 341900000.0,
        "Total Unusual Items": 1304500000.0,
        "Total Unusual Items Excluding Goodwill": 1304500000.0,
        "Net Income From Continuing Operation Net Minority Interest": 659200000.0,
        "Reconciled Depreciation": 584000000.0,
        "Reconciled Cost Of Revenue": 550000000.0,
        "EBITDA": 1646400000.0,
        "EBIT": 1062400000.0,
        "Net Interest Income": -204900000.0,
        "Interest Expense": 241400000.0,
        "Interest Income": 36500000.0,
        "Normalized Income": -397445000.0,
        "Net Income From Continuing And Discontinued Operation": 659200000.0,
        "Total Expenses": 1895600000.0,
        "Total Operating Income As Reported": -27400000.0,
        "Diluted NI Availto Com Stockholders": 659200000.0,
        "Net Income Common Stockholders": 659200000.0,
        "Net Income": 659200000.0,
        "Minority Interests": -163500000.0,
        "Net Income Including Noncontrolling Interests": 822700000.0,
        "Net Income Discontinuous Operations": 0.0,
        "Net Income Continuous Operations": 822700000.0,
        "Tax Provision": -1700000.0,
        "Pretax Income": 821000000.0,
        "Other Income Expense": 1067000000.0,
        "Other Non Operating Income Expenses": 3300000.0,
        "Special Income Charges": 391500000.0,
        "Gain On Sale Of Ppe": 0.0,
        "Other Special Charges": NaN,
        "Write Off": -13700000.0,
        "Restructuring And Mergern Acquisition": -377800000.0,
        "Earnings From Equity Interest": -240800000.0,
        "Gain On Sale Of Security": 913000000.0,
        "Net Non Operating Interest Income Expense": -204900000.0,
        "Interest Expense Non Operating": 241400000.0,
        "Interest Income Non Operating": 36500000.0,
        "Operating Income": -41100000.0,
        "Operating Expense": 1345600000.0,
        "Other Operating Expenses": 336300000.0,
        "Depreciation Amortization Depletion Income Statement": 584000000.0,
        "Depreciation And Amortization In Income Statement": 584000000.0,
        "Selling General And Administration": 425300000.0,
        "General And Administrative Expense": 425300000.0,
        "Other Gand A": 370500000.0,
        "Salaries And Wages": 54800000.0,
        "Gross Profit": 1304500000.0,
        "Cost Of Revenue": 550000000.0,
        "Total Revenue": 1854500000.0,
        "Operating Revenue": 1672300000.0
    }
}