{
    "2023-12-31": {
        "Tax Effect Of Unusual Items": 0.0,
        "Tax Rate For Calcs": 0.0,
        "Normalized EBITDA": -6182000.0,
        "Total Unusual Items": -5000.0,
        "Total Unusual Items Excluding Goodwill": -5000.0,
        "Net Income From Continuing Operation Net Minority Interest": -4775000.0,
        "Reconciled Depreciation": 175000.0,
        "Reconciled Cost Of Revenue": 256000.0,
        "EBITDA": -6187000.0,
        "EBIT": -6362000.0,
        "Net Interest Income": 404000.0,
        "Interest Income": 404000.0,
        "Normalized Income": -4770000.0,
        "Net Income From Continuing And Discontinued Operation": -4775000.0,
        "Total Expenses": 8450000.0,
        "Total Operating Income As Reported": -6362000.0,
        "Diluted Average Shares": NaN,
        "Basic Average Shares": NaN,
        "Diluted EPS": NaN,
        "Basic EPS": NaN,
        "Diluted NI Availto Com Stockholders": -4775000.0,
        "Net Income Common Stockholders": -4775000.0,
        "Net Income": -4775000.0,
        "Minority Interests": -61000.0,
        "Net Income Including Noncontrolling Interests": -4714000.0,
        "Net Income Continuous Operations": -4714000.0,
        "Tax Provision": 0.0,
        "Pretax Income": -4714000.0,
        "Other Income Expense": 1244000.0,
        "Other Non Operating Income Expenses": 1249000.0,
        "Special Income Charges": NaN,
        "Gain On Sale Of Security": -5000.0,
        "Net Non Operating Interest Income Expense": 404000.0,
        "Interest Income Non Operating": 404000.0,
        "Operating Income": -6362000.0,
        "Operating Expense": 8194000.0,
        "Research And Development": 3906000.0,
        "Selling General And Administration": 4288000.0,
        "General And Administrative Expense": 4288000.0,
        "Other Gand A": 4288000.0,
        "Gross Profit": 1832000.0,
        "Cost Of Revenue": 256000.0,
        "Total Revenue": 2088000.0,
        "Operating Revenue": 2088000.0
    },
    "2023-09-30": {
        "Tax Effect Of Unusual Items": 0.0,
        "Tax Rate For Calcs": 0.0,
        "Normalized EBITDA": -6469000.0,
        "Total Unusual Items": -60000.0,
        "Total Unusual Items Excluding Goodwill": -60000.0,
        "Net Income From Continuing Operation Net Minority Interest": -7110000.0,
        "Reconciled Depreciation": 176000.0,
        "Reconciled Cost Of Revenue": 169000.0,
        "EBITDA": -6529000.0,
        "EBIT": -6705000.0,
        "Net Interest Income": 433000.0,
        "Interest Income": 433000.0,
        "Normalized Income": -7050000.0,
        "Net Income From Continuing And Discontinued Operation": -7110000.0,
        "Total Expenses": 7951000.0,
        "Total Operating Income As Reported": -6705000.0,
        "Diluted Average Shares": 174868000.0,
        "Basic Average Shares": 174868000.0,
        "Diluted EPS": -0.04,
        "Basic EPS": -0.04,
        "Diluted NI Availto Com Stockholders": -7110000.0,
        "Net Income Common Stockholders": -7110000.0,
        "Net Income": -7110000.0,
        "Minority Interests": 48000.0,
        "Net Income Including Noncontrolling Interests": -7158000.0,
        "Net Income Continuous Operations": -7158000.0,
        "Tax Provision": 0.0,
        "Pretax Income": -7158000.0,
        "Other Income Expense": -886000.0,
        "Other Non Operating Income Expenses": -826000.0,
        "Special Income Charges": NaN,
        "Gain On Sale Of Security": -60000.0,
        "Net Non Operating Interest Income Expense": 433000.0,
        "Interest Income Non Operating": 433000.0,
        "Operating Income": -6705000.0,
        "Operating Expense": 7782000.0,
        "Research And Development": 3741000.0,
        "Selling General And Administration": 4041000.0,
        "General And Administrative Expense": 4041000.0,
        "Other Gand A": 4041000.0,
        "Gross Profit": 1077000.0,
        "Cost Of Revenue": 169000.0,
        "Total Revenue": 1246000.0,
        "Operating Revenue": 1246000.0
    },
    "2023-06-30": {
        "Tax Effect Of Unusual Items": 0.0,
        "Tax Rate For Calcs": 0.0,
        "Normalized EBITDA": -4207000.0,
        "Total Unusual Items": -647000.0,
        "Total Unusual Items Excluding Goodwill": -647000.0,
        "Net Income From Continuing Operation Net Minority Interest": -5229000.0,
        "Reconciled Depreciation": 170000.0,
        "Reconciled Cost Of Revenue": 127000.0,
        "EBITDA": -4854000.0,
        "EBIT": -5024000.0,
        "Net Interest Income": 382000.0,
        "Interest Income": 382000.0,
        "Normalized Income": -4582000.0,
        "Net Income From Continuing And Discontinued Operation": -5229000.0,
        "Total Expenses": 8249000.0,
        "Total Operating Income As Reported": -5024000.0,
        "Diluted Average Shares": 170592000.0,
        "Basic Average Shares": 170592000.0,
        "Diluted EPS": -0.03,
        "Basic EPS": -0.03,
        "Diluted NI Availto Com Stockholders": -5229000.0,
        "Net Income Common Stockholders": -5229000.0,
        "Net Income": -5229000.0,
        "Minority Interests": -26000.0,
        "Net Income Including Noncontrolling Interests": -5203000.0,
        "Net Income Continuous Operations": -5203000.0,
        "Tax Provision": 0.0,
        "Pretax Income": -5203000.0,
        "Other Income Expense": -561000.0,
        "Other Non Operating Income Expenses": 86000.0,
        "Special Income Charges": NaN,
        "Gain On Sale Of Security": -647000.0,
        "Net Non Operating Interest Income Expense": 382000.0,
        "Interest Income Non Operating": 382000.0,
        "Operating Income": -5024000.0,
        "Operating Expense": 8122000.0,
        "Research And Development": 3873000.0,
        "Selling General And Administration": 4249000.0,
        "General And Administrative Expense": 4249000.0,
        "Other Gand A": 4249000.0,
        "Gross Profit": 3098000.0,
        "Cost Of Revenue": 127000.0,
        "Total Revenue": 3225000.0,
        "Operating Revenue": 3225000.0
    },
    "2023-03-31": {
        "Tax Effect Of Unusual Items": NaN,
        "Tax Rate For Calcs": NaN,
        "Normalized EBITDA": NaN,
        "Total Unusual Items": NaN,
        "Total Unusual Items Excluding Goodwill": NaN,
        "Net Income From Continuing Operation Net Minority Interest": NaN,
        "Reconciled Depreciation": NaN,
        "Reconciled Cost Of Revenue": NaN,
        "EBITDA": NaN,
        "EBIT": NaN,
        "Net Interest Income": NaN,
        "Interest Income": NaN,
        "Normalized Income": NaN,
        "Net Income From Continuing And Discontinued Operation": NaN,
        "Total Expenses": NaN,
        "Total Operating Income As Reported": NaN,
        "Diluted Average Shares": 170127000.0,
        "Basic Average Shares": 170127000.0,
        "Diluted EPS": -0.03,
        "Basic EPS": -0.03,
        "Diluted NI Availto Com Stockholders": NaN,
        "Net Income Common Stockholders": NaN,
        "Net Income": NaN,
        "Minority Interests": NaN,
        "Net Income Including Noncontrolling Interests": NaN,
        "Net Income Continuous Operations": NaN,
        "Tax Provision": NaN,
        "Pretax Income": NaN,
        "Other Income Expense": NaN,
        "Other Non Operating Income Expenses": 457000.0,
        "Special Income Charges": NaN,
        "Gain On Sale Of Security": NaN,
        "Net Non Operating Interest Income Expense": NaN,
        "Interest Income Non Operating": NaN,
        "Operating Income": NaN,
        "Operating Expense": NaN,
        "Research And Development": NaN,
        "Selling General And Administration": NaN,
        "General And Administrative Expense": NaN,
        "Other Gand A": NaN,
        "Gross Profit": NaN,
        "Cost Of Revenue": NaN,
        "Total Revenue": NaN,
        "Operating Revenue": NaN
    },
    "2024-03-31": {
        "Tax Effect Of Unusual Items": 0.0,
        "Tax Rate For Calcs": 0.0,
        "Normalized EBITDA": -6127000.0,
        "Total Unusual Items": -359000.0,
        "Total Unusual Items Excluding Goodwill": -359000.0,
        "Net Income From Continuing Operation Net Minority Interest": -6542000.0,
        "Reconciled Depreciation": 175000.0,
        "Reconciled Cost Of Revenue": 98000.0,
        "EBITDA": -6486000.0,
        "EBIT": -6661000.0,
        "Net Interest Income": 462000.0,
        "Interest Income": 462000.0,
        "Normalized Income": -6183000.0,
        "Net Income From Continuing And Discontinued Operation": -6542000.0,
        "Total Expenses": 8105000.0,
        "Total Operating Income As Reported": -6661000.0,
        "Diluted Average Shares": 182909000.0,
        "Basic Average Shares": 182909000.0,
        "Diluted EPS": -0.04,
        "Basic EPS": -0.04,
        "Diluted NI Availto Com Stockholders": -6542000.0,
        "Net Income Common Stockholders": -6542000.0,
        "Net Income": -6542000.0,
        "Minority Interests": 16000.0,
        "Net Income Including Noncontrolling Interests": -6558000.0,
        "Net Income Continuous Operations": -6558000.0,
        "Tax Provision": 0.0,
        "Pretax Income": -6558000.0,
        "Other Income Expense": -359000.0,
        "Other Non Operating Income Expenses": NaN,
        "Special Income Charges": NaN,
        "Gain On Sale Of Security": -359000.0,
        "Net Non Operating Interest Income Expense": 462000.0,
        "Interest Income Non Operating": 462000.0,
        "Operating Income": -6661000.0,
        "Operating Expense": 8007000.0,
        "Research And Development": 3010000.0,
        "Selling General And Administration": 4997000.0,
        "General And Administrative Expense": 4997000.0,
        "Other Gand A": 4997000.0,
        "Gross Profit": 1346000.0,
        "Cost Of Revenue": 98000.0,
        "Total Revenue": 1444000.0,
        "Operating Revenue": 1444000.0
    },
    "2022-12-31": {
        "Tax Effect Of Unusual Items": NaN,
        "Tax Rate For Calcs": NaN,
        "Normalized EBITDA": NaN,
        "Total Unusual Items": NaN,
        "Total Unusual Items Excluding Goodwill": NaN,
        "Net Income From Continuing Operation Net Minority Interest": NaN,
        "Reconciled Depreciation": NaN,
        "Reconciled Cost Of Revenue": NaN,
        "EBITDA": NaN,
        "EBIT": NaN,
        "Net Interest Income": NaN,
        "Interest Income": NaN,
        "Normalized Income": NaN,
        "Net Income From Continuing And Discontinued Operation": NaN,
        "Total Expenses": NaN,
        "Total Operating Income As Reported": NaN,
        "Diluted Average Shares": NaN,
        "Basic Average Shares": NaN,
        "Diluted EPS": NaN,
        "Basic EPS": NaN,
        "Diluted NI Availto Com Stockholders": NaN,
        "Net Income Common Stockholders": NaN,
        "Net Income": NaN,
        "Minority Interests": NaN,
        "Net Income Including Noncontrolling Interests": NaN,
        "Net Income Continuous Operations": NaN,
        "Tax Provision": NaN,
        "Pretax Income": NaN,
        "Other Income Expense": NaN,
        "Other Non Operating Income Expenses": NaN,
        "Special Income Charges": 0.0,
        "Gain On Sale Of Security": NaN,
        "Net Non Operating Interest Income Expense": NaN,
        "Interest Income Non Operating": NaN,
        "Operating Income": NaN,
        "Operating Expense": NaN,
        "Research And Development": NaN,
        "Selling General And Administration": NaN,
        "General And Administrative Expense": NaN,
        "Other Gand A": NaN,
        "Gross Profit": NaN,
        "Cost Of Revenue": NaN,
        "Total Revenue": NaN,
        "Operating Revenue": NaN
    },
    "2022-09-30": {
        "Tax Effect Of Unusual Items": NaN,
        "Tax Rate For Calcs": NaN,
        "Normalized EBITDA": NaN,
        "Total Unusual Items": NaN,
        "Total Unusual Items Excluding Goodwill": NaN,
        "Net Income From Continuing Operation Net Minority Interest": NaN,
        "Reconciled Depreciation": NaN,
        "Reconciled Cost Of Revenue": NaN,
        "EBITDA": NaN,
        "EBIT": NaN,
        "Net Interest Income": NaN,
        "Interest Income": NaN,
        "Normalized Income": NaN,
        "Net Income From Continuing And Discontinued Operation": NaN,
        "Total Expenses": NaN,
        "Total Operating Income As Reported": NaN,
        "Diluted Average Shares": 169786000.0,
        "Basic Average Shares": 169786000.0,
        "Diluted EPS": -0.04,
        "Basic EPS": -0.04,
        "Diluted NI Availto Com Stockholders": NaN,
        "Net Income Common Stockholders": NaN,
        "Net Income": NaN,
        "Minority Interests": NaN,
        "Net Income Including Noncontrolling Interests": NaN,
        "Net Income Continuous Operations": NaN,
        "Tax Provision": NaN,
        "Pretax Income": NaN,
        "Other Income Expense": NaN,
        "Other Non Operating Income Expenses": NaN,
        "Special Income Charges": 0.0,
        "Gain On Sale Of Security": NaN,
        "Net Non Operating Interest Income Expense": NaN,
        "Total Other Finance Cost": -384000.0,
        "Interest Income Non Operating": NaN,
        "Operating Income": NaN,
        "Operating Expense": NaN,
        "Research And Development": NaN,
        "Selling General And Administration": NaN,
        "General And Administrative Expense": NaN,
        "Other Gand A": NaN,
        "Gross Profit": NaN,
        "Cost Of Revenue": NaN,
        "Total Revenue": NaN,
        "Operating Revenue": NaN
    },
    "2024-06-30": {
        "Tax Effect Of Unusual Items": 0.0,
        "Tax Rate For Calcs": 0.0,
        "Normalized EBITDA": -5337000.0,
        "Total Unusual Items": -388000.0,
        "Total Unusual Items Excluding Goodwill": -388000.0,
        "Net Income From Continuing Operation Net Minority Interest": -5760000.0,
        "Reconciled Depreciation": 142000.0,
        "Reconciled Cost Of Revenue": 44000.0,
        "EBITDA": -5725000.0,
        "EBIT": -5867000.0,
        "Net Interest Income": 463000.0,
        "Interest Income": 463000.0,
        "Normalized Income": -5372000.0,
        "Net Income From Continuing And Discontinued Operation": -5760000.0,
        "Total Expenses": 7275000.0,
        "Total Operating Income As Reported": -5867000.0,
        "Diluted Average Shares": 188813000.0,
        "Basic Average Shares": 188813000.0,
        "Diluted EPS": -0.03,
        "Basic EPS": -0.03,
        "Diluted NI Availto Com Stockholders": -5760000.0,
        "Net Income Common Stockholders": -5760000.0,
        "Net Income": -5760000.0,
        "Minority Interests": 13000.0,
        "Net Income Including Noncontrolling Interests": -5773000.0,
        "Net Income Continuous Operations": -5773000.0,
        "Tax Provision": 0.0,
        "Pretax Income": -5773000.0,
        "Other Income Expense": -369000.0,
        "Other Non Operating Income Expenses": 19000.0,
        "Special Income Charges": NaN,
        "Gain On Sale Of Security": -388000.0,
        "Net Non Operating Interest Income Expense": 463000.0,
        "Interest Income Non Operating": 463000.0,
        "Operating Income": -5867000.0,
        "Operating Expense": 7231000.0,
        "Research And Development": 2868000.0,
        "Selling General And Administration": 4363000.0,
        "General And Administrative Expense": 4363000.0,
        "Other Gand A": 4363000.0,
        "Gross Profit": 1364000.0,
        "Cost Of Revenue": 44000.0,
        "Total Revenue": 1408000.0,
        "Operating Revenue": 1408000.0
    }
}