{
    "2023-03-31": {
        "Tax Effect Of Unusual Items": NaN,
        "Tax Rate For Calcs": NaN,
        "Normalized EBITDA": NaN,
        "Total Unusual Items": NaN,
        "Total Unusual Items Excluding Goodwill": NaN,
        "Net Income From Continuing Operation Net Minority Interest": NaN,
        "Reconciled Depreciation": NaN,
        "Reconciled Cost Of Revenue": NaN,
        "EBITDA": NaN,
        "EBIT": NaN,
        "Net Interest Income": NaN,
        "Interest Expense": NaN,
        "Normalized Income": NaN,
        "Net Income From Continuing And Discontinued Operation": NaN,
        "Total Expenses": NaN,
        "Total Operating Income As Reported": NaN,
        "Diluted Average Shares": NaN,
        "Basic Average Shares": NaN,
        "Diluted EPS": NaN,
        "Basic EPS": NaN,
        "Diluted NI Availto Com Stockholders": NaN,
        "Net Income Common Stockholders": NaN,
        "Net Income": NaN,
        "Minority Interests": NaN,
        "Net Income Including Noncontrolling Interests": NaN,
        "Net Income Continuous Operations": NaN,
        "Tax Provision": NaN,
        "Pretax Income": NaN,
        "Other Income Expense": -1000000.0,
        "Other Non Operating Income Expenses": NaN,
        "Special Income Charges": NaN,
        "Write Off": NaN,
        "Impairment Of Capital Assets": NaN,
        "Restructuring And Mergern Acquisition": NaN,
        "Earnings From Equity Interest": NaN,
        "Net Non Operating Interest Income Expense": NaN,
        "Interest Expense Non Operating": NaN,
        "Operating Income": NaN,
        "Operating Expense": NaN,
        "Selling General And Administration": NaN,
        "Gross Profit": NaN,
        "Cost Of Revenue": NaN,
        "Total Revenue": NaN,
        "Operating Revenue": NaN
    },
    "2022-12-31": {
        "Tax Effect Of Unusual Items": NaN,
        "Tax Rate For Calcs": NaN,
        "Normalized EBITDA": NaN,
        "Total Unusual Items": NaN,
        "Total Unusual Items Excluding Goodwill": NaN,
        "Net Income From Continuing Operation Net Minority Interest": NaN,
        "Reconciled Depreciation": NaN,
        "Reconciled Cost Of Revenue": NaN,
        "EBITDA": NaN,
        "EBIT": NaN,
        "Net Interest Income": NaN,
        "Interest Expense": NaN,
        "Normalized Income": NaN,
        "Net Income From Continuing And Discontinued Operation": NaN,
        "Total Expenses": NaN,
        "Total Operating Income As Reported": NaN,
        "Diluted Average Shares": NaN,
        "Basic Average Shares": NaN,
        "Diluted EPS": NaN,
        "Basic EPS": NaN,
        "Diluted NI Availto Com Stockholders": NaN,
        "Net Income Common Stockholders": NaN,
        "Net Income": NaN,
        "Minority Interests": NaN,
        "Net Income Including Noncontrolling Interests": NaN,
        "Net Income Continuous Operations": NaN,
        "Tax Provision": NaN,
        "Pretax Income": NaN,
        "Other Income Expense": NaN,
        "Other Non Operating Income Expenses": NaN,
        "Special Income Charges": NaN,
        "Write Off": 35000000.0,
        "Impairment Of Capital Assets": NaN,
        "Restructuring And Mergern Acquisition": NaN,
        "Earnings From Equity Interest": NaN,
        "Net Non Operating Interest Income Expense": NaN,
        "Interest Expense Non Operating": NaN,
        "Operating Income": NaN,
        "Operating Expense": NaN,
        "Selling General And Administration": NaN,
        "Gross Profit": NaN,
        "Cost Of Revenue": NaN,
        "Total Revenue": NaN,
        "Operating Revenue": NaN
    },
    "2022-09-30": {
        "Tax Effect Of Unusual Items": NaN,
        "Tax Rate For Calcs": NaN,
        "Normalized EBITDA": NaN,
        "Total Unusual Items": NaN,
        "Total Unusual Items Excluding Goodwill": NaN,
        "Net Income From Continuing Operation Net Minority Interest": NaN,
        "Reconciled Depreciation": NaN,
        "Reconciled Cost Of Revenue": NaN,
        "EBITDA": NaN,
        "EBIT": NaN,
        "Net Interest Income": NaN,
        "Interest Expense": NaN,
        "Normalized Income": NaN,
        "Net Income From Continuing And Discontinued Operation": NaN,
        "Total Expenses": NaN,
        "Total Operating Income As Reported": NaN,
        "Diluted Average Shares": NaN,
        "Basic Average Shares": NaN,
        "Diluted EPS": NaN,
        "Basic EPS": NaN,
        "Diluted NI Availto Com Stockholders": NaN,
        "Net Income Common Stockholders": NaN,
        "Net Income": NaN,
        "Minority Interests": NaN,
        "Net Income Including Noncontrolling Interests": NaN,
        "Net Income Continuous Operations": NaN,
        "Tax Provision": NaN,
        "Pretax Income": NaN,
        "Other Income Expense": NaN,
        "Other Non Operating Income Expenses": NaN,
        "Special Income Charges": NaN,
        "Write Off": 0.0,
        "Impairment Of Capital Assets": 0.0,
        "Restructuring And Mergern Acquisition": NaN,
        "Earnings From Equity Interest": NaN,
        "Net Non Operating Interest Income Expense": NaN,
        "Interest Expense Non Operating": NaN,
        "Operating Income": NaN,
        "Operating Expense": NaN,
        "Selling General And Administration": NaN,
        "Gross Profit": NaN,
        "Cost Of Revenue": NaN,
        "Total Revenue": NaN,
        "Operating Revenue": NaN
    },
    "2022-06-30": {
        "Tax Effect Of Unusual Items": -1888000.0,
        "Tax Rate For Calcs": 0.236,
        "Normalized EBITDA": 366000000.0,
        "Total Unusual Items": -8000000.0,
        "Total Unusual Items Excluding Goodwill": -8000000.0,
        "Net Income From Continuing Operation Net Minority Interest": 171000000.0,
        "Reconciled Depreciation": 83000000.0,
        "Reconciled Cost Of Revenue": 3059000000.0,
        "EBITDA": 358000000.0,
        "EBIT": 275000000.0,
        "Net Interest Income": -50000000.0,
        "Interest Expense": 50000000.0,
        "Normalized Income": 177112000.0,
        "Net Income From Continuing And Discontinued Operation": 171000000.0,
        "Total Expenses": 3321000000.0,
        "Total Operating Income As Reported": 271000000.0,
        "Diluted Average Shares": 138000000.0,
        "Basic Average Shares": 137000000.0,
        "Diluted EPS": 1.24,
        "Basic EPS": 1.25,
        "Diluted NI Availto Com Stockholders": 171000000.0,
        "Net Income Common Stockholders": 171000000.0,
        "Net Income": 171000000.0,
        "Minority Interests": -1000000.0,
        "Net Income Including Noncontrolling Interests": 172000000.0,
        "Net Income Continuous Operations": 172000000.0,
        "Tax Provision": 53000000.0,
        "Pretax Income": 225000000.0,
        "Other Income Expense": -1000000.0,
        "Other Non Operating Income Expenses": 4000000.0,
        "Special Income Charges": -8000000.0,
        "Write Off": 3000000.0,
        "Restructuring And Mergern Acquisition": 5000000.0,
        "Earnings From Equity Interest": 3000000.0,
        "Net Non Operating Interest Income Expense": -50000000.0,
        "Interest Expense Non Operating": 50000000.0,
        "Operating Income": 276000000.0,
        "Operating Expense": 262000000.0,
        "Provision For Doubtful Accounts": 2000000.0,
        "Selling General And Administration": 260000000.0,
        "Gross Profit": 538000000.0,
        "Cost Of Revenue": 3059000000.0,
        "Total Revenue": 3597000000.0,
        "Operating Revenue": 3597000000.0
    },
    "2023-06-30": {
        "Tax Effect Of Unusual Items": NaN,
        "Tax Rate For Calcs": NaN,
        "Normalized EBITDA": NaN,
        "Total Unusual Items": NaN,
        "Total Unusual Items Excluding Goodwill": NaN,
        "Net Income From Continuing Operation Net Minority Interest": NaN,
        "Reconciled Depreciation": NaN,
        "Reconciled Cost Of Revenue": NaN,
        "EBITDA": NaN,
        "EBIT": NaN,
        "Net Interest Income": NaN,
        "Interest Expense": NaN,
        "Normalized Income": NaN,
        "Net Income From Continuing And Discontinued Operation": NaN,
        "Total Expenses": NaN,
        "Total Operating Income As Reported": NaN,
        "Diluted Average Shares": NaN,
        "Basic Average Shares": NaN,
        "Diluted EPS": NaN,
        "Basic EPS": NaN,
        "Diluted NI Availto Com Stockholders": NaN,
        "Net Income Common Stockholders": NaN,
        "Net Income": NaN,
        "Minority Interests": NaN,
        "Net Income Including Noncontrolling Interests": NaN,
        "Net Income Continuous Operations": NaN,
        "Tax Provision": NaN,
        "Pretax Income": NaN,
        "Other Income Expense": NaN,
        "Other Non Operating Income Expenses": -1000000.0,
        "Special Income Charges": NaN,
        "Write Off": 0.0,
        "Impairment Of Capital Assets": NaN,
        "Restructuring And Mergern Acquisition": NaN,
        "Earnings From Equity Interest": NaN,
        "Net Non Operating Interest Income Expense": NaN,
        "Interest Expense Non Operating": NaN,
        "Operating Income": NaN,
        "Operating Expense": NaN,
        "Selling General And Administration": NaN,
        "Gross Profit": NaN,
        "Cost Of Revenue": NaN,
        "Total Revenue": NaN,
        "Operating Revenue": NaN
    },
    "2022-03-31": {
        "Diluted EPS": 1.25,
        "Total Revenue": NaN,
        "Gross Profit": 512,
        "Operating Income": 271,
        "EBIT": 356,
        "Net Income": 175
    },
    "2021-12-31": {
        "Diluted EPS": 1.24,
        "Total Revenue": NaN,
        "Gross Profit": 508,
        "Operating Income": 270,
        "EBIT": 351,
        "Net Income": 174
    },
    "2021-09-30": {
        "Diluted EPS": 1.43,
        "Total Revenue": NaN,
        "Gross Profit": 541,
        "Operating Income": 305,
        "EBIT": 392,
        "Net Income": 205
    },
    "2021-06-30": {
        "Diluted EPS": 1.18,
        "Total Revenue": NaN,
        "Gross Profit": 498,
        "Operating Income": 269,
        "EBIT": 349,
        "Net Income": 169
    },
    "2021-03-31": {
        "Diluted EPS": 1.42,
        "Total Revenue": NaN,
        "Gross Profit": 467,
        "Operating Income": 308,
        "EBIT": 385,
        "Net Income": 205
    },
    "2020-12-31": {
        "Diluted EPS": 1.37,
        "Total Revenue": NaN,
        "Gross Profit": 491,
        "Operating Income": 299,
        "EBIT": 367,
        "Net Income": 197
    },
    "2020-09-30": {
        "Diluted EPS": 1.13,
        "Total Revenue": NaN,
        "Gross Profit": 468,
        "Operating Income": 258,
        "EBIT": 340,
        "Net Income": 163
    },
    "2020-06-30": {
        "Diluted EPS": 1.06,
        "Total Revenue": NaN,
        "Gross Profit": 383,
        "Operating Income": 249,
        "EBIT": 320,
        "Net Income": 153
    },
    "2020-03-31": {
        "Diluted EPS": 0.8,
        "Total Revenue": NaN,
        "Gross Profit": 395,
        "Operating Income": 192,
        "EBIT": 253,
        "Net Income": 115
    },
    "2019-12-31": {
        "Diluted EPS": 1.27,
        "Total Revenue": NaN,
        "Gross Profit": 427,
        "Operating Income": 261,
        "EBIT": 321,
        "Net Income": 181
    },
    "2019-09-30": {
        "Diluted EPS": 1.11,
        "Total Revenue": NaN,
        "Gross Profit": 385,
        "Operating Income": 249,
        "EBIT": 308,
        "Net Income": 161
    },
    "2019-06-30": {
        "Diluted EPS": 0.93,
        "Total Revenue": NaN,
        "Gross Profit": 380,
        "Operating Income": 210,
        "EBIT": 267,
        "Net Income": 136
    },
    "2019-03-31": {
        "Diluted EPS": 1.29,
        "Total Revenue": NaN,
        "Gross Profit": 356,
        "Operating Income": 192,
        "EBIT": 250,
        "Net Income": 189
    },
    "2018-12-31": {
        "Diluted EPS": 1.24,
        "Total Revenue": NaN,
        "Gross Profit": 369,
        "Operating Income": 188,
        "EBIT": 252,
        "Net Income": 188
    },
    "2018-09-30": {
        "Diluted EPS": 0.96,
        "Total Revenue": NaN,
        "Gross Profit": 401,
        "Operating Income": 203,
        "EBIT": 267,
        "Net Income": 147
    },
    "2018-06-30": {
        "Diluted EPS": 0.94,
        "Total Revenue": NaN,
        "Gross Profit": 377,
        "Operating Income": 199,
        "EBIT": 265,
        "Net Income": 144
    },
    "2018-03-31": {
        "Diluted EPS": 0.66,
        "Total Revenue": NaN,
        "Gross Profit": 357,
        "Operating Income": 159,
        "EBIT": 222,
        "Net Income": 102
    },
    "2017-12-31": {
        "Diluted EPS": 0.74,
        "Total Revenue": NaN,
        "Gross Profit": 337,
        "Operating Income": 101,
        "EBIT": 197,
        "Net Income": 114
    },
    "2017-09-30": {
        "Diluted EPS": 0.53,
        "Total Revenue": NaN,
        "Gross Profit": 367,
        "Operating Income": 151,
        "EBIT": 243,
        "Net Income": 82
    },
    "2017-06-30": {
        "Diluted EPS": 0.64,
        "Total Revenue": NaN,
        "Gross Profit": 381,
        "Operating Income": 166,
        "EBIT": 246,
        "Net Income": 98
    },
    "2017-03-31": {
        "Diluted EPS": 0.47,
        "Total Revenue": NaN,
        "Gross Profit": 347,
        "Operating Income": 141,
        "EBIT": 223,
        "Net Income": 72
    },
    "2016-12-31": {
        "Diluted EPS": 0.28,
        "Total Revenue": NaN,
        "Gross Profit": 397,
        "Operating Income": 152,
        "EBIT": 220,
        "Net Income": 59
    },
    "2016-09-30": {
        "Diluted EPS": 0.8,
        "Total Revenue": NaN,
        "Gross Profit": 238,
        "Operating Income": 101,
        "EBIT": 138,
        "Net Income": 91
    },
    "2016-06-30": {
        "Diluted EPS": 0.55,
        "Total Revenue": NaN,
        "Gross Profit": 147,
        "Operating Income": 75,
        "EBIT": 84,
        "Net Income": 41
    },
    "2016-03-31": {
        "Diluted EPS": 0.72,
        "Total Revenue": NaN,
        "Gross Profit": 158,
        "Operating Income": 89,
        "EBIT": 97,
        "Net Income": 53
    },
    "2015-12-31": {
        "Diluted EPS": 1.55,
        "Total Revenue": 907,
        "Gross Profit": 105,
        "Operating Income": 124,
        "EBIT": 130,
        "Net Income": 115
    },
    "2015-09-30": {
        "Diluted EPS": 0.67,
        "Total Revenue": NaN,
        "Gross Profit": 164,
        "Operating Income": 94,
        "EBIT": 105,
        "Net Income": 49
    },
    "2015-06-30": {
        "Diluted EPS": 0.5,
        "Total Revenue": NaN,
        "Gross Profit": 144,
        "Operating Income": 64,
        "EBIT": 76,
        "Net Income": 37
    },
    "2015-03-31": {
        "Diluted EPS": 0.55,
        "Total Revenue": NaN,
        "Gross Profit": 153,
        "Operating Income": 38,
        "EBIT": 50,
        "Net Income": 41
    },
    "2015-01-31": {
        "Diluted EPS": 0.0,
        "Total Revenue": NaN,
        "Gross Profit": NaN,
        "Operating Income": NaN,
        "EBIT": NaN,
        "Net Income": NaN
    },
    "2014-10-31": {
        "Diluted EPS": 0.46,
        "Total Revenue": NaN,
        "Gross Profit": 161,
        "Operating Income": 72,
        "EBIT": 608,
        "Net Income": 34
    },
    "2014-07-31": {
        "Diluted EPS": -5.92,
        "Total Revenue": NaN,
        "Gross Profit": 187,
        "Operating Income": -410,
        "EBIT": 92,
        "Net Income": -438
    },
    "2014-04-30": {
        "Diluted EPS": 0.47,
        "Total Revenue": NaN,
        "Gross Profit": 171,
        "Operating Income": 87,
        "EBIT": -431,
        "Net Income": 37
    },
    "2014-01-31": {
        "Diluted EPS": 0.0,
        "Total Revenue": NaN,
        "Gross Profit": NaN,
        "Operating Income": NaN,
        "EBIT": NaN,
        "Net Income": NaN
    },
    "2013-10-31": {
        "Diluted EPS": -0.04,
        "Total Revenue": NaN,
        "Gross Profit": 195,
        "Operating Income": -5,
        "EBIT": 59,
        "Net Income": -3
    },
    "2013-07-31": {
        "Diluted EPS": 0.5,
        "Total Revenue": NaN,
        "Gross Profit": 164,
        "Operating Income": 10,
        "EBIT": 35,
        "Net Income": 42
    },
    "2013-04-30": {
        "Diluted EPS": 0.92,
        "Total Revenue": NaN,
        "Gross Profit": 220,
        "Operating Income": 76,
        "EBIT": 38,
        "Net Income": 77
    },
    "2013-01-31": {
        "Diluted EPS": 2.17,
        "Total Revenue": NaN,
        "Gross Profit": 229,
        "Operating Income": NaN,
        "EBIT": NaN,
        "Net Income": 182
    },
    "2012-10-31": {
        "Diluted EPS": 1.32,
        "Total Revenue": NaN,
        "Gross Profit": 239,
        "Operating Income": 100,
        "EBIT": 173,
        "Net Income": 110
    },
    "2012-07-31": {
        "Diluted EPS": 1.28,
        "Total Revenue": NaN,
        "Gross Profit": 341,
        "Operating Income": 189,
        "EBIT": 218,
        "Net Income": 108
    },
    "2012-04-30": {
        "Diluted EPS": 1.4,
        "Total Revenue": NaN,
        "Gross Profit": 331,
        "Operating Income": 208,
        "EBIT": 162,
        "Net Income": 114
    },
    "2012-01-31": {
        "Diluted EPS": -1.96,
        "Total Revenue": NaN,
        "Gross Profit": -8,
        "Operating Income": NaN,
        "EBIT": NaN,
        "Net Income": -161
    },
    "2011-10-31": {
        "Diluted EPS": -1.08,
        "Total Revenue": NaN,
        "Gross Profit": 313,
        "Operating Income": -20,
        "EBIT": 66,
        "Net Income": -89
    },
    "2011-07-31": {
        "Diluted EPS": 2.0,
        "Total Revenue": NaN,
        "Gross Profit": 338,
        "Operating Income": 209,
        "EBIT": 236,
        "Net Income": 171
    },
    "2011-04-30": {
        "Diluted EPS": 1.44,
        "Total Revenue": NaN,
        "Gross Profit": 331,
        "Operating Income": 230,
        "EBIT": 172,
        "Net Income": 127
    },
    "2011-01-31": {
        "Diluted EPS": 1.4,
        "Total Revenue": NaN,
        "Gross Profit": 349,
        "Operating Income": 217,
        "EBIT": 272,
        "Net Income": 131
    },
    "2010-10-31": {
        "Diluted EPS": 1.84,
        "Total Revenue": NaN,
        "Gross Profit": 376,
        "Operating Income": 252,
        "EBIT": 332,
        "Net Income": 167
    },
    "2010-07-31": {
        "Diluted EPS": 2.0,
        "Total Revenue": NaN,
        "Gross Profit": 398,
        "Operating Income": 272,
        "EBIT": 299,
        "Net Income": 190
    },
    "2010-04-30": {
        "Diluted EPS": 1.28,
        "Total Revenue": NaN,
        "Gross Profit": 322,
        "Operating Income": 206,
        "EBIT": 150,
        "Net Income": 125
    },
    "2010-01-31": {
        "Diluted EPS": 0.0,
        "Total Revenue": NaN,
        "Gross Profit": NaN,
        "Operating Income": NaN,
        "EBIT": NaN,
        "Net Income": NaN
    },
    "2009-10-31": {
        "Diluted EPS": 1.36,
        "Total Revenue": NaN,
        "Gross Profit": 387,
        "Operating Income": 233,
        "EBIT": 301,
        "Net Income": 135
    },
    "2009-07-31": {
        "Diluted EPS": 1.24,
        "Total Revenue": NaN,
        "Gross Profit": 380,
        "Operating Income": 221,
        "EBIT": 243,
        "Net Income": 123
    },
    "2009-04-30": {
        "Diluted EPS": 1.12,
        "Total Revenue": NaN,
        "Gross Profit": 354,
        "Operating Income": 204,
        "EBIT": 158,
        "Net Income": 116
    },
    "2009-01-31": {
        "Diluted EPS": 0.0,
        "Total Revenue": NaN,
        "Gross Profit": NaN,
        "Operating Income": NaN,
        "EBIT": NaN,
        "Net Income": NaN
    },
    "2023-09-30": {
        "Tax Effect Of Unusual Items": -145320000.0,
        "Tax Rate For Calcs": 0.21,
        "Normalized EBITDA": 439000000.0,
        "Total Unusual Items": -692000000.0,
        "Total Unusual Items Excluding Goodwill": -692000000.0,
        "Net Income From Continuing Operation Net Minority Interest": -399000000.0,
        "Reconciled Depreciation": 82000000.0,
        "Reconciled Cost Of Revenue": 3334000000.0,
        "EBITDA": -253000000.0,
        "EBIT": -335000000.0,
        "Net Interest Income": -53000000.0,
        "Interest Expense": 53000000.0,
        "Normalized Income": 147680000.0,
        "Net Income From Continuing And Discontinued Operation": -399000000.0,
        "Total Expenses": 3573000000.0,
        "Total Operating Income As Reported": -336000000.0,
        "Diluted Average Shares": 137000000.0,
        "Basic Average Shares": 137000000.0,
        "Diluted EPS": -2.91,
        "Basic EPS": -2.91,
        "Diluted NI Availto Com Stockholders": -399000000.0,
        "Net Income Common Stockholders": -399000000.0,
        "Net Income": -399000000.0,
        "Minority Interests": -3000000.0,
        "Net Income Including Noncontrolling Interests": -396000000.0,
        "Net Income Continuous Operations": -396000000.0,
        "Tax Provision": 8000000.0,
        "Pretax Income": -388000000.0,
        "Other Income Expense": -683000000.0,
        "Other Non Operating Income Expenses": 1000000.0,
        "Special Income Charges": -692000000.0,
        "Write Off": 88000000.0,
        "Impairment Of Capital Assets": 599000000.0,
        "Restructuring And Mergern Acquisition": 5000000.0,
        "Earnings From Equity Interest": 8000000.0,
        "Net Non Operating Interest Income Expense": -53000000.0,
        "Interest Expense Non Operating": 53000000.0,
        "Operating Income": 348000000.0,
        "Operating Expense": 239000000.0,
        "Selling General And Administration": 239000000.0,
        "Gross Profit": 587000000.0,
        "Cost Of Revenue": 3334000000.0,
        "Total Revenue": 3921000000.0,
        "Operating Revenue": 3921000000.0
    },
    "2023-12-31": {
        "Tax Effect Of Unusual Items": -2580645.16129,
        "Tax Rate For Calcs": 0.258065,
        "Normalized EBITDA": 452000000.0,
        "Total Unusual Items": -10000000.0,
        "Total Unusual Items Excluding Goodwill": -10000000.0,
        "Net Income From Continuing Operation Net Minority Interest": 229000000.0,
        "Reconciled Depreciation": 83000000.0,
        "Reconciled Cost Of Revenue": 3385000000.0,
        "EBITDA": 442000000.0,
        "EBIT": 359000000.0,
        "Net Interest Income": -49000000.0,
        "Interest Expense": 49000000.0,
        "Normalized Income": 236419354.83871,
        "Net Income From Continuing And Discontinued Operation": 229000000.0,
        "Total Expenses": 3618000000.0,
        "Total Operating Income As Reported": 361000000.0,
        "Diluted Average Shares": 138000000.0,
        "Basic Average Shares": 137000000.0,
        "Diluted EPS": 1.66,
        "Basic EPS": 1.67,
        "Diluted NI Availto Com Stockholders": 229000000.0,
        "Net Income Common Stockholders": 229000000.0,
        "Net Income": 229000000.0,
        "Minority Interests": -1000000.0,
        "Net Income Including Noncontrolling Interests": 230000000.0,
        "Net Income Continuous Operations": 230000000.0,
        "Tax Provision": 80000000.0,
        "Pretax Income": 310000000.0,
        "Other Income Expense": -3000000.0,
        "Other Non Operating Income Expenses": -2000000.0,
        "Special Income Charges": -10000000.0,
        "Write Off": 3000000.0,
        "Impairment Of Capital Assets": -3000000.0,
        "Restructuring And Mergern Acquisition": 10000000.0,
        "Earnings From Equity Interest": 9000000.0,
        "Net Non Operating Interest Income Expense": -49000000.0,
        "Interest Expense Non Operating": 49000000.0,
        "Operating Income": 362000000.0,
        "Operating Expense": 233000000.0,
        "Selling General And Administration": 233000000.0,
        "Gross Profit": 595000000.0,
        "Cost Of Revenue": 3385000000.0,
        "Total Revenue": 3980000000.0,
        "Operating Revenue": 3980000000.0
    },
    "2024-03-31": {
        "Tax Effect Of Unusual Items": -924000.0,
        "Tax Rate For Calcs": 0.231,
        "Normalized EBITDA": 490000000.0,
        "Total Unusual Items": -4000000.0,
        "Total Unusual Items Excluding Goodwill": -4000000.0,
        "Net Income From Continuing Operation Net Minority Interest": 284000000.0,
        "Reconciled Depreciation": 69000000.0,
        "Reconciled Cost Of Revenue": 3337000000.0,
        "EBITDA": 486000000.0,
        "EBIT": 417000000.0,
        "Net Interest Income": -49000000.0,
        "Interest Expense": 49000000.0,
        "Normalized Income": 287076000.0,
        "Net Income From Continuing And Discontinued Operation": 284000000.0,
        "Total Expenses": 3563000000.0,
        "Total Operating Income As Reported": 415000000.0,
        "Diluted Average Shares": 137000000.0,
        "Basic Average Shares": 136000000.0,
        "Diluted EPS": 2.07,
        "Basic EPS": 2.09,
        "Diluted NI Availto Com Stockholders": 284000000.0,
        "Net Income Common Stockholders": 284000000.0,
        "Net Income": 284000000.0,
        "Minority Interests": 1000000.0,
        "Net Income Including Noncontrolling Interests": 283000000.0,
        "Net Income Continuous Operations": 283000000.0,
        "Tax Provision": 85000000.0,
        "Pretax Income": 368000000.0,
        "Other Income Expense": 5000000.0,
        "Other Non Operating Income Expenses": 2000000.0,
        "Special Income Charges": -4000000.0,
        "Write Off": NaN,
        "Impairment Of Capital Assets": NaN,
        "Restructuring And Mergern Acquisition": 4000000.0,
        "Earnings From Equity Interest": 7000000.0,
        "Net Non Operating Interest Income Expense": -49000000.0,
        "Interest Expense Non Operating": 49000000.0,
        "Operating Income": 412000000.0,
        "Operating Expense": 226000000.0,
        "Selling General And Administration": 226000000.0,
        "Gross Profit": 638000000.0,
        "Cost Of Revenue": 3337000000.0,
        "Total Revenue": 3975000000.0,
        "Operating Revenue": 3975000000.0
    },
    "2024-06-30": {
        "Tax Effect Of Unusual Items": -1673000.0,
        "Tax Rate For Calcs": 0.239,
        "Normalized EBITDA": 555000000.0,
        "Total Unusual Items": -7000000.0,
        "Total Unusual Items Excluding Goodwill": -7000000.0,
        "Net Income From Continuing Operation Net Minority Interest": 322000000.0,
        "Reconciled Depreciation": 71000000.0,
        "Reconciled Cost Of Revenue": 3427000000.0,
        "EBITDA": 548000000.0,
        "EBIT": 477000000.0,
        "Net Interest Income": -51000000.0,
        "Interest Expense": 51000000.0,
        "Normalized Income": 327327000.0,
        "Net Income From Continuing And Discontinued Operation": 322000000.0,
        "Total Expenses": 3658000000.0,
        "Total Operating Income As Reported": 475000000.0,
        "Diluted Average Shares": 136000000.0,
        "Basic Average Shares": 135000000.0,
        "Diluted EPS": 2.37,
        "Basic EPS": 2.39,
        "Diluted NI Availto Com Stockholders": 322000000.0,
        "Net Income Common Stockholders": 322000000.0,
        "Net Income": 322000000.0,
        "Minority Interests": -2000000.0,
        "Net Income Including Noncontrolling Interests": 324000000.0,
        "Net Income Continuous Operations": 324000000.0,
        "Tax Provision": 102000000.0,
        "Pretax Income": 426000000.0,
        "Other Income Expense": 3000000.0,
        "Other Non Operating Income Expenses": 2000000.0,
        "Special Income Charges": -7000000.0,
        "Write Off": NaN,
        "Impairment Of Capital Assets": NaN,
        "Restructuring And Mergern Acquisition": 7000000.0,
        "Earnings From Equity Interest": 8000000.0,
        "Net Non Operating Interest Income Expense": -51000000.0,
        "Interest Expense Non Operating": 51000000.0,
        "Operating Income": 474000000.0,
        "Operating Expense": 231000000.0,
        "Selling General And Administration": 231000000.0,
        "Gross Profit": 705000000.0,
        "Cost Of Revenue": 3427000000.0,
        "Total Revenue": 4132000000.0,
        "Operating Revenue": 4132000000.0
    },
    "2024-09-30": {
        "Tax Effect Of Unusual Items": -2070000.0,
        "Tax Rate For Calcs": 0.23,
        "Normalized EBITDA": 596000000.0,
        "Total Unusual Items": -9000000.0,
        "Total Unusual Items Excluding Goodwill": -9000000.0,
        "Net Income From Continuing Operation Net Minority Interest": 364000000.0,
        "Reconciled Depreciation": 71000000.0,
        "Reconciled Cost Of Revenue": 3428000000.0,
        "EBITDA": 587000000.0,
        "EBIT": 516000000.0,
        "Net Interest Income": -46000000.0,
        "Interest Expense": 46000000.0,
        "Normalized Income": 370930000.0,
        "Net Income From Continuing And Discontinued Operation": 364000000.0,
        "Total Expenses": 3675000000.0,
        "Total Operating Income As Reported": 516000000.0,
        "Diluted Average Shares": 136000000.0,
        "Basic Average Shares": 134000000.0,
        "Diluted EPS": 2.68,
        "Basic EPS": 2.72,
        "Diluted NI Availto Com Stockholders": 364000000.0,
        "Net Income Common Stockholders": 364000000.0,
        "Net Income": 364000000.0,
        "Minority Interests": 2000000.0,
        "Net Income Including Noncontrolling Interests": 362000000.0,
        "Net Income Continuous Operations": 362000000.0,
        "Tax Provision": 108000000.0,
        "Pretax Income": 470000000.0,
        "Other Income Expense": 1000000.0,
        "Other Non Operating Income Expenses": NaN,
        "Special Income Charges": -9000000.0,
        "Write Off": 6000000.0,
        "Impairment Of Capital Assets": 0.0,
        "Restructuring And Mergern Acquisition": 3000000.0,
        "Earnings From Equity Interest": 10000000.0,
        "Net Non Operating Interest Income Expense": -46000000.0,
        "Interest Expense Non Operating": 46000000.0,
        "Operating Income": 515000000.0,
        "Operating Expense": 247000000.0,
        "Selling General And Administration": 247000000.0,
        "Gross Profit": 762000000.0,
        "Cost Of Revenue": 3428000000.0,
        "Total Revenue": 4190000000.0,
        "Operating Revenue": 4190000000.0
    }
}