{
    "2023-03-31": {
        "Tax Effect Of Unusual Items": 0.0,
        "Tax Rate For Calcs": 0.21,
        "Normalized EBITDA": -614000.0,
        "Total Unusual Items": NaN,
        "Total Unusual Items Excluding Goodwill": NaN,
        "Net Income From Continuing Operation Net Minority Interest": -528000.0,
        "Reconciled Depreciation": 14000.0,
        "Reconciled Cost Of Revenue": 0.0,
        "EBITDA": -614000.0,
        "EBIT": -628000.0,
        "Net Interest Income": 103000.0,
        "Interest Income": NaN,
        "Normalized Income": -528000.0,
        "Net Income From Continuing And Discontinued Operation": 1648000.0,
        "Total Expenses": 628000.0,
        "Total Operating Income As Reported": -628000.0,
        "Diluted Average Shares": 1798000.0,
        "Basic Average Shares": 1798000.0,
        "Diluted EPS": 0.92,
        "Basic EPS": 0.92,
        "Diluted NI Availto Com Stockholders": 1648000.0,
        "Net Income Common Stockholders": 1648000.0,
        "Net Income": 1648000.0,
        "Minority Interests": 0.0,
        "Net Income Including Noncontrolling Interests": 1648000.0,
        "Net Income Discontinuous Operations": 2176000.0,
        "Net Income Continuous Operations": -528000.0,
        "Tax Provision": 3000.0,
        "Pretax Income": -525000.0,
        "Other Income Expense": 112000.0,
        "Other Non Operating Income Expenses": 112000.0,
        "Gain On Sale Of Security": NaN,
        "Net Non Operating Interest Income Expense": 103000.0,
        "Total Other Finance Cost": -103000.0,
        "Interest Income Non Operating": NaN,
        "Operating Income": -628000.0,
        "Operating Expense": 628000.0,
        "Selling General And Administration": 628000.0,
        "Selling And Marketing Expense": 660000.0,
        "General And Administrative Expense": 721000.0,
        "Other Gand A": 721000.0,
        "Gross Profit": 0.0,
        "Cost Of Revenue": 0.0,
        "Total Revenue": 0.0,
        "Operating Revenue": 0.0
    },
    "2022-12-31": {
        "Tax Effect Of Unusual Items": NaN,
        "Tax Rate For Calcs": NaN,
        "Normalized EBITDA": NaN,
        "Total Unusual Items": 0.0,
        "Total Unusual Items Excluding Goodwill": 0.0,
        "Net Income From Continuing Operation Net Minority Interest": NaN,
        "Reconciled Depreciation": NaN,
        "Reconciled Cost Of Revenue": 3762000.0,
        "EBITDA": NaN,
        "EBIT": NaN,
        "Net Interest Income": NaN,
        "Interest Income": NaN,
        "Normalized Income": NaN,
        "Net Income From Continuing And Discontinued Operation": NaN,
        "Total Expenses": NaN,
        "Total Operating Income As Reported": NaN,
        "Diluted Average Shares": NaN,
        "Basic Average Shares": NaN,
        "Diluted EPS": NaN,
        "Basic EPS": NaN,
        "Diluted NI Availto Com Stockholders": NaN,
        "Net Income Common Stockholders": NaN,
        "Net Income": NaN,
        "Minority Interests": NaN,
        "Net Income Including Noncontrolling Interests": NaN,
        "Net Income Discontinuous Operations": NaN,
        "Net Income Continuous Operations": NaN,
        "Tax Provision": NaN,
        "Pretax Income": NaN,
        "Other Income Expense": 122000.0,
        "Other Non Operating Income Expenses": 122000.0,
        "Special Income Charges": 0.0,
        "Other Special Charges": 0.0,
        "Gain On Sale Of Security": NaN,
        "Net Non Operating Interest Income Expense": NaN,
        "Total Other Finance Cost": NaN,
        "Interest Income Non Operating": NaN,
        "Operating Income": NaN,
        "Operating Expense": NaN,
        "Selling General And Administration": NaN,
        "Selling And Marketing Expense": 662000.0,
        "General And Administrative Expense": 1010000.0,
        "Other Gand A": 1010000.0,
        "Gross Profit": 767000.0,
        "Cost Of Revenue": 3762000.0,
        "Total Revenue": NaN,
        "Operating Revenue": NaN
    },
    "2022-09-30": {
        "Tax Effect Of Unusual Items": NaN,
        "Tax Rate For Calcs": NaN,
        "Normalized EBITDA": NaN,
        "Total Unusual Items": 12000000.0,
        "Total Unusual Items Excluding Goodwill": 12000000.0,
        "Net Income From Continuing Operation Net Minority Interest": NaN,
        "Reconciled Depreciation": NaN,
        "Reconciled Cost Of Revenue": 4031000.0,
        "EBITDA": NaN,
        "EBIT": NaN,
        "Net Interest Income": 55000.0,
        "Interest Income": 55000.0,
        "Normalized Income": NaN,
        "Net Income From Continuing And Discontinued Operation": NaN,
        "Total Expenses": NaN,
        "Total Operating Income As Reported": NaN,
        "Diluted Average Shares": NaN,
        "Basic Average Shares": NaN,
        "Diluted EPS": NaN,
        "Basic EPS": NaN,
        "Diluted NI Availto Com Stockholders": NaN,
        "Net Income Common Stockholders": NaN,
        "Net Income": NaN,
        "Minority Interests": NaN,
        "Net Income Including Noncontrolling Interests": NaN,
        "Net Income Discontinuous Operations": 12235000.0,
        "Net Income Continuous Operations": NaN,
        "Tax Provision": NaN,
        "Pretax Income": NaN,
        "Other Income Expense": 12072000.0,
        "Other Non Operating Income Expenses": 72000.0,
        "Special Income Charges": 12000000.0,
        "Other Special Charges": -12000000.0,
        "Gain On Sale Of Security": NaN,
        "Net Non Operating Interest Income Expense": 55000.0,
        "Total Other Finance Cost": NaN,
        "Interest Income Non Operating": 55000.0,
        "Operating Income": NaN,
        "Operating Expense": NaN,
        "Selling General And Administration": NaN,
        "Selling And Marketing Expense": 0.0,
        "General And Administrative Expense": 488000.0,
        "Other Gand A": 488000.0,
        "Gross Profit": 838000.0,
        "Cost Of Revenue": 4031000.0,
        "Total Revenue": NaN,
        "Operating Revenue": NaN
    },
    "2022-06-30": {
        "Tax Effect Of Unusual Items": 0.0,
        "Tax Rate For Calcs": 0.4,
        "Normalized EBITDA": -1086000.0,
        "Total Unusual Items": 0.0,
        "Total Unusual Items Excluding Goodwill": 0.0,
        "Net Income From Continuing Operation Net Minority Interest": -1084000.0,
        "Reconciled Depreciation": 15000.0,
        "Reconciled Cost Of Revenue": 2838000.0,
        "EBITDA": -1086000.0,
        "EBIT": -1101000.0,
        "Net Interest Income": NaN,
        "Interest Income": NaN,
        "Normalized Income": -1084000.0,
        "Net Income From Continuing And Discontinued Operation": -1084000.0,
        "Total Expenses": 4355000.0,
        "Total Operating Income As Reported": -1101000.0,
        "Diluted Average Shares": 1788000.0,
        "Basic Average Shares": 1788000.0,
        "Diluted EPS": -0.61,
        "Basic EPS": -0.61,
        "Diluted NI Availto Com Stockholders": -1084000.0,
        "Net Income Common Stockholders": -1084000.0,
        "Net Income": -1084000.0,
        "Net Income Including Noncontrolling Interests": -1084000.0,
        "Net Income Continuous Operations": -1084000.0,
        "Tax Provision": 14000.0,
        "Pretax Income": -1070000.0,
        "Other Income Expense": 31000.0,
        "Other Non Operating Income Expenses": 31000.0,
        "Special Income Charges": 0.0,
        "Other Special Charges": NaN,
        "Net Non Operating Interest Income Expense": NaN,
        "Interest Income Non Operating": NaN,
        "Operating Income": -1101000.0,
        "Operating Expense": 1517000.0,
        "Selling General And Administration": 1517000.0,
        "Selling And Marketing Expense": 569000.0,
        "General And Administrative Expense": 948000.0,
        "Other Gand A": 948000.0,
        "Gross Profit": 416000.0,
        "Cost Of Revenue": 2838000.0,
        "Total Revenue": 3254000.0,
        "Operating Revenue": 3254000.0
    },
    "2023-06-30": {
        "Tax Effect Of Unusual Items": 0.0,
        "Tax Rate For Calcs": 0.21,
        "Normalized EBITDA": -545000.0,
        "Total Unusual Items": NaN,
        "Total Unusual Items Excluding Goodwill": NaN,
        "Net Income From Continuing Operation Net Minority Interest": -426000.0,
        "Reconciled Depreciation": 12000.0,
        "Reconciled Cost Of Revenue": 0.0,
        "EBITDA": -545000.0,
        "EBIT": -557000.0,
        "Net Interest Income": 135000.0,
        "Interest Income": 135000.0,
        "Normalized Income": -426000.0,
        "Net Income From Continuing And Discontinued Operation": -36000.0,
        "Total Expenses": 557000.0,
        "Total Operating Income As Reported": -557000.0,
        "Diluted Average Shares": 1798000.0,
        "Basic Average Shares": 1798000.0,
        "Diluted EPS": -0.02,
        "Basic EPS": -0.02,
        "Diluted NI Availto Com Stockholders": -36000.0,
        "Net Income Common Stockholders": -36000.0,
        "Net Income": -36000.0,
        "Minority Interests": 0.0,
        "Net Income Including Noncontrolling Interests": -36000.0,
        "Net Income Discontinuous Operations": 390000.0,
        "Net Income Continuous Operations": -426000.0,
        "Tax Provision": 4000.0,
        "Pretax Income": -422000.0,
        "Other Income Expense": NaN,
        "Other Non Operating Income Expenses": NaN,
        "Gain On Sale Of Security": NaN,
        "Net Non Operating Interest Income Expense": 135000.0,
        "Total Other Finance Cost": -135000.0,
        "Interest Income Non Operating": 135000.0,
        "Operating Income": -557000.0,
        "Operating Expense": 557000.0,
        "Selling General And Administration": 557000.0,
        "Selling And Marketing Expense": 661000.0,
        "General And Administrative Expense": 1129000.0,
        "Other Gand A": 1129000.0,
        "Gross Profit": 0.0,
        "Cost Of Revenue": 0.0,
        "Total Revenue": 0.0,
        "Operating Revenue": 0.0
    },
    "2023-09-30": {
        "Tax Effect Of Unusual Items": 0.0,
        "Tax Rate For Calcs": 0.007227,
        "Normalized EBITDA": -1633000.0,
        "Total Unusual Items": NaN,
        "Total Unusual Items Excluding Goodwill": NaN,
        "Net Income From Continuing Operation Net Minority Interest": -1511000.0,
        "Reconciled Depreciation": -23000.0,
        "Reconciled Cost Of Revenue": NaN,
        "EBITDA": -1633000.0,
        "EBIT": -1633000.0,
        "Net Interest Income": 111000.0,
        "Interest Income": 111000.0,
        "Normalized Income": -1511000.0,
        "Net Income From Continuing And Discontinued Operation": 1126000.0,
        "Total Expenses": 1633000.0,
        "Total Operating Income As Reported": -1633000.0,
        "Diluted Average Shares": 1785000.0,
        "Basic Average Shares": 1785000.0,
        "Diluted EPS": 0.63,
        "Basic EPS": 0.63,
        "Diluted NI Availto Com Stockholders": 1126000.0,
        "Net Income Common Stockholders": 1126000.0,
        "Net Income": 1126000.0,
        "Minority Interests": NaN,
        "Net Income Including Noncontrolling Interests": 1126000.0,
        "Net Income Discontinuous Operations": 2637000.0,
        "Net Income Continuous Operations": -1511000.0,
        "Tax Provision": -11000.0,
        "Pretax Income": -1522000.0,
        "Other Income Expense": NaN,
        "Other Non Operating Income Expenses": NaN,
        "Gain On Sale Of Security": NaN,
        "Net Non Operating Interest Income Expense": 111000.0,
        "Total Other Finance Cost": NaN,
        "Interest Income Non Operating": 111000.0,
        "Operating Income": -1633000.0,
        "Operating Expense": 1633000.0,
        "Selling General And Administration": 1633000.0,
        "Selling And Marketing Expense": 69000.0,
        "General And Administrative Expense": 1564000.0,
        "Other Gand A": 1564000.0,
        "Gross Profit": NaN,
        "Cost Of Revenue": NaN,
        "Total Revenue": 0.0,
        "Operating Revenue": 0.0
    },
    "2024-03-31": {
        "Tax Effect Of Unusual Items": 9270.0,
        "Tax Rate For Calcs": 0.206,
        "Normalized EBITDA": -1239000.0,
        "Total Unusual Items": 45000.0,
        "Total Unusual Items Excluding Goodwill": 45000.0,
        "Net Income From Continuing Operation Net Minority Interest": -1113000.0,
        "Reconciled Depreciation": 300000.0,
        "Reconciled Cost Of Revenue": 6139000.0,
        "EBITDA": -1194000.0,
        "EBIT": -1494000.0,
        "Net Interest Income": -225000.0,
        "Interest Income": NaN,
        "Normalized Income": -1148730.0,
        "Net Income From Continuing And Discontinued Operation": -1041000.0,
        "Total Expenses": 9527000.0,
        "Total Operating Income As Reported": -1494000.0,
        "Diluted Average Shares": 1743000.0,
        "Basic Average Shares": 1743000.0,
        "Diluted EPS": -0.73,
        "Basic EPS": -0.73,
        "Diluted NI Availto Com Stockholders": -1041000.0,
        "Net Income Common Stockholders": -1041000.0,
        "Net Income": -1041000.0,
        "Minority Interests": 223000.0,
        "Net Income Including Noncontrolling Interests": -1264000.0,
        "Net Income Discontinuous Operations": 72000.0,
        "Net Income Continuous Operations": -1336000.0,
        "Tax Provision": -347000.0,
        "Pretax Income": -1683000.0,
        "Other Income Expense": 36000.0,
        "Other Non Operating Income Expenses": -9000.0,
        "Gain On Sale Of Security": 45000.0,
        "Net Non Operating Interest Income Expense": -225000.0,
        "Total Other Finance Cost": 225000.0,
        "Interest Income Non Operating": NaN,
        "Operating Income": -1494000.0,
        "Operating Expense": 3388000.0,
        "Selling General And Administration": 3388000.0,
        "Selling And Marketing Expense": NaN,
        "General And Administrative Expense": NaN,
        "Other Gand A": NaN,
        "Gross Profit": 1894000.0,
        "Cost Of Revenue": 6139000.0,
        "Total Revenue": 8033000.0,
        "Operating Revenue": 8033000.0
    },
    "2024-06-30": {
        "Tax Effect Of Unusual Items": 1671.903882,
        "Tax Rate For Calcs": 0.185767,
        "Normalized EBITDA": 681000.0,
        "Total Unusual Items": 9000.0,
        "Total Unusual Items Excluding Goodwill": 9000.0,
        "Net Income From Continuing Operation Net Minority Interest": -809000.0,
        "Reconciled Depreciation": 808000.0,
        "Reconciled Cost Of Revenue": 12803000.0,
        "EBITDA": 690000.0,
        "EBIT": -118000.0,
        "Net Interest Income": -964000.0,
        "Interest Income": NaN,
        "Normalized Income": -816328.096118,
        "Net Income From Continuing And Discontinued Operation": -745000.0,
        "Total Expenses": 16898000.0,
        "Total Operating Income As Reported": -118000.0,
        "Diluted Average Shares": 1770000.0,
        "Basic Average Shares": 1770000.0,
        "Diluted EPS": -0.42,
        "Basic EPS": -0.42,
        "Diluted NI Availto Com Stockholders": -745000.0,
        "Net Income Common Stockholders": -745000.0,
        "Net Income": -745000.0,
        "Minority Interests": 72000.0,
        "Net Income Including Noncontrolling Interests": -817000.0,
        "Net Income Discontinuous Operations": 64000.0,
        "Net Income Continuous Operations": -881000.0,
        "Tax Provision": -201000.0,
        "Pretax Income": -1082000.0,
        "Other Income Expense": NaN,
        "Other Non Operating Income Expenses": -9000.0,
        "Gain On Sale Of Security": 9000.0,
        "Net Non Operating Interest Income Expense": -964000.0,
        "Total Other Finance Cost": 964000.0,
        "Interest Income Non Operating": NaN,
        "Operating Income": -118000.0,
        "Operating Expense": 4095000.0,
        "Selling General And Administration": 4095000.0,
        "Selling And Marketing Expense": NaN,
        "General And Administrative Expense": NaN,
        "Other Gand A": NaN,
        "Gross Profit": 3977000.0,
        "Cost Of Revenue": 12803000.0,
        "Total Revenue": 16780000.0,
        "Operating Revenue": 16780000.0
    }
}