{
    "2023-05-31": {
        "Tax Effect Of Unusual Items": -1365000.0,
        "Tax Rate For Calcs": 0.21,
        "Normalized EBITDA": 52300000.0,
        "Total Unusual Items": -6500000.0,
        "Total Unusual Items Excluding Goodwill": -6500000.0,
        "Net Income From Continuing Operation Net Minority Interest": -1600000.0,
        "Reconciled Depreciation": 39800000.0,
        "Reconciled Cost Of Revenue": 552600000.0,
        "EBITDA": 45800000.0,
        "EBIT": 6000000.0,
        "Net Interest Income": -13200000.0,
        "Interest Expense": 13200000.0,
        "Normalized Income": 3535000.0,
        "Net Income From Continuing And Discontinued Operation": -1600000.0,
        "Total Expenses": 1320400000.0,
        "Total Operating Income As Reported": 9900000.0,
        "Diluted Average Shares": 397455261.0,
        "Basic Average Shares": 397455261.0,
        "Diluted EPS": -0.004026,
        "Basic EPS": -0.004026,
        "Diluted NI Availto Com Stockholders": -1600000.0,
        "Net Income Common Stockholders": -1600000.0,
        "Net Income": -1600000.0,
        "Net Income Including Noncontrolling Interests": -1600000.0,
        "Net Income Continuous Operations": -1600000.0,
        "Tax Provision": -5600000.0,
        "Pretax Income": -7200000.0,
        "Other Income Expense": -10400000.0,
        "Other Non Operating Income Expenses": -3900000.0,
        "Special Income Charges": -6500000.0,
        "Other Special Charges": NaN,
        "Impairment Of Capital Assets": NaN,
        "Restructuring And Mergern Acquisition": 6500000.0,
        "Gain On Sale Of Security": -3400000.0,
        "Net Non Operating Interest Income Expense": -13200000.0,
        "Interest Expense Non Operating": 13200000.0,
        "Operating Income": 16400000.0,
        "Operating Expense": 767800000.0,
        "Other Operating Expenses": NaN,
        "Selling General And Administration": 767800000.0,
        "Selling And Marketing Expense": 462000000.0,
        "General And Administrative Expense": 305800000.0,
        "Other Gand A": 305800000.0,
        "Salaries And Wages": NaN,
        "Gross Profit": 784200000.0,
        "Cost Of Revenue": 552600000.0,
        "Total Revenue": 1336800000.0,
        "Operating Revenue": 1336800000.0
    },
    "2023-02-28": {
        "Tax Effect Of Unusual Items": -2006400.0,
        "Tax Rate For Calcs": 0.176,
        "Normalized EBITDA": 200900000.0,
        "Total Unusual Items": -11400000.0,
        "Total Unusual Items Excluding Goodwill": -11400000.0,
        "Net Income From Continuing Operation Net Minority Interest": 114700000.0,
        "Reconciled Depreciation": 39600000.0,
        "Reconciled Cost Of Revenue": 746600000.0,
        "EBITDA": 189500000.0,
        "EBIT": 149900000.0,
        "Net Interest Income": -10700000.0,
        "Interest Expense": 10700000.0,
        "Normalized Income": 124093600.0,
        "Net Income From Continuing And Discontinued Operation": 114700000.0,
        "Total Expenses": 1520100000.0,
        "Total Operating Income As Reported": 157400000.0,
        "Diluted Average Shares": 400360529.0,
        "Basic Average Shares": 395956182.0,
        "Diluted EPS": 0.29,
        "Basic EPS": 0.29,
        "Diluted NI Availto Com Stockholders": 114700000.0,
        "Net Income Common Stockholders": 114700000.0,
        "Net Income": 114700000.0,
        "Net Income Including Noncontrolling Interests": 114700000.0,
        "Net Income Continuous Operations": 114700000.0,
        "Tax Provision": 24500000.0,
        "Pretax Income": 139200000.0,
        "Other Income Expense": -18900000.0,
        "Other Non Operating Income Expenses": -7500000.0,
        "Special Income Charges": -11400000.0,
        "Other Special Charges": NaN,
        "Impairment Of Capital Assets": NaN,
        "Restructuring And Mergern Acquisition": 11400000.0,
        "Gain On Sale Of Security": -7900000.0,
        "Net Non Operating Interest Income Expense": -10700000.0,
        "Interest Expense Non Operating": 10700000.0,
        "Operating Income": 168800000.0,
        "Operating Expense": 773500000.0,
        "Other Operating Expenses": NaN,
        "Selling General And Administration": 773500000.0,
        "Selling And Marketing Expense": 449200000.0,
        "General And Administrative Expense": 324300000.0,
        "Other Gand A": 324300000.0,
        "Salaries And Wages": NaN,
        "Gross Profit": 942300000.0,
        "Cost Of Revenue": 746600000.0,
        "Total Revenue": 1688900000.0,
        "Operating Revenue": 1688900000.0
    },
    "2022-11-30": {
        "Tax Effect Of Unusual Items": NaN,
        "Tax Rate For Calcs": NaN,
        "Normalized EBITDA": NaN,
        "Total Unusual Items": NaN,
        "Total Unusual Items Excluding Goodwill": NaN,
        "Net Income From Continuing Operation Net Minority Interest": NaN,
        "Reconciled Depreciation": NaN,
        "Reconciled Cost Of Revenue": NaN,
        "EBITDA": NaN,
        "EBIT": NaN,
        "Net Interest Income": NaN,
        "Interest Expense": NaN,
        "Normalized Income": NaN,
        "Net Income From Continuing And Discontinued Operation": NaN,
        "Total Expenses": NaN,
        "Total Operating Income As Reported": NaN,
        "Diluted Average Shares": NaN,
        "Basic Average Shares": NaN,
        "Diluted EPS": NaN,
        "Basic EPS": NaN,
        "Diluted NI Availto Com Stockholders": NaN,
        "Net Income Common Stockholders": NaN,
        "Net Income": NaN,
        "Net Income Including Noncontrolling Interests": NaN,
        "Net Income Continuous Operations": NaN,
        "Tax Provision": NaN,
        "Pretax Income": NaN,
        "Other Income Expense": NaN,
        "Other Non Operating Income Expenses": NaN,
        "Special Income Charges": NaN,
        "Other Special Charges": 24000.0,
        "Impairment Of Capital Assets": NaN,
        "Restructuring And Mergern Acquisition": NaN,
        "Gain On Sale Of Security": 7484000.0,
        "Net Non Operating Interest Income Expense": NaN,
        "Interest Expense Non Operating": NaN,
        "Operating Income": NaN,
        "Operating Expense": NaN,
        "Other Operating Expenses": 24000.0,
        "Selling General And Administration": NaN,
        "Selling And Marketing Expense": NaN,
        "General And Administrative Expense": NaN,
        "Other Gand A": NaN,
        "Salaries And Wages": NaN,
        "Gross Profit": NaN,
        "Cost Of Revenue": NaN,
        "Total Revenue": NaN,
        "Operating Revenue": NaN
    },
    "2022-08-31": {
        "Tax Effect Of Unusual Items": NaN,
        "Tax Rate For Calcs": NaN,
        "Normalized EBITDA": NaN,
        "Total Unusual Items": NaN,
        "Total Unusual Items Excluding Goodwill": NaN,
        "Net Income From Continuing Operation Net Minority Interest": NaN,
        "Reconciled Depreciation": NaN,
        "Reconciled Cost Of Revenue": NaN,
        "EBITDA": NaN,
        "EBIT": NaN,
        "Net Interest Income": NaN,
        "Interest Expense": NaN,
        "Normalized Income": NaN,
        "Net Income From Continuing And Discontinued Operation": NaN,
        "Total Expenses": NaN,
        "Total Operating Income As Reported": NaN,
        "Diluted Average Shares": NaN,
        "Basic Average Shares": NaN,
        "Diluted EPS": NaN,
        "Basic EPS": NaN,
        "Diluted NI Availto Com Stockholders": NaN,
        "Net Income Common Stockholders": NaN,
        "Net Income": NaN,
        "Net Income Including Noncontrolling Interests": NaN,
        "Net Income Continuous Operations": NaN,
        "Tax Provision": NaN,
        "Pretax Income": NaN,
        "Other Income Expense": NaN,
        "Other Non Operating Income Expenses": NaN,
        "Special Income Charges": NaN,
        "Other Special Charges": NaN,
        "Impairment Of Capital Assets": 0.0,
        "Restructuring And Mergern Acquisition": NaN,
        "Gain On Sale Of Security": NaN,
        "Net Non Operating Interest Income Expense": NaN,
        "Interest Expense Non Operating": NaN,
        "Operating Income": NaN,
        "Operating Expense": NaN,
        "Other Operating Expenses": NaN,
        "Selling General And Administration": NaN,
        "Selling And Marketing Expense": NaN,
        "General And Administrative Expense": 663800000.0,
        "Other Gand A": 663800000.0,
        "Salaries And Wages": 0.0,
        "Gross Profit": NaN,
        "Cost Of Revenue": NaN,
        "Total Revenue": NaN,
        "Operating Revenue": NaN
    },
    "2022-05-31": {
        "Tax Effect Of Unusual Items": 426341.0,
        "Tax Rate For Calcs": 0.361,
        "Normalized EBITDA": 119796000.0,
        "Total Unusual Items": 1181000.0,
        "Total Unusual Items Excluding Goodwill": 1181000.0,
        "Net Income From Continuing Operation Net Minority Interest": 49742000.0,
        "Reconciled Depreciation": 38807000.0,
        "Reconciled Cost Of Revenue": 616126000.0,
        "EBIT": 82170000.0,
        "Net Interest Income": -4360000.0,
        "Interest Expense": 4360000.0,
        "Normalized Income": 48987341.0,
        "Net Income From Continuing And Discontinued Operation": 49742000.0,
        "Total Expenses": 1394983000.0,
        "Total Operating Income As Reported": 76166000.0,
        "Diluted Average Shares": 403782416.0,
        "Basic Average Shares": 397882576.0,
        "Diluted EPS": 0.12,
        "Basic EPS": 0.13,
        "Diluted NI Availto Com Stockholders": 49742000.0,
        "Net Income Common Stockholders": 49742000.0,
        "Net Income": 49742000.0,
        "Net Income Including Noncontrolling Interests": 49742000.0,
        "Net Income Continuous Operations": 49742000.0,
        "Tax Provision": 28068000.0,
        "Pretax Income": 77810000.0,
        "Other Income Expense": 6004000.0,
        "Other Non Operating Income Expenses": 4823000.0,
        "Special Income Charges": 0.0,
        "Other Special Charges": NaN,
        "Restructuring And Mergern Acquisition": NaN,
        "Gain On Sale Of Security": 1181000.0,
        "Net Non Operating Interest Income Expense": -4360000.0,
        "Interest Expense Non Operating": 4360000.0,
        "Operating Income": 76166000.0,
        "Operating Expense": 778857000.0,
        "Other Operating Expenses": NaN,
        "Selling General And Administration": 778857000.0,
        "Selling And Marketing Expense": NaN,
        "General And Administrative Expense": NaN,
        "Other Gand A": NaN,
        "Gross Profit": 855023000.0,
        "Cost Of Revenue": 616126000.0,
        "Total Revenue": 1471149000.0,
        "Operating Revenue": 1471149000.0
    },
    "2022-02-28": {
        "Diluted EPS": 0.48,
        "Total Revenue": NaN,
        "Gross Profit": 944,
        "Operating Income": 234,
        "EBIT": 273,
        "Net Income": 196
    },
    "2021-11-30": {
        "Diluted EPS": 0.37,
        "Total Revenue": NaN,
        "Gross Profit": 974,
        "Operating Income": 186,
        "EBIT": 224,
        "Net Income": 153
    },
    "2021-08-31": {
        "Diluted EPS": 0.47,
        "Total Revenue": NaN,
        "Gross Profit": 862,
        "Operating Income": 216,
        "EBIT": 252,
        "Net Income": 193
    },
    "2021-05-31": {
        "Diluted EPS": 0.16,
        "Total Revenue": NaN,
        "Gross Profit": 750,
        "Operating Income": 106,
        "EBIT": 141,
        "Net Income": 65
    },
    "2021-02-28": {
        "Diluted EPS": 0.35,
        "Total Revenue": NaN,
        "Gross Profit": 760,
        "Operating Income": 177,
        "EBIT": 213,
        "Net Income": 143
    },
    "2020-11-30": {
        "Diluted EPS": 0.15,
        "Total Revenue": NaN,
        "Gross Profit": 767,
        "Operating Income": 92,
        "EBIT": 129,
        "Net Income": 57
    },
    "2020-08-31": {
        "Diluted EPS": 0.07,
        "Total Revenue": NaN,
        "Gross Profit": 577,
        "Operating Income": 92,
        "EBIT": 126,
        "Net Income": 27
    },
    "2020-05-31": {
        "Diluted EPS": -0.91,
        "Total Revenue": 498,
        "Gross Profit": 170,
        "Operating Income": -448,
        "EBIT": -413,
        "Net Income": -364
    },
    "2020-02-29": {
        "Diluted EPS": 0.37,
        "Total Revenue": NaN,
        "Gross Profit": 839,
        "Operating Income": 179,
        "EBIT": 215,
        "Net Income": 153
    },
    "2019-11-30": {
        "Diluted EPS": 0.23,
        "Total Revenue": NaN,
        "Gross Profit": 851,
        "Operating Income": 132,
        "EBIT": 165,
        "Net Income": 95
    },
    "2019-08-31": {
        "Diluted EPS": 0.3,
        "Total Revenue": NaN,
        "Gross Profit": 767,
        "Operating Income": 171,
        "EBIT": 196,
        "Net Income": 125
    },
    "2019-05-31": {
        "Diluted EPS": 0.07,
        "Total Revenue": NaN,
        "Gross Profit": 700,
        "Operating Income": 63,
        "EBIT": 97,
        "Net Income": 28
    },
    "2019-02-28": {
        "Diluted EPS": 0.37,
        "Total Revenue": NaN,
        "Gross Profit": 783,
        "Operating Income": 201,
        "EBIT": 233,
        "Net Income": 147
    },
    "2018-11-30": {
        "Diluted EPS": 0.26,
        "Total Revenue": NaN,
        "Gross Profit": 847,
        "Operating Income": 129,
        "EBIT": 147,
        "Net Income": 97
    },
    "2018-08-31": {
        "Diluted EPS": 0.33,
        "Total Revenue": NaN,
        "Gross Profit": 742,
        "Operating Income": 159,
        "EBIT": 197,
        "Net Income": 130
    },
    "2018-05-31": {
        "Diluted EPS": 0.19,
        "Total Revenue": NaN,
        "Gross Profit": 671,
        "Operating Income": 77,
        "EBIT": 106,
        "Net Income": 75
    },
    "2018-02-28": {
        "Diluted EPS": -0.05,
        "Total Revenue": NaN,
        "Gross Profit": 738,
        "Operating Income": 175,
        "EBIT": 211,
        "Net Income": -19
    },
    "2017-11-30": {
        "Diluted EPS": 0.0,
        "Total Revenue": NaN,
        "Gross Profit": 783,
        "Operating Income": 163,
        "EBIT": 213,
        "Net Income": 116
    },
    "2017-08-31": {
        "Diluted EPS": 0.0,
        "Total Revenue": NaN,
        "Gross Profit": 657,
        "Operating Income": 146,
        "EBIT": 187,
        "Net Income": 88
    },
    "2017-05-31": {
        "Diluted EPS": 0.0,
        "Total Revenue": NaN,
        "Gross Profit": 558,
        "Operating Income": 63,
        "EBIT": 91,
        "Net Income": 18
    },
    "2017-02-28": {
        "Diluted EPS": 0.0,
        "Total Revenue": NaN,
        "Gross Profit": 565,
        "Operating Income": 108,
        "EBIT": 136,
        "Net Income": 60
    },
    "2016-11-30": {
        "Diluted EPS": 0.0,
        "Total Revenue": NaN,
        "Gross Profit": 659,
        "Operating Income": 143,
        "EBIT": 186,
        "Net Income": 96
    },
    "2016-08-31": {
        "Diluted EPS": 0.0,
        "Total Revenue": NaN,
        "Gross Profit": 593,
        "Operating Income": 145,
        "EBIT": 170,
        "Net Income": 98
    },
    "2016-05-31": {
        "Diluted EPS": 0.0,
        "Total Revenue": NaN,
        "Gross Profit": 517,
        "Operating Income": 58,
        "EBIT": 80,
        "Net Income": 31
    },
    "2016-02-29": {
        "Diluted EPS": 0.0,
        "Total Revenue": NaN,
        "Gross Profit": 560,
        "Operating Income": 117,
        "EBIT": 145,
        "Net Income": 66
    },
    "2015-11-30": {
        "Diluted EPS": 0.0,
        "Total Revenue": NaN,
        "Gross Profit": 658,
        "Operating Income": 161,
        "EBIT": 203,
        "Net Income": 101
    },
    "2015-08-31": {
        "Diluted EPS": 0.0,
        "Total Revenue": NaN,
        "Gross Profit": 573,
        "Operating Income": 115,
        "EBIT": 132,
        "Net Income": 58
    },
    "2015-05-31": {
        "Diluted EPS": 0.0,
        "Total Revenue": NaN,
        "Gross Profit": 500,
        "Operating Income": 48,
        "EBIT": 80,
        "Net Income": 12
    },
    "2015-02-28": {
        "Diluted EPS": 0.0,
        "Total Revenue": NaN,
        "Gross Profit": 537,
        "Operating Income": 107,
        "EBIT": 134,
        "Net Income": 38
    },
    "2014-11-30": {
        "Diluted EPS": 0.0,
        "Total Revenue": NaN,
        "Gross Profit": 680,
        "Operating Income": 50,
        "EBIT": 123,
        "Net Income": -6
    },
    "2014-08-31": {
        "Diluted EPS": 0.0,
        "Total Revenue": NaN,
        "Gross Profit": 562,
        "Operating Income": 105,
        "EBIT": 134,
        "Net Income": 51
    },
    "2014-05-31": {
        "Diluted EPS": 0.0,
        "Total Revenue": NaN,
        "Gross Profit": 530,
        "Operating Income": 65,
        "EBIT": 93,
        "Net Income": 11
    },
    "2014-02-28": {
        "Diluted EPS": 0.0,
        "Total Revenue": NaN,
        "Gross Profit": 576,
        "Operating Income": 94,
        "EBIT": 122,
        "Net Income": 50
    },
    "2013-11-30": {
        "Diluted EPS": 0.0,
        "Total Revenue": NaN,
        "Gross Profit": 637,
        "Operating Income": 66,
        "EBIT": 118,
        "Net Income": 17
    },
    "2013-08-31": {
        "Diluted EPS": 0.0,
        "Total Revenue": NaN,
        "Gross Profit": 573,
        "Operating Income": 118,
        "EBIT": 149,
        "Net Income": 57
    },
    "2013-05-31": {
        "Diluted EPS": 0.0,
        "Total Revenue": NaN,
        "Gross Profit": 549,
        "Operating Income": 100,
        "EBIT": 130,
        "Net Income": 48
    },
    "2013-02-28": {
        "Diluted EPS": 0.0,
        "Total Revenue": NaN,
        "Gross Profit": 592,
        "Operating Income": 181,
        "EBIT": 211,
        "Net Income": 107
    },
    "2012-11-30": {
        "Diluted EPS": 0.0,
        "Total Revenue": NaN,
        "Gross Profit": 649,
        "Operating Income": 91,
        "EBIT": 125,
        "Net Income": 53
    },
    "2012-08-31": {
        "Diluted EPS": 0.0,
        "Total Revenue": NaN,
        "Gross Profit": 521,
        "Operating Income": 87,
        "EBIT": 117,
        "Net Income": 28
    },
    "2012-05-31": {
        "Diluted EPS": 0.0,
        "Total Revenue": NaN,
        "Gross Profit": 481,
        "Operating Income": 46,
        "EBIT": 78,
        "Net Income": 13
    },
    "2012-02-29": {
        "Diluted EPS": 0.0,
        "Total Revenue": NaN,
        "Gross Profit": 549,
        "Operating Income": 110,
        "EBIT": 143,
        "Net Income": 49
    },
    "2011-11-30": {
        "Diluted EPS": 0.0,
        "Total Revenue": NaN,
        "Gross Profit": 624,
        "Operating Income": 92,
        "EBIT": 114,
        "Net Income": 44
    },
    "2011-08-31": {
        "Diluted EPS": 0.0,
        "Total Revenue": NaN,
        "Gross Profit": 569,
        "Operating Income": 81,
        "EBIT": 112,
        "Net Income": 32
    },
    "2011-05-31": {
        "Diluted EPS": 0.0,
        "Total Revenue": NaN,
        "Gross Profit": 541,
        "Operating Income": 65,
        "EBIT": 95,
        "Net Income": 21
    },
    "2011-02-28": {
        "Diluted EPS": 0.0,
        "Total Revenue": NaN,
        "Gross Profit": 558,
        "Operating Income": 99,
        "EBIT": 128,
        "Net Income": 41
    },
    "2010-11-30": {
        "Diluted EPS": 0.0,
        "Total Revenue": NaN,
        "Gross Profit": 647,
        "Operating Income": 119,
        "EBIT": 150,
        "Net Income": 86
    },
    "2010-08-31": {
        "Diluted EPS": 0.0,
        "Total Revenue": NaN,
        "Gross Profit": 544,
        "Operating Income": 86,
        "EBIT": 112,
        "Net Income": 28
    },
    "2010-05-31": {
        "Diluted EPS": 0.0,
        "Total Revenue": 977,
        "Gross Profit": 499,
        "Operating Income": 69,
        "EBIT": 97,
        "Net Income": -14
    },
    "2010-02-28": {
        "Diluted EPS": 0.0,
        "Total Revenue": NaN,
        "Gross Profit": 533,
        "Operating Income": 107,
        "EBIT": 135,
        "Net Income": 56
    },
    "2009-11-30": {
        "Diluted EPS": 0.0,
        "Total Revenue": NaN,
        "Gross Profit": 618,
        "Operating Income": 118,
        "EBIT": 140,
        "Net Income": 67
    },
    "2009-08-31": {
        "Diluted EPS": 0.0,
        "Total Revenue": NaN,
        "Gross Profit": 494,
        "Operating Income": 98,
        "EBIT": 116,
        "Net Income": 41
    },
    "2009-05-31": {
        "Diluted EPS": 0.0,
        "Total Revenue": 905,
        "Gross Profit": 415,
        "Operating Income": 56,
        "EBIT": 71,
        "Net Income": -4
    },
    "2009-02-28": {
        "Diluted EPS": 0.0,
        "Total Revenue": 951,
        "Gross Profit": 445,
        "Operating Income": 106,
        "EBIT": 120,
        "Net Income": 48
    },
    "2023-08-31": {
        "Tax Effect Of Unusual Items": -19950000.0,
        "Tax Rate For Calcs": 0.21,
        "Normalized EBITDA": 145900000.0,
        "Total Unusual Items": -95000000.0,
        "Total Unusual Items Excluding Goodwill": -95000000.0,
        "Net Income From Continuing Operation Net Minority Interest": 9600000.0,
        "Reconciled Depreciation": 42800000.0,
        "Reconciled Cost Of Revenue": 671500000.0,
        "EBITDA": 50900000.0,
        "EBIT": 8100000.0,
        "Net Interest Income": -11500000.0,
        "Interest Expense": 11500000.0,
        "Normalized Income": 84650000.0,
        "Net Income From Continuing And Discontinued Operation": 9600000.0,
        "Total Expenses": 1405000000.0,
        "Total Operating Income As Reported": 34800000.0,
        "Diluted Average Shares": 400992735.0,
        "Basic Average Shares": 397767394.0,
        "Diluted EPS": 0.02,
        "Basic EPS": 0.02,
        "Diluted NI Availto Com Stockholders": 9600000.0,
        "Net Income Common Stockholders": 9600000.0,
        "Net Income": 9600000.0,
        "Net Income Including Noncontrolling Interests": 9600000.0,
        "Net Income Continuous Operations": 9600000.0,
        "Tax Provision": -13000000.0,
        "Pretax Income": -3400000.0,
        "Other Income Expense": -97900000.0,
        "Other Non Operating Income Expenses": -2900000.0,
        "Special Income Charges": -90200000.0,
        "Other Special Charges": NaN,
        "Impairment Of Capital Assets": 90200000.0,
        "Restructuring And Mergern Acquisition": NaN,
        "Gain On Sale Of Security": -4800000.0,
        "Net Non Operating Interest Income Expense": -11500000.0,
        "Interest Expense Non Operating": 11500000.0,
        "Operating Income": 106000000.0,
        "Operating Expense": 733500000.0,
        "Other Operating Expenses": NaN,
        "Selling General And Administration": 733500000.0,
        "Selling And Marketing Expense": NaN,
        "General And Administrative Expense": 733500000.0,
        "Other Gand A": 714500000.0,
        "Salaries And Wages": 19000000.0,
        "Gross Profit": 839500000.0,
        "Cost Of Revenue": 671500000.0,
        "Total Revenue": 1511000000.0,
        "Operating Revenue": 1511000000.0
    },
    "2023-11-30": {
        "Tax Effect Of Unusual Items": -1697144.948755,
        "Tax Rate For Calcs": 0.07101,
        "Normalized EBITDA": 214100000.0,
        "Total Unusual Items": -23900000.0,
        "Total Unusual Items Excluding Goodwill": -23900000.0,
        "Net Income From Continuing Operation Net Minority Interest": 126900000.0,
        "Reconciled Depreciation": 43100000.0,
        "Reconciled Cost Of Revenue": 692600000.0,
        "EBITDA": 190200000.0,
        "EBIT": 147100000.0,
        "Net Interest Income": -10500000.0,
        "Interest Expense": 10500000.0,
        "Normalized Income": 149102855.051245,
        "Net Income From Continuing And Discontinued Operation": 126900000.0,
        "Total Expenses": 1470800000.0,
        "Total Operating Income As Reported": 151200000.0,
        "Diluted Average Shares": 401583297.0,
        "Basic Average Shares": 398058884.0,
        "Diluted EPS": 0.32,
        "Basic EPS": 0.32,
        "Diluted NI Availto Com Stockholders": 126900000.0,
        "Net Income Common Stockholders": 126900000.0,
        "Net Income": 126900000.0,
        "Net Income Including Noncontrolling Interests": 126900000.0,
        "Net Income Continuous Operations": 126900000.0,
        "Tax Provision": 9700000.0,
        "Pretax Income": 136600000.0,
        "Other Income Expense": -24400000.0,
        "Other Non Operating Income Expenses": -500000.0,
        "Special Income Charges": -20300000.0,
        "Other Special Charges": NaN,
        "Impairment Of Capital Assets": 0.0,
        "Restructuring And Mergern Acquisition": NaN,
        "Gain On Sale Of Security": -3600000.0,
        "Net Non Operating Interest Income Expense": -10500000.0,
        "Interest Expense Non Operating": 10500000.0,
        "Operating Income": 171500000.0,
        "Operating Expense": 778200000.0,
        "Other Operating Expenses": NaN,
        "Selling General And Administration": 778200000.0,
        "Selling And Marketing Expense": NaN,
        "General And Administrative Expense": -1025100000.0,
        "Other Gand A": -1025100000.0,
        "Salaries And Wages": 0.0,
        "Gross Profit": 949700000.0,
        "Cost Of Revenue": 692600000.0,
        "Total Revenue": 1642300000.0,
        "Operating Revenue": 1642300000.0
    },
    "2024-05-31": {
        "Tax Effect Of Unusual Items": -11571000.0,
        "Tax Rate For Calcs": 0.21,
        "Normalized EBITDA": 121500000.0,
        "Total Unusual Items": -55100000.0,
        "Total Unusual Items Excluding Goodwill": -55100000.0,
        "Net Income From Continuing Operation Net Minority Interest": 18000000.0,
        "Reconciled Depreciation": 44100000.0,
        "Reconciled Cost Of Revenue": 569500000.0,
        "EBITDA": 66400000.0,
        "EBIT": 22300000.0,
        "Net Interest Income": -10300000.0,
        "Interest Expense": 10300000.0,
        "Normalized Income": 61529000.0,
        "Net Income From Continuing And Discontinued Operation": 18000000.0,
        "Total Expenses": 1364200000.0,
        "Total Operating Income As Reported": 21900000.0,
        "Diluted Average Shares": 402907212.0,
        "Basic Average Shares": 398799458.0,
        "Diluted EPS": 0.04,
        "Basic EPS": 0.05,
        "Diluted NI Availto Com Stockholders": 18000000.0,
        "Net Income Common Stockholders": 18000000.0,
        "Net Income": 18000000.0,
        "Net Income Including Noncontrolling Interests": 18000000.0,
        "Net Income Continuous Operations": 18000000.0,
        "Tax Provision": -6000000.0,
        "Pretax Income": 12000000.0,
        "Other Income Expense": -54700000.0,
        "Other Non Operating Income Expenses": 400000.0,
        "Special Income Charges": -55100000.0,
        "Other Special Charges": NaN,
        "Impairment Of Capital Assets": NaN,
        "Restructuring And Mergern Acquisition": 55100000.0,
        "Gain On Sale Of Security": NaN,
        "Net Non Operating Interest Income Expense": -10300000.0,
        "Interest Expense Non Operating": 10300000.0,
        "Operating Income": 77000000.0,
        "Operating Expense": 794700000.0,
        "Other Operating Expenses": NaN,
        "Selling General And Administration": 794700000.0,
        "Selling And Marketing Expense": 469400000.0,
        "General And Administrative Expense": 325300000.0,
        "Other Gand A": 325300000.0,
        "Salaries And Wages": NaN,
        "Gross Profit": 871700000.0,
        "Cost Of Revenue": 569500000.0,
        "Total Revenue": 1441200000.0,
        "Operating Revenue": 1441200000.0
    }
}