{
    "2023-09-30": {
        "Tax Effect Of Unusual Items": 0.0,
        "Tax Rate For Calcs": 0.0,
        "Normalized EBITDA": -7128000.0,
        "Total Unusual Items": 17000.0,
        "Total Unusual Items Excluding Goodwill": 17000.0,
        "Net Income From Continuing Operation Net Minority Interest": -7531000.0,
        "Reconciled Depreciation": 831000.0,
        "Reconciled Cost Of Revenue": 3540000.0,
        "EBITDA": -7111000.0,
        "EBIT": -7942000.0,
        "Net Interest Income": 394000.0,
        "Interest Income": 394000.0,
        "Normalized Income": -7548000.0,
        "Net Income From Continuing And Discontinued Operation": -7531000.0,
        "Total Expenses": 12345000.0,
        "Total Operating Income As Reported": -7942000.0,
        "Diluted Average Shares": 8542630.0,
        "Basic Average Shares": 8542630.0,
        "Diluted EPS": -0.88,
        "Basic EPS": -0.88,
        "Diluted NI Availto Com Stockholders": -7531000.0,
        "Net Income Common Stockholders": -7531000.0,
        "Net Income": -7531000.0,
        "Net Income Including Noncontrolling Interests": -7531000.0,
        "Net Income Continuous Operations": -7531000.0,
        "Tax Provision": 0.0,
        "Pretax Income": -7531000.0,
        "Other Income Expense": 17000.0,
        "Gain On Sale Of Security": 17000.0,
        "Net Non Operating Interest Income Expense": 394000.0,
        "Total Other Finance Cost": NaN,
        "Interest Income Non Operating": 394000.0,
        "Operating Income": -7942000.0,
        "Operating Expense": 8805000.0,
        "Research And Development": 1262000.0,
        "Selling General And Administration": 7543000.0,
        "Selling And Marketing Expense": 4088000.0,
        "General And Administrative Expense": 3455000.0,
        "Other Gand A": 3455000.0,
        "Gross Profit": 863000.0,
        "Cost Of Revenue": 3540000.0,
        "Total Revenue": 4403000.0,
        "Operating Revenue": 4403000.0
    },
    "2023-06-30": {
        "Tax Effect Of Unusual Items": NaN,
        "Tax Rate For Calcs": NaN,
        "Normalized EBITDA": NaN,
        "Total Unusual Items": NaN,
        "Total Unusual Items Excluding Goodwill": NaN,
        "Net Income From Continuing Operation Net Minority Interest": NaN,
        "Reconciled Depreciation": NaN,
        "Reconciled Cost Of Revenue": NaN,
        "EBITDA": NaN,
        "EBIT": NaN,
        "Net Interest Income": NaN,
        "Interest Income": NaN,
        "Normalized Income": NaN,
        "Net Income From Continuing And Discontinued Operation": NaN,
        "Total Expenses": NaN,
        "Total Operating Income As Reported": NaN,
        "Diluted Average Shares": NaN,
        "Basic Average Shares": NaN,
        "Diluted EPS": NaN,
        "Basic EPS": NaN,
        "Diluted NI Availto Com Stockholders": NaN,
        "Net Income Common Stockholders": NaN,
        "Net Income": NaN,
        "Net Income Including Noncontrolling Interests": NaN,
        "Net Income Continuous Operations": NaN,
        "Tax Provision": NaN,
        "Pretax Income": NaN,
        "Other Income Expense": NaN,
        "Gain On Sale Of Security": NaN,
        "Net Non Operating Interest Income Expense": NaN,
        "Total Other Finance Cost": 8000.0,
        "Interest Income Non Operating": NaN,
        "Operating Income": NaN,
        "Operating Expense": NaN,
        "Research And Development": NaN,
        "Selling General And Administration": NaN,
        "Selling And Marketing Expense": NaN,
        "General And Administrative Expense": NaN,
        "Other Gand A": NaN,
        "Gross Profit": NaN,
        "Cost Of Revenue": NaN,
        "Total Revenue": NaN,
        "Operating Revenue": NaN
    },
    "2023-03-31": {
        "Tax Effect Of Unusual Items": NaN,
        "Tax Rate For Calcs": NaN,
        "Normalized EBITDA": NaN,
        "Total Unusual Items": NaN,
        "Total Unusual Items Excluding Goodwill": NaN,
        "Net Income From Continuing Operation Net Minority Interest": NaN,
        "Reconciled Depreciation": NaN,
        "Reconciled Cost Of Revenue": NaN,
        "EBITDA": NaN,
        "EBIT": NaN,
        "Net Interest Income": NaN,
        "Interest Income": NaN,
        "Normalized Income": NaN,
        "Net Income From Continuing And Discontinued Operation": NaN,
        "Total Expenses": NaN,
        "Total Operating Income As Reported": NaN,
        "Diluted Average Shares": NaN,
        "Basic Average Shares": NaN,
        "Diluted EPS": NaN,
        "Basic EPS": NaN,
        "Diluted NI Availto Com Stockholders": NaN,
        "Net Income Common Stockholders": NaN,
        "Net Income": NaN,
        "Net Income Including Noncontrolling Interests": NaN,
        "Net Income Continuous Operations": NaN,
        "Tax Provision": NaN,
        "Pretax Income": NaN,
        "Other Income Expense": NaN,
        "Gain On Sale Of Security": NaN,
        "Net Non Operating Interest Income Expense": NaN,
        "Total Other Finance Cost": 8000.0,
        "Interest Income Non Operating": NaN,
        "Operating Income": NaN,
        "Operating Expense": NaN,
        "Research And Development": NaN,
        "Selling General And Administration": NaN,
        "Selling And Marketing Expense": NaN,
        "General And Administrative Expense": NaN,
        "Other Gand A": NaN,
        "Gross Profit": NaN,
        "Cost Of Revenue": NaN,
        "Total Revenue": NaN,
        "Operating Revenue": NaN
    },
    "2022-12-31": {
        "Tax Effect Of Unusual Items": NaN,
        "Tax Rate For Calcs": NaN,
        "Normalized EBITDA": NaN,
        "Total Unusual Items": NaN,
        "Total Unusual Items Excluding Goodwill": NaN,
        "Net Income From Continuing Operation Net Minority Interest": NaN,
        "Reconciled Depreciation": NaN,
        "Reconciled Cost Of Revenue": NaN,
        "EBITDA": NaN,
        "EBIT": NaN,
        "Net Interest Income": NaN,
        "Interest Income": NaN,
        "Normalized Income": NaN,
        "Net Income From Continuing And Discontinued Operation": NaN,
        "Total Expenses": NaN,
        "Total Operating Income As Reported": NaN,
        "Diluted Average Shares": NaN,
        "Basic Average Shares": NaN,
        "Diluted EPS": NaN,
        "Basic EPS": NaN,
        "Diluted NI Availto Com Stockholders": NaN,
        "Net Income Common Stockholders": NaN,
        "Net Income": NaN,
        "Net Income Including Noncontrolling Interests": NaN,
        "Net Income Continuous Operations": NaN,
        "Tax Provision": NaN,
        "Pretax Income": NaN,
        "Other Income Expense": NaN,
        "Gain On Sale Of Security": NaN,
        "Net Non Operating Interest Income Expense": NaN,
        "Total Other Finance Cost": 3000.0,
        "Interest Income Non Operating": NaN,
        "Operating Income": NaN,
        "Operating Expense": NaN,
        "Research And Development": NaN,
        "Selling General And Administration": NaN,
        "Selling And Marketing Expense": NaN,
        "General And Administrative Expense": NaN,
        "Other Gand A": NaN,
        "Gross Profit": NaN,
        "Cost Of Revenue": NaN,
        "Total Revenue": NaN,
        "Operating Revenue": NaN
    },
    "2023-12-31": {
        "Tax Effect Of Unusual Items": 1282.490817,
        "Tax Rate For Calcs": 0.013644,
        "Normalized EBITDA": -5282000.0,
        "Total Unusual Items": 94000.0,
        "Total Unusual Items Excluding Goodwill": 94000.0,
        "Net Income From Continuing Operation Net Minority Interest": -5639000.0,
        "Reconciled Depreciation": 949000.0,
        "Reconciled Cost Of Revenue": 4441000.0,
        "EBITDA": -5188000.0,
        "EBIT": -6137000.0,
        "Net Interest Income": 326000.0,
        "Interest Income": 330000.0,
        "Normalized Income": -5731717.509183,
        "Net Income From Continuing And Discontinued Operation": -5639000.0,
        "Total Expenses": 13021000.0,
        "Total Operating Income As Reported": -6137000.0,
        "Diluted Average Shares": 8577647.0,
        "Basic Average Shares": 8577647.0,
        "Diluted EPS": -0.91,
        "Basic EPS": -0.91,
        "Diluted NI Availto Com Stockholders": -5639000.0,
        "Net Income Common Stockholders": -5639000.0,
        "Net Income": -5639000.0,
        "Net Income Including Noncontrolling Interests": -5639000.0,
        "Net Income Continuous Operations": -5639000.0,
        "Tax Provision": -78000.0,
        "Pretax Income": -5717000.0,
        "Other Income Expense": 94000.0,
        "Gain On Sale Of Security": 94000.0,
        "Net Non Operating Interest Income Expense": 326000.0,
        "Total Other Finance Cost": 4000.0,
        "Interest Income Non Operating": 330000.0,
        "Operating Income": -6137000.0,
        "Operating Expense": 8580000.0,
        "Research And Development": 1318000.0,
        "Selling General And Administration": 7262000.0,
        "Selling And Marketing Expense": 4846000.0,
        "General And Administrative Expense": 2416000.0,
        "Other Gand A": 2416000.0,
        "Gross Profit": 2443000.0,
        "Cost Of Revenue": 4441000.0,
        "Total Revenue": 6884000.0,
        "Operating Revenue": 6884000.0
    },
    "2024-03-31": {
        "Tax Effect Of Unusual Items": -5290.0,
        "Tax Rate For Calcs": 0.23,
        "Normalized EBITDA": -5523000.0,
        "Total Unusual Items": -23000.0,
        "Total Unusual Items Excluding Goodwill": -23000.0,
        "Net Income From Continuing Operation Net Minority Interest": -6276000.0,
        "Reconciled Depreciation": 956000.0,
        "Reconciled Cost Of Revenue": 3888000.0,
        "EBITDA": -5546000.0,
        "EBIT": -6502000.0,
        "Net Interest Income": 255000.0,
        "Interest Income": 288000.0,
        "Normalized Income": -6258290.0,
        "Net Income From Continuing And Discontinued Operation": -6276000.0,
        "Total Expenses": 11785000.0,
        "Total Operating Income As Reported": -6502000.0,
        "Diluted Average Shares": 8590088.0,
        "Basic Average Shares": 8590088.0,
        "Diluted EPS": -0.73,
        "Basic EPS": -0.73,
        "Diluted NI Availto Com Stockholders": -6276000.0,
        "Net Income Common Stockholders": -6276000.0,
        "Net Income": -6276000.0,
        "Net Income Including Noncontrolling Interests": -6276000.0,
        "Net Income Continuous Operations": -6276000.0,
        "Tax Provision": 6000.0,
        "Pretax Income": -6270000.0,
        "Other Income Expense": -23000.0,
        "Gain On Sale Of Security": -23000.0,
        "Net Non Operating Interest Income Expense": 255000.0,
        "Total Other Finance Cost": 33000.0,
        "Interest Income Non Operating": 288000.0,
        "Operating Income": -6502000.0,
        "Operating Expense": 7897000.0,
        "Research And Development": 1291000.0,
        "Selling General And Administration": 6606000.0,
        "Selling And Marketing Expense": 5014000.0,
        "General And Administrative Expense": 1592000.0,
        "Other Gand A": 1592000.0,
        "Gross Profit": 1395000.0,
        "Cost Of Revenue": 3888000.0,
        "Total Revenue": 5283000.0,
        "Operating Revenue": 5283000.0
    },
    "2024-06-30": {
        "Tax Effect Of Unusual Items": -3220.0,
        "Tax Rate For Calcs": 0.23,
        "Normalized EBITDA": -3476000.0,
        "Total Unusual Items": -14000.0,
        "Total Unusual Items Excluding Goodwill": -14000.0,
        "Net Income From Continuing Operation Net Minority Interest": -4304000.0,
        "Reconciled Depreciation": 953000.0,
        "Reconciled Cost Of Revenue": 3950000.0,
        "EBITDA": -3490000.0,
        "EBIT": -4443000.0,
        "Net Interest Income": 158000.0,
        "Interest Income": 196000.0,
        "Normalized Income": -4293220.0,
        "Net Income From Continuing And Discontinued Operation": -4304000.0,
        "Total Expenses": 11150000.0,
        "Total Operating Income As Reported": -4443000.0,
        "Diluted Average Shares": 8608937.0,
        "Basic Average Shares": 8608937.0,
        "Diluted EPS": -0.5,
        "Basic EPS": -0.5,
        "Diluted NI Availto Com Stockholders": -4304000.0,
        "Net Income Common Stockholders": -4304000.0,
        "Net Income": -4304000.0,
        "Net Income Including Noncontrolling Interests": -4304000.0,
        "Net Income Continuous Operations": -4304000.0,
        "Tax Provision": 5000.0,
        "Pretax Income": -4299000.0,
        "Other Income Expense": -14000.0,
        "Gain On Sale Of Security": -14000.0,
        "Net Non Operating Interest Income Expense": 158000.0,
        "Total Other Finance Cost": 38000.0,
        "Interest Income Non Operating": 196000.0,
        "Operating Income": -4443000.0,
        "Operating Expense": 7200000.0,
        "Research And Development": 1205000.0,
        "Selling General And Administration": 5995000.0,
        "Selling And Marketing Expense": 4403000.0,
        "General And Administrative Expense": 1592000.0,
        "Other Gand A": 1592000.0,
        "Gross Profit": 2757000.0,
        "Cost Of Revenue": 3950000.0,
        "Total Revenue": 6707000.0,
        "Operating Revenue": 6707000.0
    },
    "2024-09-30": {
        "Tax Effect Of Unusual Items": 8740.0,
        "Tax Rate For Calcs": 0.23,
        "Normalized EBITDA": -2246000.0,
        "Total Unusual Items": 38000.0,
        "Total Unusual Items Excluding Goodwill": 38000.0,
        "Net Income From Continuing Operation Net Minority Interest": -3084000.0,
        "Reconciled Depreciation": 966000.0,
        "Reconciled Cost Of Revenue": 3908000.0,
        "EBITDA": -2208000.0,
        "EBIT": -3174000.0,
        "Net Interest Income": 81000.0,
        "Interest Income": 107000.0,
        "Normalized Income": -3113260.0,
        "Net Income From Continuing And Discontinued Operation": -3084000.0,
        "Total Expenses": 9302000.0,
        "Total Operating Income As Reported": -3174000.0,
        "Diluted Average Shares": 8756882.0,
        "Basic Average Shares": 8756882.0,
        "Diluted EPS": -0.35,
        "Basic EPS": -0.35,
        "Diluted NI Availto Com Stockholders": -3084000.0,
        "Net Income Common Stockholders": -3084000.0,
        "Net Income": -3084000.0,
        "Net Income Including Noncontrolling Interests": -3084000.0,
        "Net Income Continuous Operations": -3084000.0,
        "Tax Provision": 29000.0,
        "Pretax Income": -3055000.0,
        "Other Income Expense": 38000.0,
        "Gain On Sale Of Security": 38000.0,
        "Net Non Operating Interest Income Expense": 81000.0,
        "Total Other Finance Cost": 26000.0,
        "Interest Income Non Operating": 107000.0,
        "Operating Income": -3174000.0,
        "Operating Expense": 5394000.0,
        "Research And Development": 998000.0,
        "Selling General And Administration": 4396000.0,
        "Selling And Marketing Expense": 4156000.0,
        "General And Administrative Expense": 240000.0,
        "Other Gand A": 240000.0,
        "Gross Profit": 2220000.0,
        "Cost Of Revenue": 3908000.0,
        "Total Revenue": 6128000.0,
        "Operating Revenue": 6128000.0
    }
}