{
    "2023-03-31": {
        "Tax Effect Of Unusual Items": NaN,
        "Tax Rate For Calcs": NaN,
        "Normalized EBITDA": NaN,
        "Net Income From Continuing Operation Net Minority Interest": NaN,
        "Reconciled Depreciation": NaN,
        "Reconciled Cost Of Revenue": NaN,
        "EBITDA": NaN,
        "EBIT": NaN,
        "Net Interest Income": NaN,
        "Interest Income": NaN,
        "Normalized Income": NaN,
        "Net Income From Continuing And Discontinued Operation": NaN,
        "Total Expenses": NaN,
        "Total Operating Income As Reported": NaN,
        "Diluted Average Shares": 996080.0,
        "Basic Average Shares": 996080.0,
        "Diluted EPS": -1.92,
        "Basic EPS": -1.92,
        "Diluted NI Availto Com Stockholders": NaN,
        "Net Income Common Stockholders": NaN,
        "Preferred Stock Dividends": NaN,
        "Net Income": NaN,
        "Net Income Including Noncontrolling Interests": NaN,
        "Net Income Continuous Operations": NaN,
        "Tax Provision": NaN,
        "Pretax Income": NaN,
        "Other Income Expense": NaN,
        "Other Non Operating Income Expenses": NaN,
        "Net Non Operating Interest Income Expense": NaN,
        "Interest Income Non Operating": NaN,
        "Operating Income": NaN,
        "Operating Expense": NaN,
        "Other Operating Expenses": NaN,
        "Depreciation Amortization Depletion Income Statement": NaN,
        "Depreciation And Amortization In Income Statement": NaN,
        "Research And Development": NaN,
        "Selling General And Administration": NaN,
        "Selling And Marketing Expense": NaN,
        "General And Administrative Expense": NaN,
        "Other Gand A": NaN,
        "Gross Profit": NaN,
        "Cost Of Revenue": NaN,
        "Total Revenue": NaN,
        "Operating Revenue": NaN
    },
    "2022-12-31": {
        "Tax Effect Of Unusual Items": NaN,
        "Tax Rate For Calcs": NaN,
        "Normalized EBITDA": NaN,
        "Total Unusual Items": 0.0,
        "Total Unusual Items Excluding Goodwill": 0.0,
        "Net Income From Continuing Operation Net Minority Interest": NaN,
        "Reconciled Depreciation": NaN,
        "Reconciled Cost Of Revenue": NaN,
        "EBITDA": NaN,
        "EBIT": NaN,
        "Net Interest Income": NaN,
        "Interest Income": NaN,
        "Normalized Income": NaN,
        "Net Income From Continuing And Discontinued Operation": NaN,
        "Total Expenses": NaN,
        "Total Operating Income As Reported": NaN,
        "Diluted Average Shares": NaN,
        "Basic Average Shares": NaN,
        "Diluted EPS": NaN,
        "Basic EPS": NaN,
        "Diluted NI Availto Com Stockholders": NaN,
        "Net Income Common Stockholders": NaN,
        "Preferred Stock Dividends": NaN,
        "Net Income": NaN,
        "Net Income Including Noncontrolling Interests": NaN,
        "Net Income Continuous Operations": NaN,
        "Tax Provision": NaN,
        "Pretax Income": NaN,
        "Other Income Expense": NaN,
        "Other Non Operating Income Expenses": NaN,
        "Special Income Charges": 0.0,
        "Net Non Operating Interest Income Expense": NaN,
        "Total Other Finance Cost": -61736.0,
        "Interest Income Non Operating": NaN,
        "Operating Income": NaN,
        "Operating Expense": NaN,
        "Other Operating Expenses": NaN,
        "Depreciation Amortization Depletion Income Statement": NaN,
        "Depreciation And Amortization In Income Statement": NaN,
        "Research And Development": NaN,
        "Selling General And Administration": NaN,
        "Selling And Marketing Expense": NaN,
        "General And Administrative Expense": NaN,
        "Other Gand A": NaN,
        "Gross Profit": NaN,
        "Cost Of Revenue": NaN,
        "Total Revenue": NaN,
        "Operating Revenue": NaN
    },
    "2022-09-30": {
        "Tax Effect Of Unusual Items": NaN,
        "Tax Rate For Calcs": NaN,
        "Normalized EBITDA": NaN,
        "Total Unusual Items": 0.0,
        "Total Unusual Items Excluding Goodwill": 0.0,
        "Net Income From Continuing Operation Net Minority Interest": NaN,
        "Reconciled Depreciation": NaN,
        "Reconciled Cost Of Revenue": NaN,
        "EBITDA": NaN,
        "EBIT": NaN,
        "Net Interest Income": NaN,
        "Interest Income": NaN,
        "Normalized Income": NaN,
        "Net Income From Continuing And Discontinued Operation": NaN,
        "Total Expenses": NaN,
        "Total Operating Income As Reported": NaN,
        "Diluted Average Shares": 480447.0,
        "Basic Average Shares": 480447.0,
        "Diluted EPS": -4.53,
        "Basic EPS": -4.53,
        "Diluted NI Availto Com Stockholders": NaN,
        "Net Income Common Stockholders": NaN,
        "Preferred Stock Dividends": NaN,
        "Net Income": NaN,
        "Net Income Including Noncontrolling Interests": NaN,
        "Net Income Continuous Operations": NaN,
        "Tax Provision": NaN,
        "Pretax Income": NaN,
        "Other Income Expense": NaN,
        "Other Non Operating Income Expenses": NaN,
        "Special Income Charges": 0.0,
        "Net Non Operating Interest Income Expense": NaN,
        "Total Other Finance Cost": -44587.0,
        "Interest Income Non Operating": NaN,
        "Operating Income": NaN,
        "Operating Expense": NaN,
        "Other Operating Expenses": NaN,
        "Depreciation Amortization Depletion Income Statement": NaN,
        "Depreciation And Amortization In Income Statement": NaN,
        "Research And Development": NaN,
        "Selling General And Administration": NaN,
        "Selling And Marketing Expense": NaN,
        "General And Administrative Expense": NaN,
        "Other Gand A": NaN,
        "Gross Profit": NaN,
        "Cost Of Revenue": NaN,
        "Total Revenue": NaN,
        "Operating Revenue": NaN
    },
    "2022-06-30": {
        "Tax Effect Of Unusual Items": 0.0,
        "Tax Rate For Calcs": 0.0,
        "Normalized EBITDA": -930741.0,
        "Total Unusual Items": 0.0,
        "Total Unusual Items Excluding Goodwill": 0.0,
        "Net Income From Continuing Operation Net Minority Interest": -1112273.0,
        "Reconciled Depreciation": 194691.0,
        "Reconciled Cost Of Revenue": 1364586.0,
        "EBITDA": -930741.0,
        "EBIT": -1125432.0,
        "Net Interest Income": 13159.0,
        "Interest Income": 13159.0,
        "Normalized Income": -1112273.0,
        "Net Income From Continuing And Discontinued Operation": -1112273.0,
        "Total Expenses": 4493124.0,
        "Total Operating Income As Reported": -1125432.0,
        "Diluted Average Shares": 479738.0,
        "Basic Average Shares": 479738.0,
        "Diluted EPS": -2.5,
        "Basic EPS": -2.5,
        "Diluted NI Availto Com Stockholders": -1200417.0,
        "Net Income Common Stockholders": -1200417.0,
        "Preferred Stock Dividends": 88144.0,
        "Net Income": -1112273.0,
        "Net Income Including Noncontrolling Interests": -1112273.0,
        "Net Income Continuous Operations": -1112273.0,
        "Tax Provision": 0.0,
        "Pretax Income": -1112273.0,
        "Special Income Charges": 0.0,
        "Net Non Operating Interest Income Expense": 13159.0,
        "Total Other Finance Cost": NaN,
        "Interest Income Non Operating": 13159.0,
        "Operating Income": -1125432.0,
        "Operating Expense": 3128538.0,
        "Other Operating Expenses": 338544.0,
        "Depreciation Amortization Depletion Income Statement": 194691.0,
        "Depreciation And Amortization In Income Statement": 194691.0,
        "Research And Development": 204592.0,
        "Selling General And Administration": 2390711.0,
        "Selling And Marketing Expense": 275011.0,
        "General And Administrative Expense": 2115700.0,
        "Other Gand A": 2115700.0,
        "Gross Profit": 2003106.0,
        "Cost Of Revenue": 1364586.0,
        "Total Revenue": 3367692.0,
        "Operating Revenue": 3367692.0
    },
    "2022-03-31": {
        "Diluted EPS": -2.89,
        "Total Revenue": 4,
        "Gross Profit": 2,
        "Operating Income": -1,
        "EBIT": -1,
        "Net Income": -1
    },
    "2021-12-31": {
        "Diluted EPS": -13.8,
        "Total Revenue": 2,
        "Gross Profit": 2,
        "Operating Income": -6,
        "EBIT": -1,
        "Net Income": -6
    },
    "2021-09-30": {
        "Diluted EPS": -2.4,
        "Total Revenue": 2,
        "Gross Profit": 1,
        "Operating Income": 0,
        "EBIT": 0,
        "Net Income": -1
    },
    "2021-06-30": {
        "Diluted EPS": -4.4,
        "Total Revenue": 3,
        "Gross Profit": 2,
        "Operating Income": 0,
        "EBIT": 0,
        "Net Income": -1
    },
    "2021-03-31": {
        "Diluted EPS": -24.0,
        "Total Revenue": 2,
        "Gross Profit": 1,
        "Operating Income": -1,
        "EBIT": 0,
        "Net Income": -6
    },
    "2020-12-31": {
        "Diluted EPS": -14.4,
        "Total Revenue": 3,
        "Gross Profit": 1,
        "Operating Income": -1,
        "EBIT": -1,
        "Net Income": -2
    },
    "2020-09-30": {
        "Diluted EPS": -6.4,
        "Total Revenue": 3,
        "Gross Profit": 2,
        "Operating Income": -1,
        "EBIT": 0,
        "Net Income": -1
    },
    "2020-06-30": {
        "Diluted EPS": -4.0,
        "Total Revenue": 2,
        "Gross Profit": 2,
        "Operating Income": 0,
        "EBIT": 0,
        "Net Income": -1
    },
    "2020-03-31": {
        "Diluted EPS": 2.0,
        "Total Revenue": 4,
        "Gross Profit": 3,
        "Operating Income": 1,
        "EBIT": 1,
        "Net Income": 0
    },
    "2019-12-31": {
        "Diluted EPS": 2.0,
        "Total Revenue": 4,
        "Gross Profit": 3,
        "Operating Income": 1,
        "EBIT": 1,
        "Net Income": 0
    },
    "2019-09-30": {
        "Diluted EPS": -52.0,
        "Total Revenue": 4,
        "Gross Profit": 3,
        "Operating Income": 1,
        "EBIT": 1,
        "Net Income": -8
    },
    "2019-06-30": {
        "Diluted EPS": -24.0,
        "Total Revenue": 4,
        "Gross Profit": 3,
        "Operating Income": 1,
        "EBIT": 1,
        "Net Income": -3
    },
    "2019-03-31": {
        "Diluted EPS": -10.0,
        "Total Revenue": 4,
        "Gross Profit": 3,
        "Operating Income": 1,
        "EBIT": 1,
        "Net Income": -1
    },
    "2018-12-31": {
        "Diluted EPS": -26.0,
        "Total Revenue": 4,
        "Gross Profit": 3,
        "Operating Income": 0,
        "EBIT": 0,
        "Net Income": -3
    },
    "2018-09-30": {
        "Diluted EPS": -10.0,
        "Total Revenue": 4,
        "Gross Profit": 3,
        "Operating Income": 0,
        "EBIT": 1,
        "Net Income": -1
    },
    "2018-06-30": {
        "Diluted EPS": -8.0,
        "Total Revenue": 4,
        "Gross Profit": 3,
        "Operating Income": 0,
        "EBIT": 1,
        "Net Income": -1
    },
    "2018-03-31": {
        "Diluted EPS": -14.0,
        "Total Revenue": 4,
        "Gross Profit": 3,
        "Operating Income": 0,
        "EBIT": 1,
        "Net Income": -2
    },
    "2017-12-31": {
        "Diluted EPS": -28.0,
        "Total Revenue": -2,
        "Gross Profit": 1,
        "Operating Income": -3,
        "EBIT": -2,
        "Net Income": -2
    },
    "2017-09-30": {
        "Diluted EPS": -56.0,
        "Total Revenue": 4,
        "Gross Profit": 3,
        "Operating Income": -1,
        "EBIT": 0,
        "Net Income": -4
    },
    "2017-06-30": {
        "Diluted EPS": -30.0,
        "Total Revenue": 8,
        "Gross Profit": 4,
        "Operating Income": 1,
        "EBIT": 2,
        "Net Income": -1
    },
    "2017-03-31": {
        "Diluted EPS": -26.0,
        "Total Revenue": 7,
        "Gross Profit": 4,
        "Operating Income": 1,
        "EBIT": 2,
        "Net Income": -1
    },
    "2016-12-31": {
        "Diluted EPS": -58.0,
        "Total Revenue": 5,
        "Gross Profit": 2,
        "Operating Income": -1,
        "EBIT": 0,
        "Net Income": -3
    },
    "2016-09-30": {
        "Diluted EPS": -88.0,
        "Total Revenue": 3,
        "Gross Profit": 1,
        "Operating Income": -1,
        "EBIT": -1,
        "Net Income": -3
    },
    "2016-06-30": {
        "Diluted EPS": -90.0,
        "Total Revenue": 0,
        "Gross Profit": 0,
        "Operating Income": -2,
        "EBIT": -2,
        "Net Income": -3
    },
    "2016-03-31": {
        "Diluted EPS": -212.0,
        "Total Revenue": 0,
        "Gross Profit": 0,
        "Operating Income": -2,
        "EBIT": -2,
        "Net Income": -5
    },
    "2015-12-31": {
        "Diluted EPS": -262.0,
        "Total Revenue": 0,
        "Gross Profit": -1,
        "Operating Income": -3,
        "EBIT": -3,
        "Net Income": -4
    },
    "2015-09-30": {
        "Diluted EPS": -262.0,
        "Total Revenue": 0,
        "Gross Profit": 0,
        "Operating Income": -3,
        "EBIT": -3,
        "Net Income": -4
    },
    "2015-06-30": {
        "Diluted EPS": -280.0,
        "Total Revenue": 0,
        "Gross Profit": 0,
        "Operating Income": -2,
        "EBIT": -2,
        "Net Income": -3
    },
    "2015-03-31": {
        "Diluted EPS": -160.0,
        "Total Revenue": 0,
        "Gross Profit": 0,
        "Operating Income": -2,
        "EBIT": -2,
        "Net Income": -2
    },
    "2014-12-31": {
        "Diluted EPS": -180.0,
        "Total Revenue": NaN,
        "Gross Profit": NaN,
        "Operating Income": -2,
        "EBIT": -2,
        "Net Income": -2
    },
    "2014-09-30": {
        "Diluted EPS": -240.0,
        "Total Revenue": NaN,
        "Gross Profit": NaN,
        "Operating Income": -2,
        "EBIT": -2,
        "Net Income": -3
    },
    "2014-06-30": {
        "Diluted EPS": -180.0,
        "Total Revenue": NaN,
        "Gross Profit": NaN,
        "Operating Income": -1,
        "EBIT": -1,
        "Net Income": -2
    },
    "2014-03-31": {
        "Diluted EPS": -20.0,
        "Total Revenue": NaN,
        "Gross Profit": NaN,
        "Operating Income": -1,
        "EBIT": 0,
        "Net Income": 0
    },
    "2013-12-31": {
        "Diluted EPS": -40.0,
        "Total Revenue": NaN,
        "Gross Profit": NaN,
        "Operating Income": 0,
        "EBIT": 0,
        "Net Income": 0
    },
    "2013-09-30": {
        "Diluted EPS": -40.0,
        "Total Revenue": NaN,
        "Gross Profit": NaN,
        "Operating Income": 0,
        "EBIT": 0,
        "Net Income": 0
    },
    "2013-06-30": {
        "Diluted EPS": -20.0,
        "Total Revenue": NaN,
        "Gross Profit": NaN,
        "Operating Income": 0,
        "EBIT": 0,
        "Net Income": 0
    },
    "2013-03-31": {
        "Diluted EPS": -40.0,
        "Total Revenue": NaN,
        "Gross Profit": NaN,
        "Operating Income": 0,
        "EBIT": 0,
        "Net Income": 0
    },
    "2012-12-31": {
        "Diluted EPS": 0.0,
        "Total Revenue": 0,
        "Gross Profit": 0,
        "Operating Income": 0,
        "EBIT": 0,
        "Net Income": 0
    },
    "2012-09-30": {
        "Diluted EPS": 0.0,
        "Total Revenue": NaN,
        "Gross Profit": NaN,
        "Operating Income": 0,
        "EBIT": 0,
        "Net Income": 0
    },
    "2012-06-30": {
        "Diluted EPS": 0.0,
        "Total Revenue": NaN,
        "Gross Profit": NaN,
        "Operating Income": 0,
        "EBIT": 0,
        "Net Income": 0
    },
    "2012-03-31": {
        "Diluted EPS": 0.0,
        "Total Revenue": NaN,
        "Gross Profit": NaN,
        "Operating Income": 0,
        "EBIT": 0,
        "Net Income": 0
    },
    "2023-06-30": {
        "Tax Effect Of Unusual Items": NaN,
        "Tax Rate For Calcs": NaN,
        "Normalized EBITDA": NaN,
        "Net Income From Continuing Operation Net Minority Interest": NaN,
        "Reconciled Depreciation": NaN,
        "Reconciled Cost Of Revenue": NaN,
        "EBITDA": NaN,
        "EBIT": NaN,
        "Net Interest Income": NaN,
        "Interest Income": NaN,
        "Normalized Income": NaN,
        "Net Income From Continuing And Discontinued Operation": NaN,
        "Total Expenses": NaN,
        "Total Operating Income As Reported": NaN,
        "Diluted Average Shares": 1282794.0,
        "Basic Average Shares": 1282794.0,
        "Diluted EPS": -1.83,
        "Basic EPS": -1.83,
        "Diluted NI Availto Com Stockholders": NaN,
        "Net Income Common Stockholders": NaN,
        "Preferred Stock Dividends": NaN,
        "Net Income": NaN,
        "Net Income Including Noncontrolling Interests": NaN,
        "Net Income Continuous Operations": NaN,
        "Tax Provision": NaN,
        "Pretax Income": NaN,
        "Other Income Expense": NaN,
        "Other Non Operating Income Expenses": NaN,
        "Net Non Operating Interest Income Expense": NaN,
        "Interest Income Non Operating": NaN,
        "Operating Income": NaN,
        "Operating Expense": NaN,
        "Other Operating Expenses": NaN,
        "Depreciation Amortization Depletion Income Statement": NaN,
        "Depreciation And Amortization In Income Statement": NaN,
        "Research And Development": NaN,
        "Selling General And Administration": NaN,
        "Selling And Marketing Expense": NaN,
        "General And Administrative Expense": NaN,
        "Other Gand A": NaN,
        "Gross Profit": NaN,
        "Cost Of Revenue": NaN,
        "Total Revenue": NaN,
        "Operating Revenue": NaN
    },
    "2023-09-30": {
        "Tax Effect Of Unusual Items": 0.0,
        "Tax Rate For Calcs": 0.0,
        "Normalized EBITDA": -1561822.0,
        "Net Income From Continuing Operation Net Minority Interest": -1444476.0,
        "Reconciled Depreciation": 217767.0,
        "Reconciled Cost Of Revenue": 769956.0,
        "EBITDA": -1561822.0,
        "EBIT": -1779589.0,
        "Net Interest Income": 88975.0,
        "Interest Income": 88975.0,
        "Normalized Income": -1444476.0,
        "Net Income From Continuing And Discontinued Operation": -1444476.0,
        "Total Expenses": 4146816.0,
        "Total Operating Income As Reported": -1779589.0,
        "Diluted Average Shares": 1380373.0,
        "Basic Average Shares": 1380373.0,
        "Diluted EPS": -1.1,
        "Basic EPS": -1.1,
        "Diluted NI Availto Com Stockholders": -1519476.0,
        "Net Income Common Stockholders": -1519476.0,
        "Preferred Stock Dividends": 75000.0,
        "Net Income": -1444476.0,
        "Net Income Including Noncontrolling Interests": -1444476.0,
        "Net Income Continuous Operations": -1444476.0,
        "Tax Provision": 0.0,
        "Pretax Income": -1444476.0,
        "Other Income Expense": 246138.0,
        "Other Non Operating Income Expenses": 246138.0,
        "Net Non Operating Interest Income Expense": 88975.0,
        "Interest Income Non Operating": 88975.0,
        "Operating Income": -1779589.0,
        "Operating Expense": 3376860.0,
        "Other Operating Expenses": 321042.0,
        "Depreciation Amortization Depletion Income Statement": 217767.0,
        "Depreciation And Amortization In Income Statement": 217767.0,
        "Research And Development": 242697.0,
        "Selling General And Administration": 2595354.0,
        "Selling And Marketing Expense": 693838.0,
        "General And Administrative Expense": 1901516.0,
        "Other Gand A": 1901516.0,
        "Gross Profit": 1597271.0,
        "Cost Of Revenue": 769956.0,
        "Total Revenue": 2367227.0,
        "Operating Revenue": 2367227.0
    },
    "2023-12-31": {
        "Tax Effect Of Unusual Items": 0.0,
        "Tax Rate For Calcs": 0.033265,
        "Normalized EBITDA": -1276492.0,
        "Net Income From Continuing Operation Net Minority Interest": -9004814.0,
        "Reconciled Depreciation": 241356.0,
        "Reconciled Cost Of Revenue": 879338.0,
        "EBITDA": -1276492.0,
        "EBIT": -1571620.0,
        "Net Interest Income": 71957.0,
        "Interest Income": 71957.0,
        "Normalized Income": -9004814.0,
        "Net Income From Continuing And Discontinued Operation": -9004814.0,
        "Total Expenses": 3997309.0,
        "Total Operating Income As Reported": -9386620.0,
        "Diluted Average Shares": NaN,
        "Basic Average Shares": NaN,
        "Diluted EPS": NaN,
        "Basic EPS": NaN,
        "Diluted NI Availto Com Stockholders": -10009936.0,
        "Net Income Common Stockholders": -10009936.0,
        "Preferred Stock Dividends": 1005122.0,
        "Net Income": -9004814.0,
        "Net Income Including Noncontrolling Interests": -9004814.0,
        "Net Income Continuous Operations": -9004814.0,
        "Tax Provision": -309849.0,
        "Pretax Income": -9314663.0,
        "Other Income Expense": -7815000.0,
        "Other Non Operating Income Expenses": 0.0,
        "Net Non Operating Interest Income Expense": 71957.0,
        "Interest Income Non Operating": 71957.0,
        "Operating Income": -1571620.0,
        "Operating Expense": 3171743.0,
        "Other Operating Expenses": 314867.0,
        "Depreciation Amortization Depletion Income Statement": 295128.0,
        "Depreciation And Amortization In Income Statement": 295128.0,
        "Research And Development": 175833.0,
        "Selling General And Administration": 2385915.0,
        "Selling And Marketing Expense": 666103.0,
        "General And Administrative Expense": 1719812.0,
        "Other Gand A": 1719812.0,
        "Gross Profit": 1600123.0,
        "Cost Of Revenue": 825566.0,
        "Total Revenue": 2425689.0,
        "Operating Revenue": 2425689.0
    },
    "2024-03-31": {
        "Tax Effect Of Unusual Items": 0.0,
        "Tax Rate For Calcs": 0.0,
        "Normalized EBITDA": -1460144.0,
        "Net Income From Continuing Operation Net Minority Interest": -1744543.0,
        "Reconciled Depreciation": 345551.0,
        "Reconciled Cost Of Revenue": 843865.0,
        "EBITDA": -1460144.0,
        "EBIT": -1805695.0,
        "Net Interest Income": 61152.0,
        "Interest Income": 61152.0,
        "Normalized Income": -1744543.0,
        "Net Income From Continuing And Discontinued Operation": -1744543.0,
        "Total Expenses": 4416778.0,
        "Total Operating Income As Reported": -1805695.0,
        "Diluted Average Shares": 2150412.0,
        "Basic Average Shares": 2150412.0,
        "Diluted EPS": -0.85,
        "Basic EPS": -0.85,
        "Diluted NI Availto Com Stockholders": -1819543.0,
        "Net Income Common Stockholders": -1819543.0,
        "Preferred Stock Dividends": 75000.0,
        "Net Income": -1744543.0,
        "Net Income Including Noncontrolling Interests": -1744543.0,
        "Net Income Continuous Operations": -1744543.0,
        "Tax Provision": 0.0,
        "Pretax Income": -1744543.0,
        "Other Income Expense": NaN,
        "Other Non Operating Income Expenses": NaN,
        "Net Non Operating Interest Income Expense": 61152.0,
        "Interest Income Non Operating": 61152.0,
        "Operating Income": -1805695.0,
        "Operating Expense": 3572913.0,
        "Other Operating Expenses": 414746.0,
        "Depreciation Amortization Depletion Income Statement": 345551.0,
        "Depreciation And Amortization In Income Statement": 345551.0,
        "Research And Development": 173902.0,
        "Selling General And Administration": 2638714.0,
        "Selling And Marketing Expense": 739751.0,
        "General And Administrative Expense": 1898963.0,
        "Other Gand A": 1898963.0,
        "Gross Profit": 1767218.0,
        "Cost Of Revenue": 843865.0,
        "Total Revenue": 2611083.0,
        "Operating Revenue": 2611083.0
    },
    "2024-06-30": {
        "Tax Effect Of Unusual Items": 0.0,
        "Tax Rate For Calcs": 0.0,
        "Normalized EBITDA": -1692905.0,
        "Net Income From Continuing Operation Net Minority Interest": -2038857.0,
        "Reconciled Depreciation": 377977.0,
        "Reconciled Cost Of Revenue": 781315.0,
        "EBITDA": -1692905.0,
        "EBIT": -2070882.0,
        "Net Interest Income": 32025.0,
        "Interest Income": 32025.0,
        "Normalized Income": -2038857.0,
        "Net Income From Continuing And Discontinued Operation": -2038857.0,
        "Total Expenses": 4407150.0,
        "Total Operating Income As Reported": -2070882.0,
        "Diluted Average Shares": 2190716.0,
        "Basic Average Shares": 2190716.0,
        "Diluted EPS": -0.96,
        "Basic EPS": -0.96,
        "Diluted NI Availto Com Stockholders": -2113857.0,
        "Net Income Common Stockholders": -2113857.0,
        "Preferred Stock Dividends": 75000.0,
        "Net Income": -2038857.0,
        "Net Income Including Noncontrolling Interests": -2038857.0,
        "Net Income Continuous Operations": -2038857.0,
        "Tax Provision": 0.0,
        "Pretax Income": -2038857.0,
        "Other Income Expense": NaN,
        "Other Non Operating Income Expenses": NaN,
        "Net Non Operating Interest Income Expense": 32025.0,
        "Interest Income Non Operating": 32025.0,
        "Operating Income": -2070882.0,
        "Operating Expense": 3625832.0,
        "Other Operating Expenses": 390592.0,
        "Depreciation Amortization Depletion Income Statement": 377974.0,
        "Depreciation And Amortization In Income Statement": 377974.0,
        "Research And Development": 133556.0,
        "Selling General And Administration": 2723710.0,
        "Selling And Marketing Expense": 740713.0,
        "General And Administrative Expense": 1982997.0,
        "Other Gand A": 1982997.0,
        "Gross Profit": 1554950.0,
        "Cost Of Revenue": 781318.0,
        "Total Revenue": 2336268.0,
        "Operating Revenue": 2336268.0
    },
    "2024-09-30": {
        "Tax Effect Of Unusual Items": 0.0,
        "Tax Rate For Calcs": 0.0,
        "Normalized EBITDA": -1196731.0,
        "Net Income From Continuing Operation Net Minority Interest": -1518805.0,
        "Reconciled Depreciation": 402819.0,
        "Reconciled Cost Of Revenue": 903836.0,
        "EBITDA": -1196731.0,
        "EBIT": -1599552.0,
        "Net Interest Income": 41109.0,
        "Interest Income": 41109.0,
        "Normalized Income": -1518805.0,
        "Net Income From Continuing And Discontinued Operation": -1518805.0,
        "Total Expenses": 4305013.0,
        "Total Operating Income As Reported": -1599552.0,
        "Diluted Average Shares": NaN,
        "Basic Average Shares": NaN,
        "Diluted EPS": NaN,
        "Basic EPS": NaN,
        "Diluted NI Availto Com Stockholders": -1593805.0,
        "Net Income Common Stockholders": -1593805.0,
        "Preferred Stock Dividends": 75000.0,
        "Net Income": -1518805.0,
        "Net Income Including Noncontrolling Interests": -1518805.0,
        "Net Income Continuous Operations": -1518805.0,
        "Tax Provision": 0.0,
        "Pretax Income": -1518805.0,
        "Other Income Expense": 39638.0,
        "Other Non Operating Income Expenses": 39638.0,
        "Net Non Operating Interest Income Expense": 41109.0,
        "Interest Income Non Operating": 41109.0,
        "Operating Income": -1599552.0,
        "Operating Expense": 3401179.0,
        "Other Operating Expenses": 460057.0,
        "Depreciation Amortization Depletion Income Statement": 402821.0,
        "Depreciation And Amortization In Income Statement": 402821.0,
        "Research And Development": 96650.0,
        "Selling General And Administration": 2441651.0,
        "Selling And Marketing Expense": 714101.0,
        "General And Administrative Expense": 1727550.0,
        "Other Gand A": 1727550.0,
        "Gross Profit": 1801627.0,
        "Cost Of Revenue": 903834.0,
        "Total Revenue": 2705461.0,
        "Operating Revenue": 2705461.0
    }
}