{
    "2023-03-31": {
        "Tax Effect Of Unusual Items": NaN,
        "Tax Rate For Calcs": NaN,
        "Normalized EBITDA": NaN,
        "Total Unusual Items": NaN,
        "Total Unusual Items Excluding Goodwill": NaN,
        "Net Income From Continuing Operation Net Minority Interest": NaN,
        "Reconciled Depreciation": NaN,
        "Reconciled Cost Of Revenue": NaN,
        "EBITDA": NaN,
        "EBIT": NaN,
        "Net Interest Income": NaN,
        "Interest Expense": NaN,
        "Normalized Income": NaN,
        "Net Income From Continuing And Discontinued Operation": NaN,
        "Total Expenses": NaN,
        "Total Operating Income As Reported": NaN,
        "Diluted Average Shares": 2103362.0,
        "Basic Average Shares": 2103362.0,
        "Diluted EPS": -2.21,
        "Basic EPS": -2.21,
        "Diluted NI Availto Com Stockholders": NaN,
        "Net Income Common Stockholders": NaN,
        "Otherunder Preferred Stock Dividend": NaN,
        "Net Income": NaN,
        "Net Income Including Noncontrolling Interests": NaN,
        "Net Income Continuous Operations": NaN,
        "Pretax Income": NaN,
        "Other Income Expense": NaN,
        "Other Non Operating Income Expenses": NaN,
        "Special Income Charges": NaN,
        "Other Special Charges": NaN,
        "Net Non Operating Interest Income Expense": NaN,
        "Interest Expense Non Operating": NaN,
        "Operating Income": NaN,
        "Operating Expense": NaN,
        "Other Operating Expenses": -41000.0,
        "Research And Development": NaN,
        "Selling General And Administration": NaN,
        "Selling And Marketing Expense": 157000.0,
        "General And Administrative Expense": NaN,
        "Other Gand A": NaN,
        "Gross Profit": NaN,
        "Cost Of Revenue": NaN,
        "Total Revenue": NaN,
        "Operating Revenue": NaN
    },
    "2022-12-31": {
        "Tax Effect Of Unusual Items": NaN,
        "Tax Rate For Calcs": NaN,
        "Normalized EBITDA": NaN,
        "Total Unusual Items": 0.0,
        "Total Unusual Items Excluding Goodwill": 0.0,
        "Net Income From Continuing Operation Net Minority Interest": NaN,
        "Reconciled Depreciation": NaN,
        "Reconciled Cost Of Revenue": NaN,
        "EBITDA": NaN,
        "EBIT": NaN,
        "Net Interest Income": 1000.0,
        "Interest Expense": -1000.0,
        "Normalized Income": NaN,
        "Net Income From Continuing And Discontinued Operation": NaN,
        "Total Expenses": NaN,
        "Total Operating Income As Reported": NaN,
        "Diluted Average Shares": NaN,
        "Basic Average Shares": NaN,
        "Diluted EPS": NaN,
        "Basic EPS": NaN,
        "Diluted NI Availto Com Stockholders": NaN,
        "Net Income Common Stockholders": NaN,
        "Otherunder Preferred Stock Dividend": NaN,
        "Net Income": NaN,
        "Net Income Including Noncontrolling Interests": NaN,
        "Net Income Continuous Operations": NaN,
        "Pretax Income": NaN,
        "Other Income Expense": NaN,
        "Other Non Operating Income Expenses": NaN,
        "Special Income Charges": 0.0,
        "Other Special Charges": 0.0,
        "Net Non Operating Interest Income Expense": 1000.0,
        "Interest Expense Non Operating": -1000.0,
        "Operating Income": NaN,
        "Operating Expense": NaN,
        "Other Operating Expenses": NaN,
        "Research And Development": NaN,
        "Selling General And Administration": NaN,
        "Selling And Marketing Expense": 285000.0,
        "General And Administrative Expense": NaN,
        "Other Gand A": NaN,
        "Gross Profit": NaN,
        "Cost Of Revenue": NaN,
        "Total Revenue": NaN,
        "Operating Revenue": NaN
    },
    "2022-09-30": {
        "Tax Effect Of Unusual Items": NaN,
        "Tax Rate For Calcs": NaN,
        "Normalized EBITDA": NaN,
        "Total Unusual Items": 0.0,
        "Total Unusual Items Excluding Goodwill": 0.0,
        "Net Income From Continuing Operation Net Minority Interest": NaN,
        "Reconciled Depreciation": NaN,
        "Reconciled Cost Of Revenue": NaN,
        "EBITDA": NaN,
        "EBIT": NaN,
        "Net Interest Income": 0.0,
        "Interest Expense": 0.0,
        "Normalized Income": NaN,
        "Net Income From Continuing And Discontinued Operation": NaN,
        "Total Expenses": NaN,
        "Total Operating Income As Reported": NaN,
        "Diluted Average Shares": NaN,
        "Basic Average Shares": NaN,
        "Diluted EPS": NaN,
        "Basic EPS": NaN,
        "Diluted NI Availto Com Stockholders": NaN,
        "Net Income Common Stockholders": NaN,
        "Otherunder Preferred Stock Dividend": 0.0,
        "Net Income": NaN,
        "Net Income Including Noncontrolling Interests": NaN,
        "Net Income Continuous Operations": NaN,
        "Pretax Income": NaN,
        "Other Income Expense": NaN,
        "Other Non Operating Income Expenses": NaN,
        "Special Income Charges": 0.0,
        "Other Special Charges": NaN,
        "Net Non Operating Interest Income Expense": 0.0,
        "Interest Expense Non Operating": 0.0,
        "Operating Income": NaN,
        "Operating Expense": NaN,
        "Other Operating Expenses": NaN,
        "Research And Development": NaN,
        "Selling General And Administration": NaN,
        "Selling And Marketing Expense": NaN,
        "General And Administrative Expense": NaN,
        "Other Gand A": NaN,
        "Gross Profit": NaN,
        "Cost Of Revenue": NaN,
        "Total Revenue": NaN,
        "Operating Revenue": NaN
    },
    "2022-06-30": {
        "Tax Effect Of Unusual Items": 0.0,
        "Tax Rate For Calcs": 0.0,
        "Normalized EBITDA": -3997000.0,
        "Total Unusual Items": -1398000.0,
        "Total Unusual Items Excluding Goodwill": -1398000.0,
        "Net Income From Continuing Operation Net Minority Interest": -5624000.0,
        "Reconciled Depreciation": 229000.0,
        "Reconciled Cost Of Revenue": 306000.0,
        "EBITDA": -5395000.0,
        "EBIT": -5624000.0,
        "Net Interest Income": 0.0,
        "Interest Expense": 0.0,
        "Normalized Income": -4226000.0,
        "Net Income From Continuing And Discontinued Operation": -5624000.0,
        "Total Expenses": 4687000.0,
        "Total Operating Income As Reported": -4221000.0,
        "Diluted Average Shares": 20943897.0,
        "Basic Average Shares": 20943897.0,
        "Diluted EPS": -0.27,
        "Basic EPS": -0.27,
        "Diluted NI Availto Com Stockholders": -5624000.0,
        "Net Income Common Stockholders": -5624000.0,
        "Net Income": -5624000.0,
        "Net Income Including Noncontrolling Interests": -5624000.0,
        "Net Income Continuous Operations": -5624000.0,
        "Pretax Income": -5624000.0,
        "Other Income Expense": -1403000.0,
        "Other Non Operating Income Expenses": -5000.0,
        "Special Income Charges": -1398000.0,
        "Other Special Charges": 1398000.0,
        "Net Non Operating Interest Income Expense": 0.0,
        "Interest Expense Non Operating": 0.0,
        "Operating Income": -4221000.0,
        "Operating Expense": 4381000.0,
        "Research And Development": 1720000.0,
        "Selling General And Administration": 2661000.0,
        "Selling And Marketing Expense": 234000.0,
        "General And Administrative Expense": 2427000.0,
        "Other Gand A": 2427000.0,
        "Gross Profit": 160000.0,
        "Cost Of Revenue": 306000.0,
        "Total Revenue": 466000.0,
        "Operating Revenue": 466000.0
    },
    "2022-03-31": {
        "Diluted EPS": -0.17,
        "Total Revenue": 0,
        "Gross Profit": 0,
        "Operating Income": -3,
        "EBIT": -3,
        "Net Income": -4
    },
    "2021-12-31": {
        "Diluted EPS": -0.21,
        "Total Revenue": 0,
        "Gross Profit": 0,
        "Operating Income": -4,
        "EBIT": -4,
        "Net Income": -4
    },
    "2021-09-30": {
        "Diluted EPS": -0.25,
        "Total Revenue": 0,
        "Gross Profit": 0,
        "Operating Income": -5,
        "EBIT": -5,
        "Net Income": -5
    },
    "2021-06-30": {
        "Diluted EPS": -0.26,
        "Total Revenue": 0,
        "Gross Profit": 0,
        "Operating Income": -5,
        "EBIT": -5,
        "Net Income": -5
    },
    "2021-03-31": {
        "Diluted EPS": -0.18,
        "Total Revenue": 0,
        "Gross Profit": 0,
        "Operating Income": -3,
        "EBIT": -3,
        "Net Income": -3
    },
    "2020-12-31": {
        "Diluted EPS": -0.09,
        "Total Revenue": 1,
        "Gross Profit": 1,
        "Operating Income": -1,
        "EBIT": -1,
        "Net Income": -1
    },
    "2020-09-30": {
        "Diluted EPS": -0.06,
        "Total Revenue": 2,
        "Gross Profit": 0,
        "Operating Income": -1,
        "EBIT": -1,
        "Net Income": -1
    },
    "2020-06-30": {
        "Diluted EPS": -0.08,
        "Total Revenue": 1,
        "Gross Profit": 0,
        "Operating Income": -1,
        "EBIT": -1,
        "Net Income": -1
    },
    "2020-03-31": {
        "Diluted EPS": 0.0,
        "Total Revenue": 2,
        "Gross Profit": 1,
        "Operating Income": 0,
        "EBIT": 0,
        "Net Income": 0
    },
    "2019-12-31": {
        "Diluted EPS": 0.0,
        "Total Revenue": NaN,
        "Gross Profit": NaN,
        "Operating Income": NaN,
        "EBIT": NaN,
        "Net Income": NaN
    },
    "2023-06-30": {
        "Tax Effect Of Unusual Items": 0.0,
        "Tax Rate For Calcs": 0.0,
        "Normalized EBITDA": -5472000.0,
        "Total Unusual Items": 0.0,
        "Total Unusual Items Excluding Goodwill": 0.0,
        "Net Income From Continuing Operation Net Minority Interest": -5632000.0,
        "Reconciled Depreciation": 240000.0,
        "Reconciled Cost Of Revenue": 124000.0,
        "EBITDA": -5472000.0,
        "EBIT": -5712000.0,
        "Net Interest Income": NaN,
        "Interest Expense": NaN,
        "Normalized Income": -5632000.0,
        "Net Income From Continuing And Discontinued Operation": -5632000.0,
        "Total Expenses": 5929000.0,
        "Total Operating Income As Reported": -5712000.0,
        "Diluted Average Shares": 2110544.0,
        "Basic Average Shares": 2110544.0,
        "Diluted EPS": -2.67,
        "Basic EPS": -2.67,
        "Diluted NI Availto Com Stockholders": -5632000.0,
        "Net Income Common Stockholders": -5632000.0,
        "Otherunder Preferred Stock Dividend": 0.0,
        "Net Income": -5632000.0,
        "Net Income Including Noncontrolling Interests": -5632000.0,
        "Net Income Continuous Operations": -5632000.0,
        "Pretax Income": -5632000.0,
        "Other Income Expense": 80000.0,
        "Other Non Operating Income Expenses": 80000.0,
        "Special Income Charges": 0.0,
        "Other Special Charges": NaN,
        "Net Non Operating Interest Income Expense": NaN,
        "Interest Expense Non Operating": NaN,
        "Operating Income": -5712000.0,
        "Operating Expense": 5805000.0,
        "Other Operating Expenses": NaN,
        "Research And Development": 2287000.0,
        "Selling General And Administration": 3518000.0,
        "Selling And Marketing Expense": 143000.0,
        "General And Administrative Expense": 3518000.0,
        "Other Gand A": 3518000.0,
        "Gross Profit": 93000.0,
        "Cost Of Revenue": 124000.0,
        "Total Revenue": 217000.0,
        "Operating Revenue": 217000.0
    },
    "2023-09-30": {
        "Tax Effect Of Unusual Items": 0.0,
        "Tax Rate For Calcs": 0.0,
        "Normalized EBITDA": -4929000.0,
        "Total Unusual Items": 0.0,
        "Total Unusual Items Excluding Goodwill": 0.0,
        "Net Income From Continuing Operation Net Minority Interest": -5106000.0,
        "Reconciled Depreciation": 232000.0,
        "Reconciled Cost Of Revenue": 96000.0,
        "EBITDA": -4929000.0,
        "EBIT": -5161000.0,
        "Net Interest Income": NaN,
        "Interest Expense": NaN,
        "Normalized Income": -5106000.0,
        "Net Income From Continuing And Discontinued Operation": -5106000.0,
        "Total Expenses": 5311000.0,
        "Total Operating Income As Reported": -5161000.0,
        "Diluted Average Shares": 2117876.0,
        "Basic Average Shares": 2117876.0,
        "Diluted EPS": -2.8,
        "Basic EPS": -2.8,
        "Diluted NI Availto Com Stockholders": -5904000.0,
        "Net Income Common Stockholders": -5904000.0,
        "Otherunder Preferred Stock Dividend": 798000.0,
        "Net Income": -5106000.0,
        "Net Income Including Noncontrolling Interests": -5106000.0,
        "Net Income Continuous Operations": -5106000.0,
        "Pretax Income": -5106000.0,
        "Other Income Expense": 55000.0,
        "Other Non Operating Income Expenses": 55000.0,
        "Special Income Charges": 0.0,
        "Other Special Charges": NaN,
        "Net Non Operating Interest Income Expense": NaN,
        "Interest Expense Non Operating": NaN,
        "Operating Income": -5161000.0,
        "Operating Expense": 5215000.0,
        "Other Operating Expenses": NaN,
        "Research And Development": 1843000.0,
        "Selling General And Administration": 3372000.0,
        "Selling And Marketing Expense": 280000.0,
        "General And Administrative Expense": 3092000.0,
        "Other Gand A": 3092000.0,
        "Gross Profit": 54000.0,
        "Cost Of Revenue": 96000.0,
        "Total Revenue": 150000.0,
        "Operating Revenue": 150000.0
    },
    "2023-12-31": {
        "Tax Effect Of Unusual Items": 0.0,
        "Tax Rate For Calcs": 0.0,
        "Normalized EBITDA": -5174000.0,
        "Total Unusual Items": -30000.0,
        "Total Unusual Items Excluding Goodwill": -30000.0,
        "Net Income From Continuing Operation Net Minority Interest": -6028000.0,
        "Reconciled Depreciation": 236000.0,
        "Reconciled Cost Of Revenue": 65000.0,
        "EBITDA": -5204000.0,
        "EBIT": -5440000.0,
        "Net Interest Income": NaN,
        "Interest Expense": NaN,
        "Normalized Income": -5998000.0,
        "Net Income From Continuing And Discontinued Operation": -6028000.0,
        "Total Expenses": 5503000.0,
        "Total Operating Income As Reported": -5440000.0,
        "Diluted Average Shares": NaN,
        "Basic Average Shares": NaN,
        "Diluted EPS": NaN,
        "Basic EPS": NaN,
        "Diluted NI Availto Com Stockholders": -6028000.0,
        "Net Income Common Stockholders": -6028000.0,
        "Otherunder Preferred Stock Dividend": 0.0,
        "Net Income": -6028000.0,
        "Net Income Including Noncontrolling Interests": -6028000.0,
        "Net Income Continuous Operations": -6028000.0,
        "Pretax Income": -6028000.0,
        "Other Income Expense": -588000.0,
        "Other Non Operating Income Expenses": -558000.0,
        "Special Income Charges": -30000.0,
        "Other Special Charges": NaN,
        "Net Non Operating Interest Income Expense": NaN,
        "Interest Expense Non Operating": NaN,
        "Operating Income": -5440000.0,
        "Operating Expense": 5438000.0,
        "Other Operating Expenses": NaN,
        "Research And Development": 2156000.0,
        "Selling General And Administration": 3282000.0,
        "Selling And Marketing Expense": 203000.0,
        "General And Administrative Expense": 3079000.0,
        "Other Gand A": 3079000.0,
        "Gross Profit": -2000.0,
        "Cost Of Revenue": 65000.0,
        "Total Revenue": 63000.0,
        "Operating Revenue": 63000.0
    },
    "2024-03-31": {
        "Tax Effect Of Unusual Items": 0.0,
        "Tax Rate For Calcs": 0.0,
        "Normalized EBITDA": -3838000.0,
        "Total Unusual Items": NaN,
        "Total Unusual Items Excluding Goodwill": NaN,
        "Net Income From Continuing Operation Net Minority Interest": -4058000.0,
        "Reconciled Depreciation": 252000.0,
        "Reconciled Cost Of Revenue": 219000.0,
        "EBITDA": -3838000.0,
        "EBIT": -4090000.0,
        "Net Interest Income": NaN,
        "Interest Expense": NaN,
        "Normalized Income": -4058000.0,
        "Net Income From Continuing And Discontinued Operation": -4058000.0,
        "Total Expenses": 4638000.0,
        "Total Operating Income As Reported": -4090000.0,
        "Diluted Average Shares": 2513587.0,
        "Basic Average Shares": 2513587.0,
        "Diluted EPS": -1.61,
        "Basic EPS": -1.61,
        "Diluted NI Availto Com Stockholders": -4058000.0,
        "Net Income Common Stockholders": -4058000.0,
        "Otherunder Preferred Stock Dividend": NaN,
        "Net Income": -4058000.0,
        "Net Income Including Noncontrolling Interests": -4058000.0,
        "Net Income Continuous Operations": -4058000.0,
        "Pretax Income": -4058000.0,
        "Other Income Expense": 32000.0,
        "Other Non Operating Income Expenses": 32000.0,
        "Special Income Charges": NaN,
        "Other Special Charges": NaN,
        "Net Non Operating Interest Income Expense": NaN,
        "Interest Expense Non Operating": NaN,
        "Operating Income": -4090000.0,
        "Operating Expense": 4419000.0,
        "Other Operating Expenses": NaN,
        "Research And Development": 2219000.0,
        "Selling General And Administration": 2200000.0,
        "Selling And Marketing Expense": NaN,
        "General And Administrative Expense": 2200000.0,
        "Other Gand A": 2200000.0,
        "Gross Profit": 329000.0,
        "Cost Of Revenue": 219000.0,
        "Total Revenue": 548000.0,
        "Operating Revenue": 548000.0
    },
    "2024-06-30": {
        "Tax Effect Of Unusual Items": 0.0,
        "Tax Rate For Calcs": 0.0,
        "Normalized EBITDA": -3271000.0,
        "Total Unusual Items": NaN,
        "Total Unusual Items Excluding Goodwill": NaN,
        "Net Income From Continuing Operation Net Minority Interest": -3413000.0,
        "Reconciled Depreciation": 229000.0,
        "Reconciled Cost Of Revenue": 124000.0,
        "EBITDA": -3271000.0,
        "EBIT": -3500000.0,
        "Net Interest Income": NaN,
        "Interest Expense": NaN,
        "Normalized Income": -3413000.0,
        "Net Income From Continuing And Discontinued Operation": -3413000.0,
        "Total Expenses": 3968000.0,
        "Total Operating Income As Reported": -3500000.0,
        "Diluted Average Shares": 6509881.0,
        "Basic Average Shares": 6509881.0,
        "Diluted EPS": -1.83,
        "Basic EPS": -1.83,
        "Diluted NI Availto Com Stockholders": -11914000.0,
        "Net Income Common Stockholders": -11914000.0,
        "Otherunder Preferred Stock Dividend": 8501000.0,
        "Net Income": -3413000.0,
        "Net Income Including Noncontrolling Interests": -3413000.0,
        "Net Income Continuous Operations": -3413000.0,
        "Pretax Income": -3413000.0,
        "Other Income Expense": 87000.0,
        "Other Non Operating Income Expenses": 87000.0,
        "Special Income Charges": NaN,
        "Other Special Charges": NaN,
        "Net Non Operating Interest Income Expense": NaN,
        "Interest Expense Non Operating": NaN,
        "Operating Income": -3500000.0,
        "Operating Expense": 3844000.0,
        "Other Operating Expenses": NaN,
        "Research And Development": 1722000.0,
        "Selling General And Administration": 2122000.0,
        "Selling And Marketing Expense": NaN,
        "General And Administrative Expense": 2122000.0,
        "Other Gand A": 2122000.0,
        "Gross Profit": 344000.0,
        "Cost Of Revenue": 124000.0,
        "Total Revenue": 468000.0,
        "Operating Revenue": 468000.0
    }
}