{
    "2023-06-30": {
        "Tax Effect Of Unusual Items": -3426300.0,
        "Tax Rate For Calcs": 0.243,
        "Normalized EBITDA": 411800000.0,
        "Total Unusual Items": -14100000.0,
        "Total Unusual Items Excluding Goodwill": -14100000.0,
        "Net Income From Continuing Operation Net Minority Interest": 155000000.0,
        "Reconciled Depreciation": 142900000.0,
        "Reconciled Cost Of Revenue": 2100100000.0,
        "EBITDA": 397700000.0,
        "EBIT": 254800000.0,
        "Net Interest Income": -49800000.0,
        "Interest Expense": 49800000.0,
        "Normalized Income": 165673700.0,
        "Net Income From Continuing And Discontinued Operation": 188900000.0,
        "Total Expenses": 2748800000.0,
        "Total Operating Income As Reported": 266300000.0,
        "Diluted Average Shares": 89000000.0,
        "Basic Average Shares": 88400000.0,
        "Diluted EPS": 2.12,
        "Basic EPS": 2.14,
        "Diluted NI Availto Com Stockholders": 188900000.0,
        "Net Income Common Stockholders": 188900000.0,
        "Net Income": 188900000.0,
        "Minority Interests": -200000.0,
        "Net Income Including Noncontrolling Interests": 189100000.0,
        "Net Income Discontinuous Operations": 33900000.0,
        "Net Income Continuous Operations": 155200000.0,
        "Tax Provision": 49800000.0,
        "Pretax Income": 205000000.0,
        "Other Income Expense": -30100000.0,
        "Other Non Operating Income Expenses": -16900000.0,
        "Special Income Charges": -18600000.0,
        "Gain On Sale Of Ppe": NaN,
        "Impairment Of Capital Assets": 2800000.0,
        "Restructuring And Mergern Acquisition": 15800000.0,
        "Earnings From Equity Interest": 900000.0,
        "Gain On Sale Of Security": 4500000.0,
        "Net Non Operating Interest Income Expense": -49800000.0,
        "Interest Expense Non Operating": 49800000.0,
        "Operating Income": 284900000.0,
        "Operating Expense": 557300000.0,
        "Depreciation Amortization Depletion Income Statement": 51500000.0,
        "Depreciation And Amortization In Income Statement": 51500000.0,
        "Amortization": 51500000.0,
        "Amortization Of Intangibles Income Statement": 51500000.0,
        "Selling General And Administration": 505800000.0,
        "Gross Profit": 842200000.0,
        "Cost Of Revenue": 2191500000.0,
        "Total Revenue": 3033700000.0,
        "Operating Revenue": 3039800000.0
    },
    "2023-03-31": {
        "Tax Effect Of Unusual Items": -2256000.0,
        "Tax Rate For Calcs": 0.235,
        "Normalized EBITDA": 474700000.0,
        "Total Unusual Items": -9600000.0,
        "Total Unusual Items Excluding Goodwill": -9600000.0,
        "Net Income From Continuing Operation Net Minority Interest": 208000000.0,
        "Reconciled Depreciation": 142100000.0,
        "Reconciled Cost Of Revenue": 2099000000.0,
        "EBITDA": 465100000.0,
        "EBIT": 323000000.0,
        "Net Interest Income": -50700000.0,
        "Interest Expense": 50700000.0,
        "Normalized Income": 215344000.0,
        "Net Income From Continuing And Discontinued Operation": 212900000.0,
        "Total Expenses": 2698300000.0,
        "Total Operating Income As Reported": 329800000.0,
        "Diluted Average Shares": 89000000.0,
        "Basic Average Shares": 88400000.0,
        "Diluted EPS": 2.39,
        "Basic EPS": 2.41,
        "Diluted NI Availto Com Stockholders": 212900000.0,
        "Net Income Common Stockholders": 212900000.0,
        "Net Income": 212900000.0,
        "Minority Interests": -400000.0,
        "Net Income Including Noncontrolling Interests": 213300000.0,
        "Net Income Discontinuous Operations": 4900000.0,
        "Net Income Continuous Operations": 208400000.0,
        "Tax Provision": 63900000.0,
        "Pretax Income": 272300000.0,
        "Other Income Expense": -16500000.0,
        "Other Non Operating Income Expenses": -4800000.0,
        "Special Income Charges": -9700000.0,
        "Gain On Sale Of Ppe": NaN,
        "Impairment Of Capital Assets": 2200000.0,
        "Restructuring And Mergern Acquisition": 7500000.0,
        "Earnings From Equity Interest": -2100000.0,
        "Gain On Sale Of Security": 100000.0,
        "Net Non Operating Interest Income Expense": -50700000.0,
        "Interest Expense Non Operating": 50700000.0,
        "Operating Income": 339500000.0,
        "Operating Expense": 510600000.0,
        "Depreciation Amortization Depletion Income Statement": 53400000.0,
        "Depreciation And Amortization In Income Statement": 53400000.0,
        "Amortization": 53400000.0,
        "Amortization Of Intangibles Income Statement": 53400000.0,
        "Selling General And Administration": 457200000.0,
        "Gross Profit": 850100000.0,
        "Cost Of Revenue": 2187700000.0,
        "Total Revenue": 3037800000.0,
        "Operating Revenue": 3044100000.0
    },
    "2022-12-31": {
        "Tax Effect Of Unusual Items": -58863000.0,
        "Tax Rate For Calcs": 0.21,
        "Normalized EBITDA": 530300000.0,
        "Total Unusual Items": -280300000.0,
        "Total Unusual Items Excluding Goodwill": -280300000.0,
        "Net Income From Continuing Operation Net Minority Interest": 76100000.0,
        "Reconciled Depreciation": 156200000.0,
        "Reconciled Cost Of Revenue": 2608800000.0,
        "EBITDA": 250000000.0,
        "EBIT": 93800000.0,
        "Net Interest Income": -49300000.0,
        "Interest Expense": 49300000.0,
        "Normalized Income": 297537000.0,
        "Net Income From Continuing And Discontinued Operation": 76100000.0,
        "Total Expenses": 3301500000.0,
        "Total Operating Income As Reported": 90700000.0,
        "Diluted Average Shares": 89000000.0,
        "Basic Average Shares": 88500000.0,
        "Diluted EPS": 0.86,
        "Basic EPS": 0.86,
        "Diluted NI Availto Com Stockholders": 76100000.0,
        "Net Income Common Stockholders": 76100000.0,
        "Net Income": 76100000.0,
        "Minority Interests": -300000.0,
        "Net Income Including Noncontrolling Interests": 76400000.0,
        "Net Income Discontinuous Operations": NaN,
        "Net Income Continuous Operations": 76400000.0,
        "Tax Provision": -31900000.0,
        "Pretax Income": 44500000.0,
        "Other Income Expense": -278900000.0,
        "Other Non Operating Income Expenses": 2500000.0,
        "Special Income Charges": -282000000.0,
        "Impairment Of Capital Assets": 270300000.0,
        "Restructuring And Mergern Acquisition": 11700000.0,
        "Earnings From Equity Interest": -1100000.0,
        "Gain On Sale Of Security": 1700000.0,
        "Net Non Operating Interest Income Expense": -49300000.0,
        "Interest Expense Non Operating": 49300000.0,
        "Operating Income": 372700000.0,
        "Operating Expense": 597100000.0,
        "Depreciation Amortization Depletion Income Statement": 60600000.0,
        "Depreciation And Amortization In Income Statement": 60600000.0,
        "Amortization": 60600000.0,
        "Amortization Of Intangibles Income Statement": 60600000.0,
        "Selling General And Administration": 536500000.0,
        "Gross Profit": 969800000.0,
        "Cost Of Revenue": 2704400000.0,
        "Total Revenue": 3674200000.0,
        "Operating Revenue": 3679600000.0
    },
    "2022-09-30": {
        "Tax Effect Of Unusual Items": -1784629.981025,
        "Tax Rate For Calcs": 0.162239,
        "Normalized EBITDA": 636000000.0,
        "Total Unusual Items": -11000000.0,
        "Total Unusual Items Excluding Goodwill": -11000000.0,
        "Net Income From Continuing Operation Net Minority Interest": 352800000.0,
        "Reconciled Depreciation": 157100000.0,
        "Reconciled Cost Of Revenue": 2454500000.0,
        "EBITDA": 625000000.0,
        "EBIT": 467900000.0,
        "Net Interest Income": -46300000.0,
        "Interest Expense": 46300000.0,
        "Normalized Income": 362015370.018975,
        "Net Income From Continuing And Discontinued Operation": 352800000.0,
        "Total Expenses": 3121600000.0,
        "Total Operating Income As Reported": 469400000.0,
        "Diluted Average Shares": 90700000.0,
        "Basic Average Shares": 90200000.0,
        "Diluted EPS": 3.9,
        "Basic EPS": 3.91,
        "Diluted NI Availto Com Stockholders": 352800000.0,
        "Net Income Common Stockholders": 352800000.0,
        "Net Income": 352800000.0,
        "Minority Interests": -400000.0,
        "Net Income Including Noncontrolling Interests": 353200000.0,
        "Net Income Discontinuous Operations": NaN,
        "Net Income Continuous Operations": 353200000.0,
        "Tax Provision": 68400000.0,
        "Pretax Income": 421600000.0,
        "Other Income Expense": -16600000.0,
        "Other Non Operating Income Expenses": -7300000.0,
        "Special Income Charges": -15100000.0,
        "Impairment Of Capital Assets": 0.0,
        "Restructuring And Mergern Acquisition": 15100000.0,
        "Earnings From Equity Interest": 1700000.0,
        "Gain On Sale Of Security": 4100000.0,
        "Net Non Operating Interest Income Expense": -46300000.0,
        "Interest Expense Non Operating": 46300000.0,
        "Operating Income": 484500000.0,
        "Operating Expense": 575200000.0,
        "Depreciation Amortization Depletion Income Statement": 65200000.0,
        "Depreciation And Amortization In Income Statement": 65200000.0,
        "Amortization": 65200000.0,
        "Amortization Of Intangibles Income Statement": 65200000.0,
        "Selling General And Administration": 510000000.0,
        "Gross Profit": 1059700000.0,
        "Cost Of Revenue": 2546400000.0,
        "Total Revenue": 3606100000.0,
        "Operating Revenue": 3606100000.0
    },
    "2022-06-30": {
        "Tax Effect Of Unusual Items": -10457598.656591,
        "Tax Rate For Calcs": 0.246641,
        "Normalized EBITDA": 720400000.0,
        "Total Unusual Items": -42400000.0,
        "Total Unusual Items Excluding Goodwill": -42400000.0,
        "Net Income From Continuing Operation Net Minority Interest": 358600000.0,
        "Reconciled Depreciation": 159100000.0,
        "Reconciled Cost Of Revenue": 2481500000.0,
        "EBITDA": 678000000.0,
        "EBIT": 518900000.0,
        "Net Interest Income": -42500000.0,
        "Interest Expense": 42500000.0,
        "Normalized Income": 390542401.343409,
        "Net Income From Continuing And Discontinued Operation": 358600000.0,
        "Total Expenses": 3126600000.0,
        "Total Operating Income As Reported": 525900000.0,
        "Diluted Average Shares": 92661499.0,
        "Basic Average Shares": 92185090.0,
        "Diluted EPS": 3.87,
        "Basic EPS": 3.89,
        "Diluted NI Availto Com Stockholders": 358600000.0,
        "Net Income Common Stockholders": 358600000.0,
        "Net Income": 358600000.0,
        "Minority Interests": -300000.0,
        "Net Income Including Noncontrolling Interests": 358900000.0,
        "Net Income Discontinuous Operations": NaN,
        "Net Income Continuous Operations": 358900000.0,
        "Tax Provision": 117500000.0,
        "Pretax Income": 476400000.0,
        "Other Income Expense": -51400000.0,
        "Other Non Operating Income Expenses": -10400000.0,
        "Special Income Charges": -44400000.0,
        "Impairment Of Capital Assets": 0.0,
        "Restructuring And Mergern Acquisition": 44400000.0,
        "Earnings From Equity Interest": 1400000.0,
        "Gain On Sale Of Security": 2000000.0,
        "Net Non Operating Interest Income Expense": -42500000.0,
        "Interest Expense Non Operating": 42500000.0,
        "Operating Income": 570300000.0,
        "Operating Expense": 552400000.0,
        "Depreciation Amortization Depletion Income Statement": 66400000.0,
        "Depreciation And Amortization In Income Statement": 66400000.0,
        "Amortization": 66400000.0,
        "Amortization Of Intangibles Income Statement": 66400000.0,
        "Selling General And Administration": 486000000.0,
        "Gross Profit": 1122700000.0,
        "Cost Of Revenue": 2574200000.0,
        "Total Revenue": 3696900000.0,
        "Operating Revenue": 3696900000.0
    },
    "2023-09-30": {
        "Tax Effect Of Unusual Items": -138600.0,
        "Tax Rate For Calcs": 0.231,
        "Normalized EBITDA": 435500000.0,
        "Total Unusual Items": -600000.0,
        "Total Unusual Items Excluding Goodwill": -600000.0,
        "Net Income From Continuing Operation Net Minority Interest": 183300000.0,
        "Reconciled Depreciation": 145900000.0,
        "Reconciled Cost Of Revenue": 2115400000.0,
        "EBITDA": 434900000.0,
        "EBIT": 289000000.0,
        "Net Interest Income": -50300000.0,
        "Interest Expense": 50300000.0,
        "Normalized Income": 183761400.0,
        "Net Income From Continuing And Discontinued Operation": 183300000.0,
        "Total Expenses": 2786800000.0,
        "Total Operating Income As Reported": 252300000.0,
        "Diluted Average Shares": 87000000.0,
        "Basic Average Shares": 86600000.0,
        "Diluted EPS": 2.11,
        "Basic EPS": 2.12,
        "Diluted NI Availto Com Stockholders": 183300000.0,
        "Net Income Common Stockholders": 183300000.0,
        "Net Income": 183300000.0,
        "Minority Interests": -300000.0,
        "Net Income Including Noncontrolling Interests": 183600000.0,
        "Net Income Discontinuous Operations": 0.0,
        "Net Income Continuous Operations": 183600000.0,
        "Tax Provision": 55100000.0,
        "Pretax Income": 238700000.0,
        "Other Income Expense": 19000000.0,
        "Other Non Operating Income Expenses": 19900000.0,
        "Special Income Charges": -17700000.0,
        "Gain On Sale Of Ppe": NaN,
        "Impairment Of Capital Assets": 10200000.0,
        "Restructuring And Mergern Acquisition": 7500000.0,
        "Earnings From Equity Interest": -300000.0,
        "Gain On Sale Of Security": 17100000.0,
        "Net Non Operating Interest Income Expense": -50300000.0,
        "Interest Expense Non Operating": 50300000.0,
        "Operating Income": 270000000.0,
        "Operating Expense": 581200000.0,
        "Depreciation Amortization Depletion Income Statement": 55700000.0,
        "Depreciation And Amortization In Income Statement": 55700000.0,
        "Amortization": 55700000.0,
        "Amortization Of Intangibles Income Statement": 55700000.0,
        "Selling General And Administration": 525500000.0,
        "Gross Profit": 851200000.0,
        "Cost Of Revenue": 2205600000.0,
        "Total Revenue": 3056800000.0,
        "Operating Revenue": 3063800000.0
    },
    "2023-12-31": {
        "Tax Effect Of Unusual Items": -69153000.0,
        "Tax Rate For Calcs": 0.21,
        "Normalized EBITDA": 377400000.0,
        "Total Unusual Items": -329300000.0,
        "Total Unusual Items Excluding Goodwill": -329300000.0,
        "Net Income From Continuing Operation Net Minority Interest": -167100000.0,
        "Reconciled Depreciation": 146400000.0,
        "Reconciled Cost Of Revenue": 2124700000.0,
        "EBITDA": 48100000.0,
        "EBIT": -98300000.0,
        "Net Interest Income": -48800000.0,
        "Interest Expense": 48800000.0,
        "Normalized Income": 93047000.0,
        "Net Income From Continuing And Discontinued Operation": -167100000.0,
        "Total Expenses": 2804000000.0,
        "Total Operating Income As Reported": -122800000.0,
        "Diluted Average Shares": 85500000.0,
        "Basic Average Shares": 84900000.0,
        "Diluted EPS": -1.97,
        "Basic EPS": -1.97,
        "Diluted NI Availto Com Stockholders": -167100000.0,
        "Net Income Common Stockholders": -167100000.0,
        "Net Income": -167100000.0,
        "Minority Interests": -300000.0,
        "Net Income Including Noncontrolling Interests": -166800000.0,
        "Net Income Discontinuous Operations": 0.0,
        "Net Income Continuous Operations": -166800000.0,
        "Tax Provision": 19700000.0,
        "Pretax Income": -147100000.0,
        "Other Income Expense": -327600000.0,
        "Other Non Operating Income Expenses": 1600000.0,
        "Special Income Charges": -352100000.0,
        "Gain On Sale Of Ppe": NaN,
        "Impairment Of Capital Assets": 333800000.0,
        "Restructuring And Mergern Acquisition": 18300000.0,
        "Earnings From Equity Interest": 100000.0,
        "Gain On Sale Of Security": 22800000.0,
        "Net Non Operating Interest Income Expense": -48800000.0,
        "Interest Expense Non Operating": 48800000.0,
        "Operating Income": 229300000.0,
        "Operating Expense": 592100000.0,
        "Depreciation Amortization Depletion Income Statement": 59200000.0,
        "Depreciation And Amortization In Income Statement": 59200000.0,
        "Amortization": 59200000.0,
        "Amortization Of Intangibles Income Statement": 59200000.0,
        "Selling General And Administration": 532900000.0,
        "Gross Profit": 821400000.0,
        "Cost Of Revenue": 2211900000.0,
        "Total Revenue": 3033300000.0,
        "Operating Revenue": 3041600000.0
    },
    "2024-03-31": {
        "Tax Effect Of Unusual Items": -464000.0,
        "Tax Rate For Calcs": 0.232,
        "Normalized EBITDA": 500800000.0,
        "Total Unusual Items": -2000000.0,
        "Total Unusual Items Excluding Goodwill": -2000000.0,
        "Net Income From Continuing Operation Net Minority Interest": 228000000.0,
        "Reconciled Depreciation": 154500000.0,
        "Reconciled Cost Of Revenue": 2184900000.0,
        "EBITDA": 498800000.0,
        "EBIT": 344300000.0,
        "Net Interest Income": -46900000.0,
        "Interest Expense": 46900000.0,
        "Normalized Income": 229536000.0,
        "Net Income From Continuing And Discontinued Operation": 228000000.0,
        "Total Expenses": 2847800000.0,
        "Total Operating Income As Reported": 321300000.0,
        "Diluted Average Shares": 84700000.0,
        "Basic Average Shares": 84100000.0,
        "Diluted EPS": 2.69,
        "Basic EPS": 2.71,
        "Diluted NI Availto Com Stockholders": 228000000.0,
        "Net Income Common Stockholders": 228000000.0,
        "Net Income": 228000000.0,
        "Minority Interests": -300000.0,
        "Net Income Including Noncontrolling Interests": 228300000.0,
        "Net Income Discontinuous Operations": 0.0,
        "Net Income Continuous Operations": 228300000.0,
        "Tax Provision": 69100000.0,
        "Pretax Income": 297400000.0,
        "Other Income Expense": 15500000.0,
        "Other Non Operating Income Expenses": 17400000.0,
        "Special Income Charges": -12400000.0,
        "Gain On Sale Of Ppe": -4900000.0,
        "Impairment Of Capital Assets": 2500000.0,
        "Restructuring And Mergern Acquisition": 5000000.0,
        "Earnings From Equity Interest": 100000.0,
        "Gain On Sale Of Security": 10400000.0,
        "Net Non Operating Interest Income Expense": -46900000.0,
        "Interest Expense Non Operating": 46900000.0,
        "Operating Income": 328800000.0,
        "Operating Expense": 568500000.0,
        "Depreciation Amortization Depletion Income Statement": 60100000.0,
        "Depreciation And Amortization In Income Statement": 60100000.0,
        "Amortization": 60100000.0,
        "Amortization Of Intangibles Income Statement": 60100000.0,
        "Selling General And Administration": 508400000.0,
        "Gross Profit": 897300000.0,
        "Cost Of Revenue": 2279300000.0,
        "Total Revenue": 3176600000.0,
        "Operating Revenue": 3190600000.0
    },
    "2024-06-30": {
        "Tax Effect Of Unusual Items": -2389600.0,
        "Tax Rate For Calcs": 0.232,
        "Normalized EBITDA": 482500000.0,
        "Total Unusual Items": -10300000.0,
        "Total Unusual Items Excluding Goodwill": -10300000.0,
        "Net Income From Continuing Operation Net Minority Interest": 205300000.0,
        "Reconciled Depreciation": 156900000.0,
        "Reconciled Cost Of Revenue": 2199800000.0,
        "EBITDA": 472200000.0,
        "EBIT": 315300000.0,
        "Net Interest Income": -47600000.0,
        "Interest Expense": 47600000.0,
        "Normalized Income": 213210400.0,
        "Net Income From Continuing And Discontinued Operation": 205300000.0,
        "Total Expenses": 2914500000.0,
        "Total Operating Income As Reported": 294800000.0,
        "Diluted Average Shares": 84300000.0,
        "Basic Average Shares": 84100000.0,
        "Diluted EPS": 2.43,
        "Basic EPS": 2.44,
        "Diluted NI Availto Com Stockholders": 205300000.0,
        "Net Income Common Stockholders": 205300000.0,
        "Net Income": 205300000.0,
        "Minority Interests": -300000.0,
        "Net Income Including Noncontrolling Interests": 205600000.0,
        "Net Income Discontinuous Operations": 0.0,
        "Net Income Continuous Operations": 205600000.0,
        "Tax Provision": 62100000.0,
        "Pretax Income": 267700000.0,
        "Other Income Expense": 8900000.0,
        "Other Non Operating Income Expenses": 19500000.0,
        "Special Income Charges": -11600000.0,
        "Gain On Sale Of Ppe": NaN,
        "Impairment Of Capital Assets": 0.0,
        "Restructuring And Mergern Acquisition": 11600000.0,
        "Earnings From Equity Interest": -300000.0,
        "Gain On Sale Of Security": 1300000.0,
        "Net Non Operating Interest Income Expense": -47600000.0,
        "Interest Expense Non Operating": 47600000.0,
        "Operating Income": 306400000.0,
        "Operating Expense": 620000000.0,
        "Depreciation Amortization Depletion Income Statement": 62200000.0,
        "Depreciation And Amortization In Income Statement": 62200000.0,
        "Amortization": 62200000.0,
        "Amortization Of Intangibles Income Statement": 62200000.0,
        "Selling General And Administration": 557800000.0,
        "Gross Profit": 926400000.0,
        "Cost Of Revenue": 2294500000.0,
        "Total Revenue": 3220900000.0,
        "Operating Revenue": 3231900000.0
    },
    "2024-09-30": {
        "Tax Effect Of Unusual Items": -5167500.0,
        "Tax Rate For Calcs": 0.195,
        "Normalized EBITDA": 449000000.0,
        "Total Unusual Items": -26500000.0,
        "Total Unusual Items Excluding Goodwill": -26500000.0,
        "Net Income From Continuing Operation Net Minority Interest": 169300000.0,
        "Reconciled Depreciation": 161500000.0,
        "Reconciled Cost Of Revenue": 2279800000.0,
        "EBITDA": 422500000.0,
        "EBIT": 261000000.0,
        "Net Interest Income": -50400000.0,
        "Interest Expense": 50400000.0,
        "Normalized Income": 190632500.0,
        "Net Income From Continuing And Discontinued Operation": 169300000.0,
        "Total Expenses": 3009900000.0,
        "Total Operating Income As Reported": 254100000.0,
        "Diluted Average Shares": 84400000.0,
        "Basic Average Shares": 84000000.0,
        "Diluted EPS": 2.0,
        "Basic EPS": 2.02,
        "Diluted NI Availto Com Stockholders": 169300000.0,
        "Net Income Common Stockholders": 169300000.0,
        "Net Income": 169300000.0,
        "Minority Interests": -300000.0,
        "Net Income Including Noncontrolling Interests": 169600000.0,
        "Net Income Discontinuous Operations": 0.0,
        "Net Income Continuous Operations": 169600000.0,
        "Tax Provision": 41000000.0,
        "Pretax Income": 210600000.0,
        "Other Income Expense": -11100000.0,
        "Other Non Operating Income Expenses": 15900000.0,
        "Special Income Charges": -18000000.0,
        "Gain On Sale Of Ppe": NaN,
        "Impairment Of Capital Assets": 0.0,
        "Restructuring And Mergern Acquisition": 18000000.0,
        "Earnings From Equity Interest": -500000.0,
        "Gain On Sale Of Security": -8500000.0,
        "Net Non Operating Interest Income Expense": -50400000.0,
        "Interest Expense Non Operating": 50400000.0,
        "Operating Income": 272100000.0,
        "Operating Expense": 632300000.0,
        "Depreciation Amortization Depletion Income Statement": 63700000.0,
        "Depreciation And Amortization In Income Statement": 63700000.0,
        "Amortization": 63700000.0,
        "Amortization Of Intangibles Income Statement": 63700000.0,
        "Selling General And Administration": 568600000.0,
        "Gross Profit": 904400000.0,
        "Cost Of Revenue": 2377600000.0,
        "Total Revenue": 3282000000.0,
        "Operating Revenue": 3291200000.0
    }
}