{
    "2023-06-30": {
        "Tax Effect Of Unusual Items": -1904000.0,
        "Tax Rate For Calcs": 0.056,
        "Normalized EBITDA": 773000000.0,
        "Total Unusual Items": -34000000.0,
        "Total Unusual Items Excluding Goodwill": -34000000.0,
        "Net Income From Continuing Operation Net Minority Interest": 349000000.0,
        "Reconciled Depreciation": 256000000.0,
        "Reconciled Cost Of Revenue": 3476000000.0,
        "EBITDA": 739000000.0,
        "EBIT": 483000000.0,
        "Net Interest Income": -111000000.0,
        "Interest Expense": 111000000.0,
        "Normalized Income": 381096000.0,
        "Net Income From Continuing And Discontinued Operation": 349000000.0,
        "Total Expenses": 4182000000.0,
        "Diluted Average Shares": 190100000.0,
        "Basic Average Shares": 189200000.0,
        "Diluted EPS": 1.83,
        "Basic EPS": 1.84,
        "Diluted NI Availto Com Stockholders": 349000000.0,
        "Net Income Common Stockholders": 349000000.0,
        "Net Income": 349000000.0,
        "Minority Interests": -2000000.0,
        "Net Income Including Noncontrolling Interests": 351000000.0,
        "Net Income Discontinuous Operations": NaN,
        "Net Income Continuous Operations": 351000000.0,
        "Tax Provision": 21000000.0,
        "Pretax Income": 372000000.0,
        "Other Income Expense": -28000000.0,
        "Other Non Operating Income Expenses": 6000000.0,
        "Special Income Charges": -34000000.0,
        "Gain On Sale Of Business": 26000000.0,
        "Write Off": 60000000.0,
        "Impairment Of Capital Assets": NaN,
        "Net Non Operating Interest Income Expense": -111000000.0,
        "Interest Expense Non Operating": 111000000.0,
        "Operating Income": 511000000.0,
        "Operating Expense": 706000000.0,
        "Selling General And Administration": 706000000.0,
        "General And Administrative Expense": 706000000.0,
        "Other Gand A": 783000000.0,
        "Salaries And Wages": -77000000.0,
        "Gross Profit": 1217000000.0,
        "Cost Of Revenue": 3476000000.0,
        "Total Revenue": 4693000000.0,
        "Operating Revenue": 4693000000.0
    },
    "2023-03-31": {
        "Tax Effect Of Unusual Items": 0.0,
        "Tax Rate For Calcs": 0.091,
        "Normalized EBITDA": 725000000.0,
        "Total Unusual Items": NaN,
        "Total Unusual Items Excluding Goodwill": NaN,
        "Net Income From Continuing Operation Net Minority Interest": 337000000.0,
        "Reconciled Depreciation": 250000000.0,
        "Reconciled Cost Of Revenue": 3305000000.0,
        "EBITDA": 725000000.0,
        "EBIT": 475000000.0,
        "Net Interest Income": -102000000.0,
        "Interest Expense": 102000000.0,
        "Normalized Income": 337000000.0,
        "Net Income From Continuing And Discontinued Operation": 337000000.0,
        "Total Expenses": 4078000000.0,
        "Diluted Average Shares": 191200000.0,
        "Basic Average Shares": 190200000.0,
        "Diluted EPS": 1.76,
        "Basic EPS": 1.77,
        "Diluted NI Availto Com Stockholders": 337000000.0,
        "Net Income Common Stockholders": 337000000.0,
        "Net Income": 337000000.0,
        "Minority Interests": -2000000.0,
        "Net Income Including Noncontrolling Interests": 339000000.0,
        "Net Income Discontinuous Operations": NaN,
        "Net Income Continuous Operations": 339000000.0,
        "Tax Provision": 34000000.0,
        "Pretax Income": 373000000.0,
        "Other Income Expense": 82000000.0,
        "Other Non Operating Income Expenses": 82000000.0,
        "Special Income Charges": NaN,
        "Gain On Sale Of Business": NaN,
        "Write Off": NaN,
        "Impairment Of Capital Assets": NaN,
        "Net Non Operating Interest Income Expense": -102000000.0,
        "Interest Expense Non Operating": 102000000.0,
        "Operating Income": 393000000.0,
        "Operating Expense": 773000000.0,
        "Selling General And Administration": 773000000.0,
        "General And Administrative Expense": NaN,
        "Other Gand A": NaN,
        "Salaries And Wages": NaN,
        "Gross Profit": 1166000000.0,
        "Cost Of Revenue": 3305000000.0,
        "Total Revenue": 4471000000.0,
        "Operating Revenue": 4471000000.0
    },
    "2022-12-31": {
        "Tax Effect Of Unusual Items": -5658536.585366,
        "Tax Rate For Calcs": 0.217636,
        "Normalized EBITDA": 874000000.0,
        "Total Unusual Items": -26000000.0,
        "Total Unusual Items Excluding Goodwill": -26000000.0,
        "Net Income From Continuing Operation Net Minority Interest": 416000000.0,
        "Reconciled Depreciation": 241000000.0,
        "Reconciled Cost Of Revenue": 3316000000.0,
        "EBITDA": 848000000.0,
        "EBIT": 607000000.0,
        "Net Interest Income": -74000000.0,
        "Interest Expense": 74000000.0,
        "Normalized Income": 436341463.414634,
        "Net Income From Continuing And Discontinued Operation": 416000000.0,
        "Total Expenses": 4075000000.0,
        "Diluted Average Shares": 192000000.0,
        "Basic Average Shares": 190600000.0,
        "Diluted EPS": 2.16,
        "Basic EPS": 2.18,
        "Diluted NI Availto Com Stockholders": 416000000.0,
        "Net Income Common Stockholders": 416000000.0,
        "Net Income": 416000000.0,
        "Minority Interests": -1000000.0,
        "Net Income Including Noncontrolling Interests": 417000000.0,
        "Net Income Discontinuous Operations": 0.0,
        "Net Income Continuous Operations": 417000000.0,
        "Tax Provision": 116000000.0,
        "Pretax Income": 533000000.0,
        "Other Income Expense": 104000000.0,
        "Other Non Operating Income Expenses": 130000000.0,
        "Special Income Charges": -8000000.0,
        "Gain On Sale Of Business": -8000000.0,
        "Write Off": NaN,
        "Impairment Of Capital Assets": 0.0,
        "Net Non Operating Interest Income Expense": -74000000.0,
        "Interest Expense Non Operating": 74000000.0,
        "Operating Income": 503000000.0,
        "Operating Expense": 759000000.0,
        "Selling General And Administration": 759000000.0,
        "General And Administrative Expense": NaN,
        "Other Gand A": NaN,
        "Salaries And Wages": NaN,
        "Gross Profit": 1262000000.0,
        "Cost Of Revenue": 3316000000.0,
        "Total Revenue": 4578000000.0,
        "Operating Revenue": 4578000000.0
    },
    "2022-09-30": {
        "Tax Effect Of Unusual Items": -49724000.0,
        "Tax Rate For Calcs": 0.062,
        "Normalized EBITDA": 783000000.0,
        "Total Unusual Items": -802000000.0,
        "Total Unusual Items Excluding Goodwill": -802000000.0,
        "Net Income From Continuing Operation Net Minority Interest": -300000000.0,
        "Reconciled Depreciation": 232000000.0,
        "Reconciled Cost Of Revenue": 3052000000.0,
        "EBITDA": -19000000.0,
        "EBIT": -251000000.0,
        "Net Interest Income": -70000000.0,
        "Interest Expense": 70000000.0,
        "Normalized Income": 452276000.0,
        "Net Income From Continuing And Discontinued Operation": -300000000.0,
        "Total Expenses": 3794000000.0,
        "Diluted Average Shares": 191300000.0,
        "Basic Average Shares": 191300000.0,
        "Diluted EPS": -1.56,
        "Basic EPS": -1.56,
        "Diluted NI Availto Com Stockholders": -300000000.0,
        "Net Income Common Stockholders": -300000000.0,
        "Net Income": -300000000.0,
        "Minority Interests": 1000000.0,
        "Net Income Including Noncontrolling Interests": -301000000.0,
        "Net Income Discontinuous Operations": 0.0,
        "Net Income Continuous Operations": -301000000.0,
        "Tax Provision": -20000000.0,
        "Pretax Income": -321000000.0,
        "Other Income Expense": -703000000.0,
        "Other Non Operating Income Expenses": 99000000.0,
        "Special Income Charges": -802000000.0,
        "Gain On Sale Of Business": 0.0,
        "Write Off": NaN,
        "Impairment Of Capital Assets": 802000000.0,
        "Net Non Operating Interest Income Expense": -70000000.0,
        "Interest Expense Non Operating": 70000000.0,
        "Operating Income": 452000000.0,
        "Operating Expense": 742000000.0,
        "Selling General And Administration": 742000000.0,
        "General And Administrative Expense": NaN,
        "Other Gand A": NaN,
        "Salaries And Wages": NaN,
        "Gross Profit": 1194000000.0,
        "Cost Of Revenue": 3052000000.0,
        "Total Revenue": 4246000000.0,
        "Operating Revenue": 4246000000.0
    },
    "2022-06-30": {
        "Tax Effect Of Unusual Items": 0.0,
        "Tax Rate For Calcs": 0.105,
        "Normalized EBITDA": 825000000.0,
        "Total Unusual Items": 0.0,
        "Total Unusual Items Excluding Goodwill": 0.0,
        "Net Income From Continuing Operation Net Minority Interest": 471000000.0,
        "Reconciled Depreciation": 233000000.0,
        "Reconciled Cost Of Revenue": 2907000000.0,
        "EBITDA": 825000000.0,
        "EBIT": 592000000.0,
        "Net Interest Income": -67000000.0,
        "Interest Expense": 67000000.0,
        "Normalized Income": 471000000.0,
        "Net Income From Continuing And Discontinued Operation": 471000000.0,
        "Total Expenses": 3651000000.0,
        "Diluted Average Shares": 194000000.0,
        "Basic Average Shares": 192100000.0,
        "Diluted EPS": 2.42,
        "Basic EPS": 2.45,
        "Diluted NI Availto Com Stockholders": 471000000.0,
        "Net Income Common Stockholders": 471000000.0,
        "Net Income": 471000000.0,
        "Minority Interests": 1000000.0,
        "Net Income Including Noncontrolling Interests": 470000000.0,
        "Net Income Discontinuous Operations": 0.0,
        "Net Income Continuous Operations": 470000000.0,
        "Tax Provision": 55000000.0,
        "Pretax Income": 525000000.0,
        "Other Income Expense": 108000000.0,
        "Other Non Operating Income Expenses": 108000000.0,
        "Special Income Charges": 0.0,
        "Gain On Sale Of Business": 0.0,
        "Write Off": NaN,
        "Impairment Of Capital Assets": 0.0,
        "Net Non Operating Interest Income Expense": -67000000.0,
        "Interest Expense Non Operating": 67000000.0,
        "Operating Income": 484000000.0,
        "Operating Expense": 744000000.0,
        "Selling General And Administration": 744000000.0,
        "General And Administrative Expense": NaN,
        "Other Gand A": NaN,
        "Salaries And Wages": NaN,
        "Gross Profit": 1228000000.0,
        "Cost Of Revenue": 2907000000.0,
        "Total Revenue": 4135000000.0,
        "Operating Revenue": 4135000000.0
    },
    "2022-03-31": {
        "Diluted EPS": 2.44,
        "Total Revenue": NaN,
        "Gross Profit": NaN,
        "Operating Income": 498,
        "EBIT": 730,
        "Net Income": 475
    },
    "2021-12-31": {
        "Diluted EPS": 2.44,
        "Total Revenue": NaN,
        "Gross Profit": NaN,
        "Operating Income": 502,
        "EBIT": 990,
        "Net Income": 484
    },
    "2021-09-30": {
        "Diluted EPS": 2.39,
        "Total Revenue": NaN,
        "Gross Profit": NaN,
        "Operating Income": 515,
        "EBIT": 754,
        "Net Income": 481
    },
    "2021-06-30": {
        "Diluted EPS": 2.01,
        "Total Revenue": NaN,
        "Gross Profit": NaN,
        "Operating Income": 526,
        "EBIT": 759,
        "Net Income": 413
    },
    "2021-03-31": {
        "Diluted EPS": 2.25,
        "Total Revenue": NaN,
        "Gross Profit": NaN,
        "Operating Income": 553,
        "EBIT": 804,
        "Net Income": 468
    },
    "2020-12-31": {
        "Diluted EPS": 0.92,
        "Total Revenue": NaN,
        "Gross Profit": NaN,
        "Operating Income": 568,
        "EBIT": NaN,
        "Net Income": 193
    },
    "2020-09-30": {
        "Diluted EPS": 1.98,
        "Total Revenue": NaN,
        "Gross Profit": NaN,
        "Operating Income": 494,
        "EBIT": 747,
        "Net Income": 426
    },
    "2020-06-30": {
        "Diluted EPS": 1.3,
        "Total Revenue": NaN,
        "Gross Profit": NaN,
        "Operating Income": 415,
        "EBIT": 700,
        "Net Income": 283
    },
    "2020-03-31": {
        "Diluted EPS": 0.99,
        "Total Revenue": NaN,
        "Gross Profit": NaN,
        "Operating Income": 516,
        "EBIT": 746,
        "Net Income": 217
    },
    "2019-12-31": {
        "Diluted EPS": 0.0,
        "Total Revenue": NaN,
        "Gross Profit": NaN,
        "Operating Income": NaN,
        "EBIT": NaN,
        "Net Income": NaN
    },
    "2019-09-30": {
        "Diluted EPS": 1.9,
        "Total Revenue": NaN,
        "Gross Profit": NaN,
        "Operating Income": 419,
        "EBIT": 620,
        "Net Income": 429
    },
    "2019-06-30": {
        "Diluted EPS": 2.2,
        "Total Revenue": NaN,
        "Gross Profit": 642,
        "Operating Income": 293,
        "EBIT": 358,
        "Net Income": 268
    },
    "2019-03-31": {
        "Diluted EPS": 2.02,
        "Total Revenue": NaN,
        "Gross Profit": 589,
        "Operating Income": 279,
        "EBIT": 343,
        "Net Income": 243
    },
    "2018-12-31": {
        "Diluted EPS": 1.87,
        "Total Revenue": NaN,
        "Gross Profit": 571,
        "Operating Income": NaN,
        "EBIT": NaN,
        "Net Income": 225
    },
    "2018-09-30": {
        "Diluted EPS": 1.77,
        "Total Revenue": NaN,
        "Gross Profit": 532,
        "Operating Income": 253,
        "EBIT": 253,
        "Net Income": 213
    },
    "2018-06-30": {
        "Diluted EPS": 0.0,
        "Total Revenue": NaN,
        "Gross Profit": NaN,
        "Operating Income": NaN,
        "EBIT": NaN,
        "Net Income": NaN
    },
    "2018-03-31": {
        "Diluted EPS": 1.62,
        "Total Revenue": NaN,
        "Gross Profit": 534,
        "Operating Income": 203,
        "EBIT": 395,
        "Net Income": 196
    },
    "2017-12-31": {
        "Diluted EPS": 1.08,
        "Total Revenue": NaN,
        "Gross Profit": 513,
        "Operating Income": NaN,
        "EBIT": NaN,
        "Net Income": 131
    },
    "2017-09-30": {
        "Diluted EPS": 1.31,
        "Total Revenue": NaN,
        "Gross Profit": 491,
        "Operating Income": 223,
        "EBIT": 223,
        "Net Income": 159
    },
    "2017-06-30": {
        "Diluted EPS": 0.0,
        "Total Revenue": NaN,
        "Gross Profit": NaN,
        "Operating Income": NaN,
        "EBIT": NaN,
        "Net Income": NaN
    },
    "2017-03-31": {
        "Diluted EPS": 0.69,
        "Total Revenue": NaN,
        "Gross Profit": 531,
        "Operating Income": 275,
        "EBIT": 514,
        "Net Income": 85
    },
    "2016-12-31": {
        "Diluted EPS": 1.4,
        "Total Revenue": NaN,
        "Gross Profit": 529,
        "Operating Income": NaN,
        "EBIT": NaN,
        "Net Income": 177
    },
    "2016-09-30": {
        "Diluted EPS": 1.27,
        "Total Revenue": NaN,
        "Gross Profit": 523,
        "Operating Income": 246,
        "EBIT": 246,
        "Net Income": 160
    },
    "2016-06-30": {
        "Diluted EPS": 0.0,
        "Total Revenue": NaN,
        "Gross Profit": NaN,
        "Operating Income": NaN,
        "EBIT": NaN,
        "Net Income": NaN
    },
    "2016-03-31": {
        "Diluted EPS": 1.34,
        "Total Revenue": NaN,
        "Gross Profit": 541,
        "Operating Income": 268,
        "EBIT": 530,
        "Net Income": 168
    },
    "2015-12-31": {
        "Diluted EPS": -1.22,
        "Total Revenue": NaN,
        "Gross Profit": 545,
        "Operating Income": NaN,
        "EBIT": NaN,
        "Net Income": -152
    },
    "2015-09-30": {
        "Diluted EPS": 1.18,
        "Total Revenue": NaN,
        "Gross Profit": 591,
        "Operating Income": 262,
        "EBIT": 262,
        "Net Income": 148
    },
    "2015-06-30": {
        "Diluted EPS": 0.0,
        "Total Revenue": NaN,
        "Gross Profit": NaN,
        "Operating Income": NaN,
        "EBIT": NaN,
        "Net Income": NaN
    },
    "2015-03-31": {
        "Diluted EPS": 1.2,
        "Total Revenue": NaN,
        "Gross Profit": 433,
        "Operating Income": 213,
        "EBIT": 377,
        "Net Income": 126
    },
    "2014-12-31": {
        "Diluted EPS": 1.32,
        "Total Revenue": NaN,
        "Gross Profit": 398,
        "Operating Income": NaN,
        "EBIT": NaN,
        "Net Income": 139
    },
    "2014-09-30": {
        "Diluted EPS": 1.18,
        "Total Revenue": NaN,
        "Gross Profit": 393,
        "Operating Income": 198,
        "EBIT": 198,
        "Net Income": 125
    },
    "2014-06-30": {
        "Diluted EPS": 0.0,
        "Total Revenue": NaN,
        "Gross Profit": NaN,
        "Operating Income": NaN,
        "EBIT": NaN,
        "Net Income": NaN
    },
    "2014-03-31": {
        "Diluted EPS": 1.31,
        "Total Revenue": NaN,
        "Gross Profit": 427,
        "Operating Income": 223,
        "EBIT": 372,
        "Net Income": 141
    },
    "2013-12-31": {
        "Diluted EPS": 1.26,
        "Total Revenue": NaN,
        "Gross Profit": 428,
        "Operating Income": NaN,
        "EBIT": NaN,
        "Net Income": 136
    },
    "2013-09-30": {
        "Diluted EPS": 1.16,
        "Total Revenue": NaN,
        "Gross Profit": 417,
        "Operating Income": 210,
        "EBIT": 210,
        "Net Income": 126
    },
    "2013-06-30": {
        "Diluted EPS": 0.0,
        "Total Revenue": NaN,
        "Gross Profit": NaN,
        "Operating Income": NaN,
        "EBIT": NaN,
        "Net Income": NaN
    },
    "2013-03-31": {
        "Diluted EPS": 0.85,
        "Total Revenue": NaN,
        "Gross Profit": 400,
        "Operating Income": 198,
        "EBIT": 362,
        "Net Income": 95
    },
    "2012-12-31": {
        "Diluted EPS": 0.43,
        "Total Revenue": NaN,
        "Gross Profit": 442,
        "Operating Income": NaN,
        "EBIT": NaN,
        "Net Income": 49
    },
    "2012-09-30": {
        "Diluted EPS": -0.77,
        "Total Revenue": NaN,
        "Gross Profit": 413,
        "Operating Income": 215,
        "EBIT": 215,
        "Net Income": -86
    },
    "2012-06-30": {
        "Diluted EPS": 0.0,
        "Total Revenue": NaN,
        "Gross Profit": NaN,
        "Operating Income": NaN,
        "EBIT": NaN,
        "Net Income": NaN
    },
    "2012-03-31": {
        "Diluted EPS": -3.15,
        "Total Revenue": NaN,
        "Gross Profit": 489,
        "Operating Income": 247,
        "EBIT": 441,
        "Net Income": -353
    },
    "2011-12-31": {
        "Diluted EPS": 1.16,
        "Total Revenue": NaN,
        "Gross Profit": 454,
        "Operating Income": NaN,
        "EBIT": NaN,
        "Net Income": 133
    },
    "2011-09-30": {
        "Diluted EPS": 1.01,
        "Total Revenue": NaN,
        "Gross Profit": 442,
        "Operating Income": 219,
        "EBIT": 219,
        "Net Income": 122
    },
    "2011-06-30": {
        "Diluted EPS": 0.0,
        "Total Revenue": NaN,
        "Gross Profit": NaN,
        "Operating Income": NaN,
        "EBIT": NaN,
        "Net Income": NaN
    },
    "2011-03-31": {
        "Diluted EPS": 1.09,
        "Total Revenue": NaN,
        "Gross Profit": 516,
        "Operating Income": 235,
        "EBIT": 384,
        "Net Income": 140
    },
    "2010-12-31": {
        "Diluted EPS": 1.18,
        "Total Revenue": NaN,
        "Gross Profit": 498,
        "Operating Income": NaN,
        "EBIT": NaN,
        "Net Income": 151
    },
    "2010-09-30": {
        "Diluted EPS": 1.27,
        "Total Revenue": NaN,
        "Gross Profit": 524,
        "Operating Income": 269,
        "EBIT": 269,
        "Net Income": 164
    },
    "2010-06-30": {
        "Diluted EPS": 0.0,
        "Total Revenue": NaN,
        "Gross Profit": NaN,
        "Operating Income": NaN,
        "EBIT": NaN,
        "Net Income": NaN
    },
    "2010-03-31": {
        "Diluted EPS": 1.26,
        "Total Revenue": NaN,
        "Gross Profit": 510,
        "Operating Income": 265,
        "EBIT": 386,
        "Net Income": 166
    },
    "2009-12-31": {
        "Diluted EPS": 1.06,
        "Total Revenue": NaN,
        "Gross Profit": 439,
        "Operating Income": NaN,
        "EBIT": NaN,
        "Net Income": 140
    },
    "2009-09-30": {
        "Diluted EPS": 0.79,
        "Total Revenue": NaN,
        "Gross Profit": 391,
        "Operating Income": 179,
        "EBIT": 179,
        "Net Income": 105
    },
    "2009-06-30": {
        "Diluted EPS": 0.0,
        "Total Revenue": NaN,
        "Gross Profit": NaN,
        "Operating Income": NaN,
        "EBIT": NaN,
        "Net Income": NaN
    },
    "2009-03-31": {
        "Diluted EPS": 0.86,
        "Total Revenue": NaN,
        "Gross Profit": 392,
        "Operating Income": 203,
        "EBIT": 331,
        "Net Income": 114
    },
    "2023-09-30": {
        "Tax Effect Of Unusual Items": 0.0,
        "Tax Rate For Calcs": 0.045,
        "Normalized EBITDA": 869000000.0,
        "Total Unusual Items": 0.0,
        "Total Unusual Items Excluding Goodwill": 0.0,
        "Net Income From Continuing Operation Net Minority Interest": 383000000.0,
        "Reconciled Depreciation": 310000000.0,
        "Reconciled Cost Of Revenue": 3608000000.0,
        "EBITDA": 869000000.0,
        "EBIT": 559000000.0,
        "Net Interest Income": -159000000.0,
        "Interest Expense": 159000000.0,
        "Normalized Income": 383000000.0,
        "Net Income From Continuing And Discontinued Operation": 383000000.0,
        "Total Expenses": 4436000000.0,
        "Diluted Average Shares": 190100000.0,
        "Basic Average Shares": 189300000.0,
        "Diluted EPS": 2.02,
        "Basic EPS": 2.02,
        "Diluted NI Availto Com Stockholders": 383000000.0,
        "Net Income Common Stockholders": 383000000.0,
        "Net Income": 383000000.0,
        "Minority Interests": 1000000.0,
        "Net Income Including Noncontrolling Interests": 382000000.0,
        "Net Income Discontinuous Operations": NaN,
        "Net Income Continuous Operations": 382000000.0,
        "Tax Provision": 18000000.0,
        "Pretax Income": 400000000.0,
        "Other Income Expense": 80000000.0,
        "Other Non Operating Income Expenses": 80000000.0,
        "Special Income Charges": 0.0,
        "Gain On Sale Of Business": 0.0,
        "Write Off": NaN,
        "Impairment Of Capital Assets": 0.0,
        "Net Non Operating Interest Income Expense": -159000000.0,
        "Interest Expense Non Operating": 159000000.0,
        "Operating Income": 479000000.0,
        "Operating Expense": 828000000.0,
        "Selling General And Administration": 828000000.0,
        "General And Administrative Expense": NaN,
        "Other Gand A": NaN,
        "Salaries And Wages": NaN,
        "Gross Profit": 1307000000.0,
        "Cost Of Revenue": 3608000000.0,
        "Total Revenue": 4915000000.0,
        "Operating Revenue": 4915000000.0
    }
}