{
    "2023-03-31": {
        "Tax Effect Of Unusual Items": NaN,
        "Tax Rate For Calcs": NaN,
        "Normalized EBITDA": NaN,
        "Net Income From Continuing Operation Net Minority Interest": NaN,
        "Reconciled Depreciation": 358500000.0,
        "Reconciled Cost Of Revenue": NaN,
        "EBITDA": NaN,
        "EBIT": NaN,
        "Net Interest Income": NaN,
        "Interest Expense": NaN,
        "Interest Income": NaN,
        "Normalized Income": NaN,
        "Net Income From Continuing And Discontinued Operation": NaN,
        "Total Expenses": NaN,
        "Total Operating Income As Reported": NaN,
        "Diluted Average Shares": NaN,
        "Basic Average Shares": NaN,
        "Diluted EPS": NaN,
        "Basic EPS": NaN,
        "Diluted NI Availto Com Stockholders": NaN,
        "Net Income Common Stockholders": NaN,
        "Net Income": NaN,
        "Minority Interests": NaN,
        "Net Income Including Noncontrolling Interests": NaN,
        "Net Income Continuous Operations": NaN,
        "Tax Provision": NaN,
        "Pretax Income": NaN,
        "Other Income Expense": NaN,
        "Other Non Operating Income Expenses": NaN,
        "Net Non Operating Interest Income Expense": NaN,
        "Interest Expense Non Operating": NaN,
        "Interest Income Non Operating": NaN,
        "Operating Income": NaN,
        "Operating Expense": NaN,
        "Other Operating Expenses": NaN,
        "Research And Development": NaN,
        "Selling General And Administration": NaN,
        "Gross Profit": NaN,
        "Cost Of Revenue": NaN,
        "Total Revenue": NaN,
        "Operating Revenue": NaN
    },
    "2022-12-31": {
        "Tax Effect Of Unusual Items": NaN,
        "Tax Rate For Calcs": NaN,
        "Normalized EBITDA": NaN,
        "Net Income From Continuing Operation Net Minority Interest": NaN,
        "Reconciled Depreciation": 428584000.0,
        "Reconciled Cost Of Revenue": NaN,
        "EBITDA": NaN,
        "EBIT": NaN,
        "Net Interest Income": NaN,
        "Interest Expense": NaN,
        "Interest Income": NaN,
        "Normalized Income": NaN,
        "Net Income From Continuing And Discontinued Operation": NaN,
        "Total Expenses": NaN,
        "Rent Expense Supplemental": 192849000.0,
        "Total Operating Income As Reported": NaN,
        "Diluted Average Shares": NaN,
        "Basic Average Shares": NaN,
        "Diluted EPS": NaN,
        "Basic EPS": NaN,
        "Diluted NI Availto Com Stockholders": NaN,
        "Net Income Common Stockholders": NaN,
        "Net Income": NaN,
        "Minority Interests": NaN,
        "Net Income Including Noncontrolling Interests": NaN,
        "Net Income Continuous Operations": NaN,
        "Tax Provision": NaN,
        "Pretax Income": NaN,
        "Other Income Expense": NaN,
        "Other Non Operating Income Expenses": NaN,
        "Net Non Operating Interest Income Expense": NaN,
        "Interest Expense Non Operating": NaN,
        "Interest Income Non Operating": NaN,
        "Operating Income": NaN,
        "Operating Expense": NaN,
        "Other Operating Expenses": NaN,
        "Provision For Doubtful Accounts": -12463000.0,
        "Depreciation Amortization Depletion Income Statement": 85928000.0,
        "Depreciation And Amortization In Income Statement": 85928000.0,
        "Research And Development": NaN,
        "Selling General And Administration": NaN,
        "Selling And Marketing Expense": 363906000.0,
        "General And Administrative Expense": 1192488000.0,
        "Other Gand A": 182347000.0,
        "Rent And Landing Fees": 192849000.0,
        "Salaries And Wages": 817292000.0,
        "Gross Profit": NaN,
        "Cost Of Revenue": NaN,
        "Total Revenue": NaN,
        "Operating Revenue": NaN
    },
    "2022-09-30": {
        "Tax Effect Of Unusual Items": NaN,
        "Tax Rate For Calcs": NaN,
        "Normalized EBITDA": NaN,
        "Net Income From Continuing Operation Net Minority Interest": NaN,
        "Reconciled Depreciation": 379922000.0,
        "Reconciled Cost Of Revenue": NaN,
        "EBITDA": NaN,
        "EBIT": NaN,
        "Net Interest Income": NaN,
        "Interest Expense": NaN,
        "Interest Income": NaN,
        "Normalized Income": NaN,
        "Net Income From Continuing And Discontinued Operation": NaN,
        "Total Expenses": NaN,
        "Rent Expense Supplemental": NaN,
        "Total Operating Income As Reported": NaN,
        "Diluted Average Shares": NaN,
        "Basic Average Shares": NaN,
        "Diluted EPS": NaN,
        "Basic EPS": NaN,
        "Diluted NI Availto Com Stockholders": NaN,
        "Net Income Common Stockholders": NaN,
        "Net Income": NaN,
        "Minority Interests": NaN,
        "Net Income Including Noncontrolling Interests": NaN,
        "Net Income Continuous Operations": NaN,
        "Tax Provision": NaN,
        "Pretax Income": NaN,
        "Other Income Expense": NaN,
        "Other Non Operating Income Expenses": NaN,
        "Net Non Operating Interest Income Expense": NaN,
        "Interest Expense Non Operating": NaN,
        "Interest Income Non Operating": NaN,
        "Operating Income": NaN,
        "Operating Expense": NaN,
        "Other Operating Expenses": NaN,
        "Provision For Doubtful Accounts": NaN,
        "Depreciation Amortization Depletion Income Statement": NaN,
        "Depreciation And Amortization In Income Statement": NaN,
        "Research And Development": NaN,
        "Selling General And Administration": NaN,
        "Selling And Marketing Expense": NaN,
        "General And Administrative Expense": NaN,
        "Other Gand A": NaN,
        "Rent And Landing Fees": NaN,
        "Salaries And Wages": NaN,
        "Gross Profit": NaN,
        "Cost Of Revenue": NaN,
        "Total Revenue": NaN,
        "Operating Revenue": NaN
    },
    "2022-06-30": {
        "Tax Effect Of Unusual Items": 0.0,
        "Tax Rate For Calcs": 0.006549,
        "Normalized EBITDA": -420496000.0,
        "Net Income From Continuing Operation Net Minority Interest": -617966000.0,
        "Reconciled Depreciation": 203604000.0,
        "Reconciled Cost Of Revenue": 6854321000.0,
        "EBITDA": -420496000.0,
        "EBIT": -624100000.0,
        "Net Interest Income": 228490000.0,
        "Interest Expense": 21172000.0,
        "Interest Income": 249662000.0,
        "Normalized Income": -617966000.0,
        "Net Income From Continuing And Discontinued Operation": -617966000.0,
        "Total Expenses": 9711078000.0,
        "Rent Expense Supplemental": NaN,
        "Total Operating Income As Reported": -978457000.0,
        "Diluted Average Shares": 965395732.0,
        "Basic Average Shares": 965395732.0,
        "Diluted EPS": -0.64,
        "Basic EPS": -0.64,
        "Diluted NI Availto Com Stockholders": -617966000.0,
        "Net Income Common Stockholders": -617966000.0,
        "Net Income": -617966000.0,
        "Minority Interests": NaN,
        "Net Income Including Noncontrolling Interests": -641046000.0,
        "Net Income Continuous Operations": -641046000.0,
        "Tax Provision": -4226000.0,
        "Pretax Income": -645272000.0,
        "Other Income Expense": 104695000.0,
        "Other Non Operating Income Expenses": 104695000.0,
        "Net Non Operating Interest Income Expense": 228490000.0,
        "Interest Expense Non Operating": 21172000.0,
        "Interest Income Non Operating": 249662000.0,
        "Operating Income": -978457000.0,
        "Operating Expense": 2856757000.0,
        "Other Operating Expenses": NaN,
        "Provision For Doubtful Accounts": NaN,
        "Depreciation Amortization Depletion Income Statement": NaN,
        "Depreciation And Amortization In Income Statement": NaN,
        "Research And Development": 1531644000.0,
        "Selling General And Administration": 1366063000.0,
        "Selling And Marketing Expense": NaN,
        "General And Administrative Expense": NaN,
        "Other Gand A": NaN,
        "Rent And Landing Fees": NaN,
        "Salaries And Wages": NaN,
        "Gross Profit": 1878300000.0,
        "Cost Of Revenue": 6854321000.0,
        "Total Revenue": 8732621000.0,
        "Operating Revenue": 8732621000.0
    },
    "2023-06-30": {
        "Tax Effect Of Unusual Items": 0.0,
        "Tax Rate For Calcs": 0.017808,
        "Normalized EBITDA": 2380423000.0,
        "Net Income From Continuing Operation Net Minority Interest": 2293153000.0,
        "Reconciled Depreciation": 413667000.0,
        "Reconciled Cost Of Revenue": 22417449000.0,
        "EBITDA": 2380423000.0,
        "EBIT": 2380423000.0,
        "Net Interest Income": 401822000.0,
        "Interest Expense": 28440000.0,
        "Interest Income": 430262000.0,
        "Normalized Income": 2293153000.0,
        "Net Income From Continuing And Discontinued Operation": 2293153000.0,
        "Total Expenses": 27026857000.0,
        "Total Operating Income As Reported": 1625870000.0,
        "Diluted Average Shares": 1053852488.0,
        "Basic Average Shares": 980693362.0,
        "Diluted EPS": 2.18,
        "Basic EPS": 2.34,
        "Diluted NI Availto Com Stockholders": 2293153000.0,
        "Net Income Common Stockholders": 2293153000.0,
        "Net Income": 2293153000.0,
        "Minority Interests": -16945000.0,
        "Net Income Including Noncontrolling Interests": 2310098000.0,
        "Net Income Continuous Operations": 2310098000.0,
        "Tax Provision": 41885000.0,
        "Pretax Income": 2351983000.0,
        "Other Income Expense": 324291000.0,
        "Other Non Operating Income Expenses": 324291000.0,
        "Net Non Operating Interest Income Expense": 401822000.0,
        "Interest Expense Non Operating": 28440000.0,
        "Interest Income Non Operating": 430262000.0,
        "Operating Income": 1625870000.0,
        "Operating Expense": 4609408000.0,
        "Other Operating Expenses": -125402000.0,
        "Research And Development": 2425600000.0,
        "Selling General And Administration": 2309210000.0,
        "Gross Profit": 6235278000.0,
        "Cost Of Revenue": 22417449000.0,
        "Total Revenue": 28652727000.0,
        "Operating Revenue": 27971944000.0
    },
    "2023-09-30": {
        "Tax Effect Of Unusual Items": 0.0,
        "Tax Rate For Calcs": 0.046828,
        "Normalized EBITDA": 2962763000.0,
        "Net Income From Continuing Operation Net Minority Interest": 2823231000.0,
        "Reconciled Depreciation": NaN,
        "Reconciled Cost Of Revenue": 27034971000.0,
        "EBITDA": 2962763000.0,
        "EBIT": 2962763000.0,
        "Net Interest Income": 428102000.0,
        "Interest Expense": 11698000.0,
        "Interest Income": 439800000.0,
        "Normalized Income": 2823231000.0,
        "Net Income From Continuing And Discontinued Operation": 2823231000.0,
        "Total Expenses": 32340077000.0,
        "Total Operating Income As Reported": 2339378000.0,
        "Diluted Average Shares": 1059821062.0,
        "Basic Average Shares": 985819450.0,
        "Diluted EPS": 2.68,
        "Basic EPS": 2.86,
        "Diluted NI Availto Com Stockholders": 2823231000.0,
        "Net Income Common Stockholders": 2823231000.0,
        "Net Income": 2823231000.0,
        "Minority Interests": 10357000.0,
        "Net Income Including Noncontrolling Interests": 2812874000.0,
        "Net Income Continuous Operations": 2812874000.0,
        "Tax Provision": 138191000.0,
        "Pretax Income": 2951065000.0,
        "Other Income Expense": 183585000.0,
        "Other Non Operating Income Expenses": 183585000.0,
        "Net Non Operating Interest Income Expense": 428102000.0,
        "Interest Expense Non Operating": 11698000.0,
        "Interest Income Non Operating": 439800000.0,
        "Operating Income": 2339378000.0,
        "Operating Expense": 5305106000.0,
        "Other Operating Expenses": -55870000.0,
        "Research And Development": 2817206000.0,
        "Selling General And Administration": 2543770000.0,
        "Gross Profit": 7644484000.0,
        "Cost Of Revenue": 27034971000.0,
        "Total Revenue": 34679455000.0,
        "Operating Revenue": 33616140000.0
    },
    "2023-12-31": {
        "Tax Effect Of Unusual Items": 0.0,
        "Tax Rate For Calcs": 0.25,
        "Normalized EBITDA": 4189606000.0,
        "Net Income From Continuing Operation Net Minority Interest": 5658081000.0,
        "Reconciled Depreciation": NaN,
        "Reconciled Cost Of Revenue": 31945214000.0,
        "EBITDA": 4189606000.0,
        "EBIT": 4189606000.0,
        "Net Interest Income": 780680000.0,
        "Interest Expense": 13675000.0,
        "Interest Income": 794355000.0,
        "Normalized Income": 5658081000.0,
        "Net Income From Continuing And Discontinued Operation": 5658081000.0,
        "Total Expenses": 38695671000.0,
        "Total Operating Income As Reported": 3036426000.0,
        "Diluted Average Shares": 1064538392.0,
        "Basic Average Shares": 989909259.0,
        "Diluted EPS": 5.32,
        "Basic EPS": 5.72,
        "Diluted NI Availto Com Stockholders": 5690738000.0,
        "Net Income Common Stockholders": 5658081000.0,
        "Net Income": 5658081000.0,
        "Minority Interests": -94235000.0,
        "Net Income Including Noncontrolling Interests": 5752316000.0,
        "Net Income Continuous Operations": 5752316000.0,
        "Tax Provision": -1576385000.0,
        "Pretax Income": 4175931000.0,
        "Other Income Expense": 358825000.0,
        "Other Non Operating Income Expenses": 358825000.0,
        "Net Non Operating Interest Income Expense": 780680000.0,
        "Interest Expense Non Operating": 13675000.0,
        "Interest Income Non Operating": 794355000.0,
        "Operating Income": 3036426000.0,
        "Operating Expense": 6750457000.0,
        "Other Operating Expenses": -10237000.0,
        "Research And Development": 3491026000.0,
        "Selling General And Administration": 3269668000.0,
        "Gross Profit": 9786883000.0,
        "Cost Of Revenue": 31945214000.0,
        "Total Revenue": 41732097000.0,
        "Operating Revenue": 40379267000.0
    },
    "2024-03-31": {
        "Tax Effect Of Unusual Items": 0.0,
        "Tax Rate For Calcs": 0.124999,
        "Normalized EBITDA": 704170000.0,
        "Net Income From Continuing Operation Net Minority Interest": 592558000.0,
        "Reconciled Depreciation": NaN,
        "Reconciled Cost Of Revenue": 20349355000.0,
        "EBITDA": 704170000.0,
        "EBIT": 704170000.0,
        "Net Interest Income": 1040290000.0,
        "Interest Expense": 28598000.0,
        "Interest Income": 1068888000.0,
        "Normalized Income": 592558000.0,
        "Net Income From Continuing And Discontinued Operation": 592558000.0,
        "Total Expenses": 26218562000.0,
        "Total Operating Income As Reported": -584902000.0,
        "Diluted Average Shares": 1066436872.0,
        "Basic Average Shares": 993308654.0,
        "Diluted EPS": 0.56,
        "Basic EPS": 0.6,
        "Diluted NI Availto Com Stockholders": 592558000.0,
        "Net Income Common Stockholders": 592558000.0,
        "Net Income": 592558000.0,
        "Minority Interests": 1432000.0,
        "Net Income Including Noncontrolling Interests": 591126000.0,
        "Net Income Continuous Operations": 591126000.0,
        "Tax Provision": 84446000.0,
        "Pretax Income": 675572000.0,
        "Other Income Expense": 220184000.0,
        "Other Non Operating Income Expenses": 220184000.0,
        "Net Non Operating Interest Income Expense": 1040290000.0,
        "Interest Expense Non Operating": 28598000.0,
        "Interest Income Non Operating": 1068888000.0,
        "Operating Income": -584902000.0,
        "Operating Expense": 5869207000.0,
        "Other Operating Expenses": -157264000.0,
        "Research And Development": 3048886000.0,
        "Selling General And Administration": 2977585000.0,
        "Gross Profit": 5284305000.0,
        "Cost Of Revenue": 20349355000.0,
        "Total Revenue": 25633660000.0,
        "Operating Revenue": 24251553000.0
    },
    "2024-06-30": {
        "Tax Effect Of Unusual Items": 0.0,
        "Tax Rate For Calcs": 0.065471,
        "Normalized EBITDA": 1221300000.0,
        "Net Income From Continuing Operation Net Minority Interest": 1102593000.0,
        "Reconciled Depreciation": NaN,
        "Reconciled Cost Of Revenue": 25501454000.0,
        "EBITDA": 1221300000.0,
        "EBIT": 1221300000.0,
        "Net Interest Income": 326803000.0,
        "Interest Expense": 43231000.0,
        "Interest Income": 370034000.0,
        "Normalized Income": 1102593000.0,
        "Net Income From Continuing And Discontinued Operation": 1102593000.0,
        "Total Expenses": 31210367000.0,
        "Total Operating Income As Reported": 468029000.0,
        "Diluted Average Shares": 1062428185.0,
        "Basic Average Shares": 994833579.0,
        "Diluted EPS": 1.04,
        "Basic EPS": 1.1,
        "Diluted NI Availto Com Stockholders": 1102593000.0,
        "Net Income Common Stockholders": 1102593000.0,
        "Net Income": 1102593000.0,
        "Minority Interests": 1653000.0,
        "Net Income Including Noncontrolling Interests": 1100940000.0,
        "Net Income Continuous Operations": 1100940000.0,
        "Tax Provision": 77129000.0,
        "Pretax Income": 1178069000.0,
        "Other Income Expense": 383237000.0,
        "Other Non Operating Income Expenses": 383237000.0,
        "Net Non Operating Interest Income Expense": 326803000.0,
        "Interest Expense Non Operating": 43231000.0,
        "Interest Income Non Operating": 370034000.0,
        "Operating Income": 468029000.0,
        "Operating Expense": 5708913000.0,
        "Other Operating Expenses": -133773000.0,
        "Research And Development": 3027581000.0,
        "Selling General And Administration": 2815105000.0,
        "Gross Profit": 6176942000.0,
        "Cost Of Revenue": 25501454000.0,
        "Total Revenue": 31678396000.0,
        "Operating Revenue": 30319728000.0
    }
}