{
    "2023-03-31": {
        "Tax Effect Of Unusual Items": NaN,
        "Tax Rate For Calcs": NaN,
        "Normalized EBITDA": NaN,
        "Total Unusual Items": NaN,
        "Total Unusual Items Excluding Goodwill": NaN,
        "Net Income From Continuing Operation Net Minority Interest": NaN,
        "Reconciled Depreciation": NaN,
        "Reconciled Cost Of Revenue": NaN,
        "EBITDA": NaN,
        "EBIT": NaN,
        "Net Interest Income": NaN,
        "Interest Expense": NaN,
        "Interest Income": NaN,
        "Normalized Income": NaN,
        "Net Income From Continuing And Discontinued Operation": NaN,
        "Total Expenses": NaN,
        "Total Operating Income As Reported": NaN,
        "Diluted Average Shares": 22050000.0,
        "Basic Average Shares": 22050000.0,
        "Diluted EPS": -1.68,
        "Basic EPS": -1.68,
        "Diluted NI Availto Com Stockholders": NaN,
        "Net Income Common Stockholders": NaN,
        "Net Income": NaN,
        "Minority Interests": 0.0,
        "Net Income Including Noncontrolling Interests": NaN,
        "Net Income Continuous Operations": NaN,
        "Tax Provision": NaN,
        "Pretax Income": NaN,
        "Other Income Expense": NaN,
        "Special Income Charges": NaN,
        "Other Special Charges": NaN,
        "Impairment Of Capital Assets": NaN,
        "Gain On Sale Of Security": NaN,
        "Net Non Operating Interest Income Expense": NaN,
        "Interest Expense Non Operating": NaN,
        "Interest Income Non Operating": NaN,
        "Operating Income": NaN,
        "Operating Expense": NaN,
        "Other Operating Expenses": 3700000.0,
        "Depreciation Amortization Depletion Income Statement": 3700000.0,
        "Depreciation And Amortization In Income Statement": 3700000.0,
        "Depreciation Income Statement": 3700000.0,
        "Research And Development": NaN,
        "Selling General And Administration": NaN,
        "Selling And Marketing Expense": 1500000.0,
        "General And Administrative Expense": 25500000.0,
        "Other Gand A": 7500000.0,
        "Salaries And Wages": 18000000.0,
        "Gross Profit": NaN,
        "Cost Of Revenue": NaN,
        "Total Revenue": NaN,
        "Operating Revenue": NaN
    },
    "2022-10-31": {
        "Tax Effect Of Unusual Items": NaN,
        "Tax Rate For Calcs": NaN,
        "Normalized EBITDA": NaN,
        "Total Unusual Items": NaN,
        "Total Unusual Items Excluding Goodwill": NaN,
        "Net Income From Continuing Operation Net Minority Interest": NaN,
        "Reconciled Depreciation": NaN,
        "Reconciled Cost Of Revenue": NaN,
        "EBITDA": NaN,
        "EBIT": NaN,
        "Net Interest Income": NaN,
        "Interest Expense": NaN,
        "Interest Income": NaN,
        "Normalized Income": NaN,
        "Net Income From Continuing And Discontinued Operation": NaN,
        "Total Expenses": NaN,
        "Total Operating Income As Reported": NaN,
        "Diluted Average Shares": 178421053.0,
        "Basic Average Shares": 178421053.0,
        "Diluted EPS": -0.19,
        "Basic EPS": -0.19,
        "Diluted NI Availto Com Stockholders": NaN,
        "Net Income Common Stockholders": NaN,
        "Net Income": NaN,
        "Minority Interests": 33950.0,
        "Net Income Including Noncontrolling Interests": NaN,
        "Net Income Continuous Operations": NaN,
        "Tax Provision": NaN,
        "Pretax Income": NaN,
        "Other Income Expense": NaN,
        "Special Income Charges": NaN,
        "Other Special Charges": NaN,
        "Impairment Of Capital Assets": NaN,
        "Gain On Sale Of Security": NaN,
        "Net Non Operating Interest Income Expense": NaN,
        "Interest Expense Non Operating": NaN,
        "Interest Income Non Operating": NaN,
        "Operating Income": NaN,
        "Operating Expense": NaN,
        "Other Operating Expenses": NaN,
        "Depreciation Amortization Depletion Income Statement": 3309812.0,
        "Depreciation And Amortization In Income Statement": 3309812.0,
        "Depreciation Income Statement": 3309812.0,
        "Research And Development": NaN,
        "Selling General And Administration": NaN,
        "Selling And Marketing Expense": 541676.0,
        "General And Administrative Expense": 25621828.0,
        "Other Gand A": 13230508.0,
        "Salaries And Wages": 12391320.0,
        "Gross Profit": NaN,
        "Cost Of Revenue": NaN,
        "Total Revenue": NaN,
        "Operating Revenue": NaN
    },
    "2022-07-31": {
        "Tax Effect Of Unusual Items": 0.0,
        "Tax Rate For Calcs": 0.0,
        "Normalized EBITDA": -29534643.0,
        "Total Unusual Items": 8515331.0,
        "Total Unusual Items Excluding Goodwill": 8515331.0,
        "Net Income From Continuing Operation Net Minority Interest": -27479280.0,
        "Reconciled Depreciation": 2969337.0,
        "Reconciled Cost Of Revenue": 3653572.0,
        "EBITDA": -21019312.0,
        "EBIT": -23988649.0,
        "Net Interest Income": -1522584.0,
        "Interest Expense": 3533007.0,
        "Interest Income": 2010423.0,
        "Normalized Income": -35994611.0,
        "Net Income From Continuing And Discontinued Operation": -27479280.0,
        "Total Expenses": 32547964.0,
        "Total Operating Income As Reported": -34514403.0,
        "Diluted Average Shares": 174383980.0,
        "Basic Average Shares": 174383980.0,
        "Diluted EPS": -0.16,
        "Basic EPS": -0.16,
        "Diluted NI Availto Com Stockholders": -27479280.0,
        "Net Income Common Stockholders": -27479280.0,
        "Net Income": -27479280.0,
        "Minority Interests": 42376.0,
        "Net Income Including Noncontrolling Interests": -27521656.0,
        "Net Income Continuous Operations": -27521656.0,
        "Tax Provision": 0.0,
        "Pretax Income": -27521656.0,
        "Other Income Expense": 8515331.0,
        "Gain On Sale Of Security": 8515331.0,
        "Net Non Operating Interest Income Expense": -1522584.0,
        "Interest Expense Non Operating": 3533007.0,
        "Interest Income Non Operating": 2010423.0,
        "Operating Income": -34514403.0,
        "Operating Expense": 28894392.0,
        "Other Operating Expenses": NaN,
        "Depreciation Amortization Depletion Income Statement": 2969337.0,
        "Depreciation And Amortization In Income Statement": 2969337.0,
        "Depreciation Income Statement": 2969337.0,
        "Research And Development": 514769.0,
        "Selling General And Administration": 25410286.0,
        "Selling And Marketing Expense": 661749.0,
        "General And Administrative Expense": 24748537.0,
        "Other Gand A": 11223575.0,
        "Salaries And Wages": 13524962.0,
        "Gross Profit": -5620011.0,
        "Cost Of Revenue": 3653572.0,
        "Total Revenue": -1966439.0,
        "Operating Revenue": -1966439.0
    },
    "2022-12-31": {
        "Diluted EPS": 0.0,
        "Total Revenue": NaN,
        "Gross Profit": NaN,
        "Operating Income": NaN,
        "EBIT": NaN,
        "Net Income": NaN
    },
    "2022-04-30": {
        "Diluted EPS": -0.12,
        "Total Revenue": 9,
        "Gross Profit": 7,
        "Operating Income": -21,
        "EBIT": -19,
        "Net Income": -21
    },
    "2022-03-31": {
        "Diluted EPS": -0.06,
        "Total Revenue": 8,
        "Gross Profit": 7,
        "Operating Income": -21,
        "EBIT": -19,
        "Net Income": -10
    },
    "2022-01-31": {
        "Diluted EPS": 0.17,
        "Total Revenue": 4,
        "Gross Profit": 2,
        "Operating Income": -19,
        "EBIT": -17,
        "Net Income": 29
    },
    "2021-10-31": {
        "Diluted EPS": 0.0,
        "Total Revenue": NaN,
        "Gross Profit": NaN,
        "Operating Income": NaN,
        "EBIT": NaN,
        "Net Income": NaN
    },
    "2021-07-31": {
        "Diluted EPS": -0.07,
        "Total Revenue": 2,
        "Gross Profit": 1,
        "Operating Income": -6,
        "EBIT": -5,
        "Net Income": -7
    },
    "2021-04-30": {
        "Diluted EPS": -0.08,
        "Total Revenue": 0,
        "Gross Profit": 0,
        "Operating Income": -5,
        "EBIT": -5,
        "Net Income": -8
    },
    "2021-01-31": {
        "Diluted EPS": -0.07,
        "Total Revenue": 1,
        "Gross Profit": 1,
        "Operating Income": -6,
        "EBIT": -6,
        "Net Income": -7
    },
    "2020-12-31": {
        "Diluted EPS": 0.0,
        "Total Revenue": 1,
        "Gross Profit": 1,
        "Operating Income": -6,
        "EBIT": -5,
        "Net Income": -7
    },
    "2020-10-31": {
        "Diluted EPS": 0.0,
        "Total Revenue": NaN,
        "Gross Profit": NaN,
        "Operating Income": NaN,
        "EBIT": NaN,
        "Net Income": NaN
    },
    "2020-09-30": {
        "Diluted EPS": 0.0,
        "Total Revenue": NaN,
        "Gross Profit": NaN,
        "Operating Income": -2,
        "EBIT": -3,
        "Net Income": -2
    },
    "2020-07-31": {
        "Diluted EPS": -0.86,
        "Total Revenue": 0,
        "Gross Profit": 0,
        "Operating Income": -2,
        "EBIT": -2,
        "Net Income": -2
    },
    "2020-06-30": {
        "Diluted EPS": 0.0,
        "Total Revenue": NaN,
        "Gross Profit": NaN,
        "Operating Income": -2,
        "EBIT": -3,
        "Net Income": -2
    },
    "2020-04-30": {
        "Diluted EPS": -0.81,
        "Total Revenue": 0,
        "Gross Profit": 0,
        "Operating Income": -2,
        "EBIT": -2,
        "Net Income": -2
    },
    "2020-03-31": {
        "Diluted EPS": 0.0,
        "Total Revenue": NaN,
        "Gross Profit": NaN,
        "Operating Income": -2,
        "EBIT": -2,
        "Net Income": -2
    },
    "2020-01-31": {
        "Diluted EPS": -0.68,
        "Total Revenue": 0,
        "Gross Profit": 0,
        "Operating Income": -1,
        "EBIT": -2,
        "Net Income": -1
    },
    "2019-12-31": {
        "Diluted EPS": 0.0,
        "Total Revenue": NaN,
        "Gross Profit": NaN,
        "Operating Income": NaN,
        "EBIT": NaN,
        "Net Income": NaN
    },
    "2019-09-30": {
        "Diluted EPS": 0.0,
        "Total Revenue": NaN,
        "Gross Profit": NaN,
        "Operating Income": NaN,
        "EBIT": NaN,
        "Net Income": NaN
    },
    "2023-06-30": {
        "Tax Effect Of Unusual Items": 0.0,
        "Tax Rate For Calcs": 0.0,
        "Normalized EBITDA": -34300000.0,
        "Total Unusual Items": 7300000.0,
        "Total Unusual Items Excluding Goodwill": 7300000.0,
        "Net Income From Continuing Operation Net Minority Interest": -35200000.0,
        "Reconciled Depreciation": 4000000.0,
        "Reconciled Cost Of Revenue": 7300000.0,
        "EBITDA": -27000000.0,
        "EBIT": -31000000.0,
        "Net Interest Income": -100000.0,
        "Interest Expense": 4300000.0,
        "Interest Income": 4200000.0,
        "Normalized Income": -42500000.0,
        "Net Income From Continuing And Discontinued Operation": -35200000.0,
        "Total Expenses": 46100000.0,
        "Total Operating Income As Reported": -42500000.0,
        "Diluted Average Shares": 22100000.0,
        "Basic Average Shares": 22100000.0,
        "Diluted EPS": -1.45,
        "Basic EPS": -1.45,
        "Diluted NI Availto Com Stockholders": -35200000.0,
        "Net Income Common Stockholders": -35200000.0,
        "Net Income": -35200000.0,
        "Minority Interests": 100000.0,
        "Net Income Including Noncontrolling Interests": -35300000.0,
        "Net Income Continuous Operations": -35300000.0,
        "Tax Provision": 0.0,
        "Pretax Income": -35300000.0,
        "Other Income Expense": 7300000.0,
        "Special Income Charges": 0.0,
        "Other Special Charges": NaN,
        "Impairment Of Capital Assets": NaN,
        "Gain On Sale Of Security": 7300000.0,
        "Net Non Operating Interest Income Expense": -100000.0,
        "Interest Expense Non Operating": 4300000.0,
        "Interest Income Non Operating": 4200000.0,
        "Operating Income": -42500000.0,
        "Operating Expense": 38800000.0,
        "Other Operating Expenses": 1400000.0,
        "Depreciation Amortization Depletion Income Statement": 4000000.0,
        "Depreciation And Amortization In Income Statement": 4000000.0,
        "Depreciation Income Statement": 4000000.0,
        "Research And Development": 800000.0,
        "Selling General And Administration": 32600000.0,
        "Selling And Marketing Expense": 1700000.0,
        "General And Administrative Expense": 30900000.0,
        "Other Gand A": 11200000.0,
        "Salaries And Wages": 19700000.0,
        "Gross Profit": -3700000.0,
        "Cost Of Revenue": 7300000.0,
        "Total Revenue": 3600000.0,
        "Operating Revenue": 3600000.0
    },
    "2023-09-30": {
        "Tax Effect Of Unusual Items": 0.0,
        "Tax Rate For Calcs": 0.0,
        "Normalized EBITDA": -36400000.0,
        "Total Unusual Items": -85600000.0,
        "Total Unusual Items Excluding Goodwill": -85600000.0,
        "Net Income From Continuing Operation Net Minority Interest": -130500000.0,
        "Reconciled Depreciation": 4600000.0,
        "Reconciled Cost Of Revenue": 4200000.0,
        "EBITDA": -122000000.0,
        "EBIT": -126600000.0,
        "Net Interest Income": -1300000.0,
        "Interest Expense": 3900000.0,
        "Interest Income": 2600000.0,
        "Normalized Income": -44900000.0,
        "Net Income From Continuing And Discontinued Operation": -130500000.0,
        "Total Expenses": 48300000.0,
        "Total Operating Income As Reported": -140100000.0,
        "Diluted Average Shares": 22250000.0,
        "Basic Average Shares": 22250000.0,
        "Diluted EPS": -5.84,
        "Basic EPS": -5.84,
        "Diluted NI Availto Com Stockholders": -130500000.0,
        "Net Income Common Stockholders": -130500000.0,
        "Net Income": -130500000.0,
        "Minority Interests": 0.0,
        "Net Income Including Noncontrolling Interests": -130500000.0,
        "Net Income Continuous Operations": -130500000.0,
        "Tax Provision": 0.0,
        "Pretax Income": -130500000.0,
        "Other Income Expense": -85600000.0,
        "Special Income Charges": -96500000.0,
        "Other Special Charges": NaN,
        "Impairment Of Capital Assets": 96500000.0,
        "Gain On Sale Of Security": 10900000.0,
        "Net Non Operating Interest Income Expense": -1300000.0,
        "Interest Expense Non Operating": 3900000.0,
        "Interest Income Non Operating": 2600000.0,
        "Operating Income": -43600000.0,
        "Operating Expense": 44100000.0,
        "Other Operating Expenses": 3200000.0,
        "Depreciation Amortization Depletion Income Statement": 4600000.0,
        "Depreciation And Amortization In Income Statement": 4600000.0,
        "Depreciation Income Statement": 4600000.0,
        "Research And Development": 2200000.0,
        "Selling General And Administration": 34100000.0,
        "Selling And Marketing Expense": 1600000.0,
        "General And Administrative Expense": 32500000.0,
        "Other Gand A": 12200000.0,
        "Salaries And Wages": 20300000.0,
        "Gross Profit": 500000.0,
        "Cost Of Revenue": 4200000.0,
        "Total Revenue": 4700000.0,
        "Operating Revenue": 4700000.0
    },
    "2023-12-31": {
        "Tax Effect Of Unusual Items": 0.0,
        "Tax Rate For Calcs": 0.0,
        "Normalized EBITDA": -35900000.0,
        "Total Unusual Items": 94600000.0,
        "Total Unusual Items Excluding Goodwill": 94600000.0,
        "Net Income From Continuing Operation Net Minority Interest": 67200000.0,
        "Reconciled Depreciation": -3400000.0,
        "Reconciled Cost Of Revenue": 55700000.0,
        "EBITDA": 58700000.0,
        "EBIT": 62100000.0,
        "Net Interest Income": 6000000.0,
        "Interest Expense": -5100000.0,
        "Interest Income": 900000.0,
        "Normalized Income": -27400000.0,
        "Net Income From Continuing And Discontinued Operation": 67200000.0,
        "Total Expenses": 39800000.0,
        "Total Operating Income As Reported": 59100000.0,
        "Diluted Average Shares": NaN,
        "Basic Average Shares": NaN,
        "Diluted EPS": NaN,
        "Basic EPS": NaN,
        "Diluted NI Availto Com Stockholders": 67200000.0,
        "Net Income Common Stockholders": 67200000.0,
        "Net Income": 67200000.0,
        "Minority Interests": NaN,
        "Net Income Including Noncontrolling Interests": 67200000.0,
        "Net Income Continuous Operations": 67200000.0,
        "Tax Provision": 0.0,
        "Pretax Income": 67200000.0,
        "Other Income Expense": 94600000.0,
        "Special Income Charges": 92500000.0,
        "Other Special Charges": NaN,
        "Impairment Of Capital Assets": -93700000.0,
        "Gain On Sale Of Security": 2100000.0,
        "Net Non Operating Interest Income Expense": 6000000.0,
        "Interest Expense Non Operating": -5100000.0,
        "Interest Income Non Operating": 900000.0,
        "Operating Income": -33400000.0,
        "Operating Expense": -22700000.0,
        "Other Operating Expenses": NaN,
        "Depreciation Amortization Depletion Income Statement": -10200000.0,
        "Depreciation And Amortization In Income Statement": -10200000.0,
        "Depreciation Income Statement": -10200000.0,
        "Research And Development": 2200000.0,
        "Selling General And Administration": -6400000.0,
        "Selling And Marketing Expense": -2300000.0,
        "General And Administrative Expense": -4100000.0,
        "Other Gand A": 12200000.0,
        "Salaries And Wages": -16300000.0,
        "Gross Profit": -56100000.0,
        "Cost Of Revenue": 62500000.0,
        "Total Revenue": 6400000.0,
        "Operating Revenue": 6400000.0
    },
    "2024-03-31": {
        "Tax Effect Of Unusual Items": 0.0,
        "Tax Rate For Calcs": 0.0,
        "Normalized EBITDA": -39400000.0,
        "Total Unusual Items": -81600000.0,
        "Total Unusual Items Excluding Goodwill": -81600000.0,
        "Net Income From Continuing Operation Net Minority Interest": -136700000.0,
        "Reconciled Depreciation": 4200000.0,
        "Reconciled Cost Of Revenue": 16800000.0,
        "EBITDA": -121000000.0,
        "EBIT": -125200000.0,
        "Net Interest Income": -10900000.0,
        "Interest Expense": 11500000.0,
        "Interest Income": 600000.0,
        "Normalized Income": -55100000.0,
        "Net Income From Continuing And Discontinued Operation": -136700000.0,
        "Total Expenses": 48400000.0,
        "Total Operating Income As Reported": -44200000.0,
        "Diluted Average Shares": 22350000.0,
        "Basic Average Shares": 22350000.0,
        "Diluted EPS": -6.116331,
        "Basic EPS": -6.08,
        "Diluted NI Availto Com Stockholders": -136700000.0,
        "Net Income Common Stockholders": -136700000.0,
        "Net Income": -136700000.0,
        "Minority Interests": NaN,
        "Net Income Including Noncontrolling Interests": -136700000.0,
        "Net Income Continuous Operations": -136700000.0,
        "Tax Provision": 0.0,
        "Pretax Income": -136700000.0,
        "Other Income Expense": -81600000.0,
        "Special Income Charges": -58900000.0,
        "Other Special Charges": 58900000.0,
        "Impairment Of Capital Assets": NaN,
        "Gain On Sale Of Security": -22700000.0,
        "Net Non Operating Interest Income Expense": -10900000.0,
        "Interest Expense Non Operating": 11500000.0,
        "Interest Income Non Operating": 600000.0,
        "Operating Income": -44200000.0,
        "Operating Expense": 31600000.0,
        "Other Operating Expenses": NaN,
        "Depreciation Amortization Depletion Income Statement": NaN,
        "Depreciation And Amortization In Income Statement": NaN,
        "Depreciation Income Statement": NaN,
        "Research And Development": -100000.0,
        "Selling General And Administration": 31700000.0,
        "Selling And Marketing Expense": NaN,
        "General And Administrative Expense": NaN,
        "Other Gand A": NaN,
        "Salaries And Wages": NaN,
        "Gross Profit": -12600000.0,
        "Cost Of Revenue": 16800000.0,
        "Total Revenue": 4200000.0,
        "Operating Revenue": 4200000.0
    },
    "2024-06-30": {
        "Tax Effect Of Unusual Items": 0.0,
        "Tax Rate For Calcs": 0.0,
        "Normalized EBITDA": -23400000.0,
        "Total Unusual Items": 33400000.0,
        "Total Unusual Items Excluding Goodwill": 33400000.0,
        "Net Income From Continuing Operation Net Minority Interest": -8200000.0,
        "Reconciled Depreciation": 2600000.0,
        "Reconciled Cost Of Revenue": 19400000.0,
        "EBITDA": 10000000.0,
        "EBIT": 7400000.0,
        "Net Interest Income": -14700000.0,
        "Interest Expense": 15600000.0,
        "Interest Income": 900000.0,
        "Normalized Income": -41600000.0,
        "Net Income From Continuing And Discontinued Operation": -8200000.0,
        "Total Expenses": 35300000.0,
        "Total Operating Income As Reported": -26900000.0,
        "Diluted Average Shares": 22500000.0,
        "Basic Average Shares": 22500000.0,
        "Diluted EPS": -0.36,
        "Basic EPS": -0.36,
        "Diluted NI Availto Com Stockholders": -8200000.0,
        "Net Income Common Stockholders": -8200000.0,
        "Net Income": -8200000.0,
        "Minority Interests": 0.0,
        "Net Income Including Noncontrolling Interests": -8200000.0,
        "Net Income Continuous Operations": -8200000.0,
        "Tax Provision": 0.0,
        "Pretax Income": -8200000.0,
        "Other Income Expense": 33400000.0,
        "Special Income Charges": 0.0,
        "Other Special Charges": NaN,
        "Impairment Of Capital Assets": NaN,
        "Gain On Sale Of Security": 33400000.0,
        "Net Non Operating Interest Income Expense": -14700000.0,
        "Interest Expense Non Operating": 15600000.0,
        "Interest Income Non Operating": 900000.0,
        "Operating Income": -26900000.0,
        "Operating Expense": 15900000.0,
        "Other Operating Expenses": NaN,
        "Depreciation Amortization Depletion Income Statement": NaN,
        "Depreciation And Amortization In Income Statement": NaN,
        "Depreciation Income Statement": NaN,
        "Research And Development": 600000.0,
        "Selling General And Administration": 15300000.0,
        "Selling And Marketing Expense": NaN,
        "General And Administrative Expense": NaN,
        "Other Gand A": NaN,
        "Salaries And Wages": NaN,
        "Gross Profit": -11000000.0,
        "Cost Of Revenue": 19400000.0,
        "Total Revenue": 8400000.0,
        "Operating Revenue": 8400000.0
    }
}