{
    "2023-03-31": {
        "Tax Effect Of Unusual Items": NaN,
        "Tax Rate For Calcs": NaN,
        "Normalized EBITDA": NaN,
        "Total Unusual Items": NaN,
        "Total Unusual Items Excluding Goodwill": NaN,
        "Net Income From Continuing Operation Net Minority Interest": NaN,
        "Reconciled Depreciation": NaN,
        "Reconciled Cost Of Revenue": NaN,
        "EBITDA": NaN,
        "EBIT": NaN,
        "Net Interest Income": NaN,
        "Interest Expense": NaN,
        "Interest Income": NaN,
        "Normalized Income": NaN,
        "Net Income From Continuing And Discontinued Operation": NaN,
        "Total Expenses": NaN,
        "Total Operating Income As Reported": NaN,
        "Diluted Average Shares": NaN,
        "Basic Average Shares": NaN,
        "Diluted EPS": NaN,
        "Basic EPS": NaN,
        "Diluted NI Availto Com Stockholders": NaN,
        "Net Income Common Stockholders": NaN,
        "Net Income": NaN,
        "Net Income Including Noncontrolling Interests": NaN,
        "Net Income Continuous Operations": NaN,
        "Tax Provision": NaN,
        "Pretax Income": NaN,
        "Other Income Expense": NaN,
        "Special Income Charges": NaN,
        "Gain On Sale Of Ppe": NaN,
        "Impairment Of Capital Assets": NaN,
        "Restructuring And Mergern Acquisition": NaN,
        "Gain On Sale Of Security": NaN,
        "Net Non Operating Interest Income Expense": NaN,
        "Total Other Finance Cost": NaN,
        "Interest Expense Non Operating": NaN,
        "Interest Income Non Operating": NaN,
        "Operating Income": NaN,
        "Operating Expense": NaN,
        "Provision For Doubtful Accounts": 0.0,
        "Research And Development": NaN,
        "Selling General And Administration": NaN,
        "Selling And Marketing Expense": NaN,
        "General And Administrative Expense": NaN,
        "Other Gand A": NaN,
        "Salaries And Wages": NaN,
        "Gross Profit": NaN,
        "Cost Of Revenue": NaN,
        "Total Revenue": NaN,
        "Operating Revenue": NaN
    },
    "2022-12-31": {
        "Tax Effect Of Unusual Items": NaN,
        "Tax Rate For Calcs": NaN,
        "Normalized EBITDA": NaN,
        "Total Unusual Items": NaN,
        "Total Unusual Items Excluding Goodwill": NaN,
        "Net Income From Continuing Operation Net Minority Interest": NaN,
        "Reconciled Depreciation": NaN,
        "Reconciled Cost Of Revenue": NaN,
        "EBITDA": NaN,
        "EBIT": NaN,
        "Net Interest Income": NaN,
        "Interest Expense": -33000.0,
        "Interest Income": NaN,
        "Normalized Income": NaN,
        "Net Income From Continuing And Discontinued Operation": NaN,
        "Total Expenses": NaN,
        "Total Operating Income As Reported": NaN,
        "Diluted Average Shares": NaN,
        "Basic Average Shares": NaN,
        "Diluted EPS": NaN,
        "Basic EPS": NaN,
        "Diluted NI Availto Com Stockholders": NaN,
        "Net Income Common Stockholders": NaN,
        "Net Income": NaN,
        "Net Income Including Noncontrolling Interests": NaN,
        "Net Income Continuous Operations": NaN,
        "Tax Provision": NaN,
        "Pretax Income": NaN,
        "Other Income Expense": NaN,
        "Special Income Charges": 0.0,
        "Gain On Sale Of Ppe": NaN,
        "Impairment Of Capital Assets": NaN,
        "Restructuring And Mergern Acquisition": NaN,
        "Gain On Sale Of Security": NaN,
        "Net Non Operating Interest Income Expense": NaN,
        "Total Other Finance Cost": NaN,
        "Interest Expense Non Operating": -33000.0,
        "Interest Income Non Operating": NaN,
        "Operating Income": NaN,
        "Operating Expense": NaN,
        "Provision For Doubtful Accounts": NaN,
        "Research And Development": NaN,
        "Selling General And Administration": NaN,
        "Selling And Marketing Expense": NaN,
        "General And Administrative Expense": NaN,
        "Other Gand A": NaN,
        "Salaries And Wages": NaN,
        "Gross Profit": NaN,
        "Cost Of Revenue": NaN,
        "Total Revenue": NaN,
        "Operating Revenue": NaN
    },
    "2022-09-30": {
        "Tax Effect Of Unusual Items": NaN,
        "Tax Rate For Calcs": NaN,
        "Normalized EBITDA": NaN,
        "Total Unusual Items": NaN,
        "Total Unusual Items Excluding Goodwill": NaN,
        "Net Income From Continuing Operation Net Minority Interest": NaN,
        "Reconciled Depreciation": NaN,
        "Reconciled Cost Of Revenue": NaN,
        "EBITDA": NaN,
        "EBIT": NaN,
        "Net Interest Income": NaN,
        "Interest Expense": 203000.0,
        "Interest Income": NaN,
        "Normalized Income": NaN,
        "Net Income From Continuing And Discontinued Operation": NaN,
        "Total Expenses": NaN,
        "Total Operating Income As Reported": NaN,
        "Diluted Average Shares": NaN,
        "Basic Average Shares": NaN,
        "Diluted EPS": NaN,
        "Basic EPS": NaN,
        "Diluted NI Availto Com Stockholders": NaN,
        "Net Income Common Stockholders": NaN,
        "Net Income": NaN,
        "Net Income Including Noncontrolling Interests": NaN,
        "Net Income Continuous Operations": NaN,
        "Tax Provision": NaN,
        "Pretax Income": NaN,
        "Other Income Expense": NaN,
        "Special Income Charges": 0.0,
        "Gain On Sale Of Ppe": 0.0,
        "Impairment Of Capital Assets": 0.0,
        "Restructuring And Mergern Acquisition": NaN,
        "Gain On Sale Of Security": NaN,
        "Net Non Operating Interest Income Expense": NaN,
        "Total Other Finance Cost": NaN,
        "Interest Expense Non Operating": 203000.0,
        "Interest Income Non Operating": NaN,
        "Operating Income": NaN,
        "Operating Expense": NaN,
        "Provision For Doubtful Accounts": NaN,
        "Research And Development": NaN,
        "Selling General And Administration": NaN,
        "Selling And Marketing Expense": NaN,
        "General And Administrative Expense": NaN,
        "Other Gand A": NaN,
        "Salaries And Wages": NaN,
        "Gross Profit": NaN,
        "Cost Of Revenue": NaN,
        "Total Revenue": NaN,
        "Operating Revenue": NaN
    },
    "2022-06-30": {
        "Tax Effect Of Unusual Items": 56400.0,
        "Tax Rate For Calcs": 0.4,
        "Normalized EBITDA": -26335000.0,
        "Total Unusual Items": 141000.0,
        "Total Unusual Items Excluding Goodwill": 141000.0,
        "Net Income From Continuing Operation Net Minority Interest": -26467000.0,
        "Reconciled Depreciation": 255000.0,
        "Reconciled Cost Of Revenue": 1427000.0,
        "EBITDA": -26194000.0,
        "EBIT": -26449000.0,
        "Net Interest Income": 43000.0,
        "Interest Expense": 0.0,
        "Interest Income": 350000.0,
        "Normalized Income": -26551600.0,
        "Net Income From Continuing And Discontinued Operation": -26467000.0,
        "Total Expenses": 27339000.0,
        "Total Operating Income As Reported": -26633000.0,
        "Diluted Average Shares": 157310419.0,
        "Basic Average Shares": 157310419.0,
        "Diluted EPS": -0.17,
        "Basic EPS": -0.17,
        "Diluted NI Availto Com Stockholders": -26467000.0,
        "Net Income Common Stockholders": -26467000.0,
        "Net Income": -26467000.0,
        "Net Income Including Noncontrolling Interests": -26467000.0,
        "Net Income Continuous Operations": -26467000.0,
        "Tax Provision": 18000.0,
        "Pretax Income": -26449000.0,
        "Other Income Expense": 141000.0,
        "Special Income Charges": 0.0,
        "Restructuring And Mergern Acquisition": NaN,
        "Gain On Sale Of Security": 141000.0,
        "Net Non Operating Interest Income Expense": 43000.0,
        "Total Other Finance Cost": 307000.0,
        "Interest Expense Non Operating": 0.0,
        "Interest Income Non Operating": 350000.0,
        "Operating Income": -26633000.0,
        "Operating Expense": 25912000.0,
        "Research And Development": 10762000.0,
        "Selling General And Administration": 15150000.0,
        "Selling And Marketing Expense": 5323000.0,
        "General And Administrative Expense": 9827000.0,
        "Other Gand A": 9827000.0,
        "Salaries And Wages": NaN,
        "Gross Profit": -721000.0,
        "Cost Of Revenue": 1427000.0,
        "Total Revenue": 706000.0,
        "Operating Revenue": 706000.0
    },
    "2022-03-31": {
        "Diluted EPS": -0.16,
        "Total Revenue": 1,
        "Gross Profit": 0,
        "Operating Income": -25,
        "EBIT": -24,
        "Net Income": -25
    },
    "2021-12-31": {
        "Diluted EPS": -0.23,
        "Total Revenue": 2,
        "Gross Profit": 0,
        "Operating Income": -24,
        "EBIT": -23,
        "Net Income": -25
    },
    "2021-09-30": {
        "Diluted EPS": -0.15,
        "Total Revenue": 0,
        "Gross Profit": 0,
        "Operating Income": -17,
        "EBIT": -16,
        "Net Income": -17
    },
    "2021-06-30": {
        "Diluted EPS": -0.11,
        "Total Revenue": 1,
        "Gross Profit": 0,
        "Operating Income": -12,
        "EBIT": -11,
        "Net Income": -11
    },
    "2021-03-31": {
        "Diluted EPS": -0.11,
        "Total Revenue": 0,
        "Gross Profit": 0,
        "Operating Income": -11,
        "EBIT": -10,
        "Net Income": -12
    },
    "2020-12-31": {
        "Diluted EPS": -0.22,
        "Total Revenue": 0,
        "Gross Profit": 0,
        "Operating Income": -5,
        "EBIT": -4,
        "Net Income": -23
    },
    "2020-09-30": {
        "Diluted EPS": -0.04,
        "Total Revenue": 1,
        "Gross Profit": 1,
        "Operating Income": -5,
        "EBIT": -5,
        "Net Income": -4
    },
    "2020-06-30": {
        "Diluted EPS": 0.0,
        "Total Revenue": NaN,
        "Gross Profit": NaN,
        "Operating Income": NaN,
        "EBIT": NaN,
        "Net Income": NaN
    },
    "2020-03-31": {
        "Diluted EPS": 0.0,
        "Total Revenue": NaN,
        "Gross Profit": NaN,
        "Operating Income": NaN,
        "EBIT": NaN,
        "Net Income": NaN
    },
    "2019-12-31": {
        "Diluted EPS": 0.0,
        "Total Revenue": NaN,
        "Gross Profit": NaN,
        "Operating Income": NaN,
        "EBIT": NaN,
        "Net Income": NaN
    },
    "2023-06-30": {
        "Tax Effect Of Unusual Items": NaN,
        "Tax Rate For Calcs": NaN,
        "Normalized EBITDA": NaN,
        "Total Unusual Items": NaN,
        "Total Unusual Items Excluding Goodwill": NaN,
        "Net Income From Continuing Operation Net Minority Interest": NaN,
        "Reconciled Depreciation": NaN,
        "Reconciled Cost Of Revenue": NaN,
        "EBITDA": NaN,
        "EBIT": NaN,
        "Net Interest Income": NaN,
        "Interest Expense": 47000.0,
        "Interest Income": NaN,
        "Normalized Income": NaN,
        "Net Income From Continuing And Discontinued Operation": NaN,
        "Total Expenses": NaN,
        "Total Operating Income As Reported": NaN,
        "Diluted Average Shares": NaN,
        "Basic Average Shares": NaN,
        "Diluted EPS": NaN,
        "Basic EPS": NaN,
        "Diluted NI Availto Com Stockholders": NaN,
        "Net Income Common Stockholders": NaN,
        "Net Income": NaN,
        "Net Income Including Noncontrolling Interests": NaN,
        "Net Income Continuous Operations": NaN,
        "Tax Provision": NaN,
        "Pretax Income": NaN,
        "Other Income Expense": NaN,
        "Special Income Charges": -45000.0,
        "Gain On Sale Of Ppe": NaN,
        "Impairment Of Capital Assets": NaN,
        "Restructuring And Mergern Acquisition": 45000.0,
        "Gain On Sale Of Security": NaN,
        "Net Non Operating Interest Income Expense": NaN,
        "Total Other Finance Cost": NaN,
        "Interest Expense Non Operating": 47000.0,
        "Interest Income Non Operating": NaN,
        "Operating Income": NaN,
        "Operating Expense": NaN,
        "Provision For Doubtful Accounts": 0.0,
        "Research And Development": NaN,
        "Selling General And Administration": NaN,
        "Selling And Marketing Expense": NaN,
        "General And Administrative Expense": NaN,
        "Other Gand A": NaN,
        "Salaries And Wages": 2546000.0,
        "Gross Profit": NaN,
        "Cost Of Revenue": NaN,
        "Total Revenue": NaN,
        "Operating Revenue": NaN
    },
    "2023-09-30": {
        "Tax Effect Of Unusual Items": -29190.0,
        "Tax Rate For Calcs": 0.21,
        "Normalized EBITDA": -16764000.0,
        "Total Unusual Items": -139000.0,
        "Total Unusual Items Excluding Goodwill": -139000.0,
        "Net Income From Continuing Operation Net Minority Interest": -17048000.0,
        "Reconciled Depreciation": 332000.0,
        "Reconciled Cost Of Revenue": 4479000.0,
        "EBITDA": -16903000.0,
        "EBIT": -17235000.0,
        "Net Interest Income": 331000.0,
        "Interest Expense": NaN,
        "Interest Income": 355000.0,
        "Normalized Income": -16938190.0,
        "Net Income From Continuing And Discontinued Operation": -17048000.0,
        "Total Expenses": 17423000.0,
        "Total Operating Income As Reported": -17235000.0,
        "Diluted Average Shares": 6137251.0,
        "Basic Average Shares": 6137251.0,
        "Diluted EPS": -2.78,
        "Basic EPS": -2.78,
        "Diluted NI Availto Com Stockholders": -17048000.0,
        "Net Income Common Stockholders": -17048000.0,
        "Net Income": -17048000.0,
        "Net Income Including Noncontrolling Interests": -17048000.0,
        "Net Income Continuous Operations": -17048000.0,
        "Tax Provision": 5000.0,
        "Pretax Income": -17043000.0,
        "Other Income Expense": -139000.0,
        "Special Income Charges": -105000.0,
        "Gain On Sale Of Ppe": -105000.0,
        "Impairment Of Capital Assets": 0.0,
        "Restructuring And Mergern Acquisition": NaN,
        "Gain On Sale Of Security": -34000.0,
        "Net Non Operating Interest Income Expense": 331000.0,
        "Total Other Finance Cost": 24000.0,
        "Interest Expense Non Operating": NaN,
        "Interest Income Non Operating": 355000.0,
        "Operating Income": -17235000.0,
        "Operating Expense": 12944000.0,
        "Provision For Doubtful Accounts": 0.0,
        "Research And Development": 5654000.0,
        "Selling General And Administration": 7290000.0,
        "Selling And Marketing Expense": 1910000.0,
        "General And Administrative Expense": 5380000.0,
        "Other Gand A": 5380000.0,
        "Salaries And Wages": NaN,
        "Gross Profit": -4291000.0,
        "Cost Of Revenue": 4479000.0,
        "Total Revenue": 188000.0,
        "Operating Revenue": 188000.0
    },
    "2023-12-31": {
        "Tax Effect Of Unusual Items": -2077110.0,
        "Tax Rate For Calcs": 0.21,
        "Normalized EBITDA": -8073000.0,
        "Total Unusual Items": -9891000.0,
        "Total Unusual Items Excluding Goodwill": -9891000.0,
        "Net Income From Continuing Operation Net Minority Interest": -27782000.0,
        "Reconciled Depreciation": 549000.0,
        "Reconciled Cost Of Revenue": 6668000.0,
        "EBITDA": -17964000.0,
        "EBIT": -18513000.0,
        "Net Interest Income": 636000.0,
        "Interest Expense": NaN,
        "Interest Income": 629000.0,
        "Normalized Income": -19968110.0,
        "Net Income From Continuing And Discontinued Operation": -27782000.0,
        "Total Expenses": 18582000.0,
        "Total Operating Income As Reported": -28466000.0,
        "Diluted Average Shares": 6257973.0,
        "Basic Average Shares": 6257973.0,
        "Diluted EPS": -4.44,
        "Basic EPS": -4.44,
        "Diluted NI Availto Com Stockholders": -27782000.0,
        "Net Income Common Stockholders": -27782000.0,
        "Net Income": -27782000.0,
        "Net Income Including Noncontrolling Interests": -27782000.0,
        "Net Income Continuous Operations": -27782000.0,
        "Tax Provision": 14000.0,
        "Pretax Income": -27768000.0,
        "Other Income Expense": -9891000.0,
        "Special Income Charges": -9947000.0,
        "Gain On Sale Of Ppe": -6000.0,
        "Impairment Of Capital Assets": 9941000.0,
        "Restructuring And Mergern Acquisition": NaN,
        "Gain On Sale Of Security": 56000.0,
        "Net Non Operating Interest Income Expense": 636000.0,
        "Total Other Finance Cost": -7000.0,
        "Interest Expense Non Operating": NaN,
        "Interest Income Non Operating": 629000.0,
        "Operating Income": -18513000.0,
        "Operating Expense": 11914000.0,
        "Provision For Doubtful Accounts": NaN,
        "Research And Development": 5178000.0,
        "Selling General And Administration": 6701000.0,
        "Selling And Marketing Expense": 1746000.0,
        "General And Administrative Expense": 4955000.0,
        "Other Gand A": 4955000.0,
        "Salaries And Wages": NaN,
        "Gross Profit": -6599000.0,
        "Cost Of Revenue": 6668000.0,
        "Total Revenue": 69000.0,
        "Operating Revenue": 69000.0
    },
    "2024-03-31": {
        "Tax Effect Of Unusual Items": 420.0,
        "Tax Rate For Calcs": 0.21,
        "Normalized EBITDA": -10718000.0,
        "Total Unusual Items": 2000.0,
        "Total Unusual Items Excluding Goodwill": 2000.0,
        "Net Income From Continuing Operation Net Minority Interest": -10219000.0,
        "Reconciled Depreciation": 29000.0,
        "Reconciled Cost Of Revenue": 263000.0,
        "EBITDA": -10716000.0,
        "EBIT": -10745000.0,
        "Net Interest Income": 526000.0,
        "Interest Expense": NaN,
        "Interest Income": 466000.0,
        "Normalized Income": -10220580.0,
        "Net Income From Continuing And Discontinued Operation": -10219000.0,
        "Total Expenses": 10765000.0,
        "Total Operating Income As Reported": -10731000.0,
        "Diluted Average Shares": 6352835.0,
        "Basic Average Shares": 6352835.0,
        "Diluted EPS": -1.61,
        "Basic EPS": -1.61,
        "Diluted NI Availto Com Stockholders": -10219000.0,
        "Net Income Common Stockholders": -10219000.0,
        "Net Income": -10219000.0,
        "Net Income Including Noncontrolling Interests": -10219000.0,
        "Net Income Continuous Operations": -10219000.0,
        "Tax Provision": 2000.0,
        "Pretax Income": -10217000.0,
        "Other Income Expense": 2000.0,
        "Special Income Charges": NaN,
        "Gain On Sale Of Ppe": NaN,
        "Impairment Of Capital Assets": NaN,
        "Restructuring And Mergern Acquisition": NaN,
        "Gain On Sale Of Security": 2000.0,
        "Net Non Operating Interest Income Expense": 526000.0,
        "Total Other Finance Cost": -60000.0,
        "Interest Expense Non Operating": NaN,
        "Interest Income Non Operating": 466000.0,
        "Operating Income": -10745000.0,
        "Operating Expense": 10502000.0,
        "Provision For Doubtful Accounts": 14000.0,
        "Research And Development": 4532000.0,
        "Selling General And Administration": 5956000.0,
        "Selling And Marketing Expense": 341000.0,
        "General And Administrative Expense": 5615000.0,
        "Other Gand A": 5615000.0,
        "Salaries And Wages": NaN,
        "Gross Profit": -243000.0,
        "Cost Of Revenue": 263000.0,
        "Total Revenue": 20000.0,
        "Operating Revenue": 20000.0
    },
    "2024-06-30": {
        "Tax Effect Of Unusual Items": 0.0,
        "Tax Rate For Calcs": 0.0,
        "Normalized EBITDA": -7945000.0,
        "Total Unusual Items": -15000.0,
        "Total Unusual Items Excluding Goodwill": -15000.0,
        "Net Income From Continuing Operation Net Minority Interest": -7987000.0,
        "Reconciled Depreciation": 27000.0,
        "Reconciled Cost Of Revenue": 160000.0,
        "EBITDA": -7960000.0,
        "EBIT": -7987000.0,
        "Net Interest Income": 304000.0,
        "Interest Expense": 0.0,
        "Interest Income": 398000.0,
        "Normalized Income": -7972000.0,
        "Net Income From Continuing And Discontinued Operation": -7987000.0,
        "Total Expenses": 8308000.0,
        "Total Operating Income As Reported": -8256000.0,
        "Diluted Average Shares": 6874454.0,
        "Basic Average Shares": 6874454.0,
        "Diluted EPS": -1.16,
        "Basic EPS": -1.16,
        "Diluted NI Availto Com Stockholders": -7987000.0,
        "Net Income Common Stockholders": -7987000.0,
        "Net Income": -7987000.0,
        "Net Income Including Noncontrolling Interests": -7987000.0,
        "Net Income Continuous Operations": -7987000.0,
        "Tax Provision": 0.0,
        "Pretax Income": -7987000.0,
        "Other Income Expense": -15000.0,
        "Special Income Charges": NaN,
        "Gain On Sale Of Ppe": NaN,
        "Impairment Of Capital Assets": NaN,
        "Restructuring And Mergern Acquisition": NaN,
        "Gain On Sale Of Security": -15000.0,
        "Net Non Operating Interest Income Expense": 304000.0,
        "Total Other Finance Cost": 94000.0,
        "Interest Expense Non Operating": 0.0,
        "Interest Income Non Operating": 398000.0,
        "Operating Income": -8276000.0,
        "Operating Expense": 8148000.0,
        "Provision For Doubtful Accounts": 20000.0,
        "Research And Development": 3838000.0,
        "Selling General And Administration": 4290000.0,
        "Selling And Marketing Expense": 67000.0,
        "General And Administrative Expense": 4223000.0,
        "Other Gand A": 4223000.0,
        "Salaries And Wages": NaN,
        "Gross Profit": -128000.0,
        "Cost Of Revenue": 160000.0,
        "Total Revenue": 32000.0,
        "Operating Revenue": 32000.0
    },
    "2024-09-30": {
        "Tax Effect Of Unusual Items": 0.0,
        "Tax Rate For Calcs": 0.0,
        "Normalized EBITDA": -7832000.0,
        "Total Unusual Items": 9000.0,
        "Total Unusual Items Excluding Goodwill": 9000.0,
        "Net Income From Continuing Operation Net Minority Interest": -8706000.0,
        "Reconciled Depreciation": 24000.0,
        "Reconciled Cost Of Revenue": 306000.0,
        "EBITDA": -7823000.0,
        "EBIT": -7847000.0,
        "Net Interest Income": -868000.0,
        "Interest Expense": NaN,
        "Interest Income": 382000.0,
        "Normalized Income": -8715000.0,
        "Net Income From Continuing And Discontinued Operation": -8706000.0,
        "Total Expenses": 7951000.0,
        "Total Operating Income As Reported": -7846000.0,
        "Diluted Average Shares": 8629683.0,
        "Basic Average Shares": 8629683.0,
        "Diluted EPS": -1.01,
        "Basic EPS": -1.01,
        "Diluted NI Availto Com Stockholders": -8706000.0,
        "Net Income Common Stockholders": -8706000.0,
        "Net Income": -8706000.0,
        "Net Income Including Noncontrolling Interests": -8706000.0,
        "Net Income Continuous Operations": -8706000.0,
        "Tax Provision": 0.0,
        "Pretax Income": -8706000.0,
        "Other Income Expense": 9000.0,
        "Special Income Charges": 0.0,
        "Gain On Sale Of Ppe": 0.0,
        "Impairment Of Capital Assets": 0.0,
        "Restructuring And Mergern Acquisition": NaN,
        "Gain On Sale Of Security": 9000.0,
        "Net Non Operating Interest Income Expense": -868000.0,
        "Total Other Finance Cost": 1250000.0,
        "Interest Expense Non Operating": NaN,
        "Interest Income Non Operating": 382000.0,
        "Operating Income": -7847000.0,
        "Operating Expense": 7645000.0,
        "Provision For Doubtful Accounts": 1000.0,
        "Research And Development": 3767000.0,
        "Selling General And Administration": 3877000.0,
        "Selling And Marketing Expense": 74000.0,
        "General And Administrative Expense": 3803000.0,
        "Other Gand A": 3803000.0,
        "Salaries And Wages": NaN,
        "Gross Profit": -202000.0,
        "Cost Of Revenue": 306000.0,
        "Total Revenue": 104000.0,
        "Operating Revenue": 104000.0
    }
}