{
    "2023-03-31": {
        "Tax Effect Of Unusual Items": -13176000.0,
        "Tax Rate For Calcs": 0.27,
        "Normalized EBITDA": 380200000.0,
        "Total Unusual Items": -48800000.0,
        "Total Unusual Items Excluding Goodwill": -48800000.0,
        "Net Income From Continuing Operation Net Minority Interest": -49700000.0,
        "Reconciled Depreciation": 234600000.0,
        "Reconciled Cost Of Revenue": 243400000.0,
        "EBITDA": 331400000.0,
        "EBIT": 96800000.0,
        "Net Interest Income": -146600000.0,
        "Interest Expense": 146600000.0,
        "Normalized Income": -14076000.0,
        "Net Income From Continuing And Discontinued Operation": -49700000.0,
        "Total Expenses": 956500000.0,
        "Total Operating Income As Reported": 113000000.0,
        "Diluted NI Availto Com Stockholders": -49700000.0,
        "Average Dilution Earnings": NaN,
        "Net Income Common Stockholders": -49700000.0,
        "Net Income": -49700000.0,
        "Minority Interests": 13300000.0,
        "Net Income Including Noncontrolling Interests": -63000000.0,
        "Net Income Continuous Operations": -63000000.0,
        "Tax Provision": 13200000.0,
        "Pretax Income": -49800000.0,
        "Other Income Expense": -50500000.0,
        "Other Non Operating Income Expenses": -1700000.0,
        "Special Income Charges": -38900000.0,
        "Other Special Charges": 4600000.0,
        "Write Off": 21200000.0,
        "Restructuring And Mergern Acquisition": 13100000.0,
        "Gain On Sale Of Security": -9900000.0,
        "Net Non Operating Interest Income Expense": -146600000.0,
        "Interest Expense Non Operating": 146600000.0,
        "Operating Income": 147300000.0,
        "Operating Expense": 713100000.0,
        "Other Operating Expenses": 257700000.0,
        "Depreciation Amortization Depletion Income Statement": 234600000.0,
        "Depreciation And Amortization In Income Statement": 234600000.0,
        "Selling General And Administration": 220800000.0,
        "Selling And Marketing Expense": 44500000.0,
        "General And Administrative Expense": 176300000.0,
        "Salaries And Wages": 176300000.0,
        "Gross Profit": 860400000.0,
        "Cost Of Revenue": 243400000.0,
        "Total Revenue": 1103800000.0,
        "Operating Revenue": 1103800000.0
    },
    "2022-12-31": {
        "Tax Effect Of Unusual Items": 38340000.0,
        "Tax Rate For Calcs": 0.27,
        "Normalized EBITDA": 366500000.0,
        "Total Unusual Items": 142000000.0,
        "Total Unusual Items Excluding Goodwill": 142000000.0,
        "Net Income From Continuing Operation Net Minority Interest": 134700000.0,
        "Reconciled Depreciation": 249000000.0,
        "Reconciled Cost Of Revenue": 307200000.0,
        "EBITDA": 508500000.0,
        "EBIT": 259500000.0,
        "Net Interest Income": -140900000.0,
        "Interest Expense": 140900000.0,
        "Normalized Income": 31040000.0,
        "Net Income From Continuing And Discontinued Operation": 134700000.0,
        "Total Expenses": 1021800000.0,
        "Total Operating Income As Reported": 109500000.0,
        "Diluted NI Availto Com Stockholders": 134700000.0,
        "Average Dilution Earnings": NaN,
        "Net Income Common Stockholders": 134700000.0,
        "Net Income": 134700000.0,
        "Minority Interests": 1000000.0,
        "Net Income Including Noncontrolling Interests": 133700000.0,
        "Net Income Continuous Operations": 133700000.0,
        "Tax Provision": -15100000.0,
        "Pretax Income": 118600000.0,
        "Other Income Expense": 120600000.0,
        "Other Non Operating Income Expenses": -21400000.0,
        "Special Income Charges": 140000000.0,
        "Other Special Charges": 0.0,
        "Write Off": -550000000.0,
        "Restructuring And Mergern Acquisition": 24100000.0,
        "Gain On Sale Of Security": 2000000.0,
        "Net Non Operating Interest Income Expense": -140900000.0,
        "Interest Expense Non Operating": 140900000.0,
        "Operating Income": 138900000.0,
        "Operating Expense": 714600000.0,
        "Other Operating Expenses": 267100000.0,
        "Depreciation Amortization Depletion Income Statement": 249000000.0,
        "Depreciation And Amortization In Income Statement": 249000000.0,
        "Selling General And Administration": 198500000.0,
        "Selling And Marketing Expense": 43500000.0,
        "General And Administrative Expense": 155000000.0,
        "Salaries And Wages": 155000000.0,
        "Gross Profit": 853500000.0,
        "Cost Of Revenue": 307200000.0,
        "Total Revenue": 1160700000.0,
        "Operating Revenue": 1107000000.0
    },
    "2022-09-30": {
        "Tax Effect Of Unusual Items": 37015094.339623,
        "Tax Rate For Calcs": 0.320755,
        "Normalized EBITDA": 390000000.0,
        "Total Unusual Items": 115400000.0,
        "Total Unusual Items Excluding Goodwill": 115400000.0,
        "Net Income From Continuing Operation Net Minority Interest": 84100000.0,
        "Reconciled Depreciation": 234300000.0,
        "Reconciled Cost Of Revenue": 299100000.0,
        "EBITDA": 505400000.0,
        "EBIT": 271100000.0,
        "Net Interest Income": -149200000.0,
        "Interest Expense": 149200000.0,
        "Normalized Income": 5715094.339623,
        "Net Income From Continuing And Discontinued Operation": 84100000.0,
        "Total Expenses": 1064500000.0,
        "Total Operating Income As Reported": 152900000.0,
        "Diluted Average Shares": 240600000.0,
        "Basic Average Shares": 220200000.0,
        "Diluted EPS": 0.34,
        "Basic EPS": 0.34,
        "Diluted NI Availto Com Stockholders": 84100000.0,
        "Average Dilution Earnings": NaN,
        "Net Income Common Stockholders": 84100000.0,
        "Net Income": 84100000.0,
        "Minority Interests": 1300000.0,
        "Net Income Including Noncontrolling Interests": 82800000.0,
        "Net Income Continuous Operations": 82800000.0,
        "Tax Provision": 39100000.0,
        "Pretax Income": 121900000.0,
        "Other Income Expense": 113600000.0,
        "Other Non Operating Income Expenses": -1800000.0,
        "Special Income Charges": 36500000.0,
        "Other Special Charges": -41100000.0,
        "Write Off": 0.0,
        "Restructuring And Mergern Acquisition": 4600000.0,
        "Gain On Sale Of Security": 78900000.0,
        "Net Non Operating Interest Income Expense": -149200000.0,
        "Interest Expense Non Operating": 149200000.0,
        "Operating Income": 157500000.0,
        "Operating Expense": 765400000.0,
        "Other Operating Expenses": 296100000.0,
        "Depreciation Amortization Depletion Income Statement": 234300000.0,
        "Depreciation And Amortization In Income Statement": 234300000.0,
        "Selling General And Administration": 235000000.0,
        "Selling And Marketing Expense": 58900000.0,
        "General And Administrative Expense": 176100000.0,
        "Salaries And Wages": 176100000.0,
        "Gross Profit": 922900000.0,
        "Cost Of Revenue": 299100000.0,
        "Total Revenue": 1222000000.0,
        "Operating Revenue": 1222000000.0
    },
    "2022-06-30": {
        "Tax Effect Of Unusual Items": -215280000.0,
        "Tax Rate For Calcs": 0.4,
        "Normalized EBITDA": 422200000.0,
        "Total Unusual Items": -538200000.0,
        "Total Unusual Items Excluding Goodwill": -538200000.0,
        "Net Income From Continuing Operation Net Minority Interest": -473000000.0,
        "Reconciled Depreciation": 213300000.0,
        "Reconciled Cost Of Revenue": 299500000.0,
        "EBITDA": -116000000.0,
        "EBIT": -329300000.0,
        "Net Interest Income": -136900000.0,
        "Interest Expense": 136900000.0,
        "Normalized Income": -150080000.0,
        "Net Income From Continuing And Discontinued Operation": -473000000.0,
        "Total Expenses": 1008300000.0,
        "Total Operating Income As Reported": -350200000.0,
        "Diluted Average Shares": 224900000.0,
        "Basic Average Shares": 224900000.0,
        "Diluted EPS": -2.11,
        "Basic EPS": -2.11,
        "Diluted NI Availto Com Stockholders": -473000000.0,
        "Average Dilution Earnings": NaN,
        "Net Income Common Stockholders": -473000000.0,
        "Net Income": -473000000.0,
        "Minority Interests": 33600000.0,
        "Net Income Including Noncontrolling Interests": -506600000.0,
        "Net Income Continuous Operations": -506600000.0,
        "Tax Provision": 40400000.0,
        "Pretax Income": -466200000.0,
        "Other Income Expense": -538600000.0,
        "Other Non Operating Income Expenses": -400000.0,
        "Special Income Charges": -559500000.0,
        "Other Special Charges": NaN,
        "Write Off": 556600000.0,
        "Impairment Of Capital Assets": 556600000.0,
        "Restructuring And Mergern Acquisition": 2900000.0,
        "Gain On Sale Of Security": 21300000.0,
        "Net Non Operating Interest Income Expense": -136900000.0,
        "Interest Expense Non Operating": 136900000.0,
        "Operating Income": 209300000.0,
        "Operating Expense": 708800000.0,
        "Other Operating Expenses": 260500000.0,
        "Depreciation Amortization Depletion Income Statement": 213300000.0,
        "Depreciation And Amortization In Income Statement": 213300000.0,
        "Selling General And Administration": 235000000.0,
        "Selling And Marketing Expense": 58100000.0,
        "General And Administrative Expense": 176900000.0,
        "Other Gand A": 54600000.0,
        "Salaries And Wages": 176900000.0,
        "Gross Profit": 918100000.0,
        "Cost Of Revenue": 299500000.0,
        "Total Revenue": 1217600000.0,
        "Operating Revenue": 1217600000.0
    },
    "2022-03-31": {
        "Diluted EPS": 0.36,
        "Total Revenue": NaN,
        "Gross Profit": NaN,
        "Operating Income": NaN,
        "EBIT": NaN,
        "Net Income": NaN
    },
    "2021-12-31": {
        "Diluted EPS": -2.62,
        "Total Revenue": NaN,
        "Gross Profit": NaN,
        "Operating Income": NaN,
        "EBIT": NaN,
        "Net Income": NaN
    },
    "2021-09-30": {
        "Diluted EPS": 0.33,
        "Total Revenue": NaN,
        "Gross Profit": NaN,
        "Operating Income": NaN,
        "EBIT": NaN,
        "Net Income": NaN
    },
    "2021-06-30": {
        "Diluted EPS": 0.02,
        "Total Revenue": NaN,
        "Gross Profit": NaN,
        "Operating Income": NaN,
        "EBIT": NaN,
        "Net Income": NaN
    },
    "2021-03-31": {
        "Diluted EPS": 0.37,
        "Total Revenue": NaN,
        "Gross Profit": NaN,
        "Operating Income": NaN,
        "EBIT": NaN,
        "Net Income": NaN
    },
    "2020-12-31": {
        "Diluted EPS": -0.12,
        "Total Revenue": NaN,
        "Gross Profit": NaN,
        "Operating Income": NaN,
        "EBIT": NaN,
        "Net Income": NaN
    },
    "2020-09-30": {
        "Diluted EPS": -0.46,
        "Total Revenue": NaN,
        "Gross Profit": NaN,
        "Operating Income": NaN,
        "EBIT": NaN,
        "Net Income": NaN
    },
    "2020-06-30": {
        "Diluted EPS": -2.15,
        "Total Revenue": NaN,
        "Gross Profit": NaN,
        "Operating Income": NaN,
        "EBIT": NaN,
        "Net Income": NaN
    },
    "2020-03-31": {
        "Diluted EPS": -0.99,
        "Total Revenue": NaN,
        "Gross Profit": NaN,
        "Operating Income": NaN,
        "EBIT": NaN,
        "Net Income": NaN
    },
    "2019-12-31": {
        "Diluted EPS": 0.23,
        "Total Revenue": NaN,
        "Gross Profit": NaN,
        "Operating Income": NaN,
        "EBIT": NaN,
        "Net Income": NaN
    },
    "2019-09-30": {
        "Diluted EPS": 0.19,
        "Total Revenue": NaN,
        "Gross Profit": NaN,
        "Operating Income": NaN,
        "EBIT": NaN,
        "Net Income": NaN
    },
    "2019-06-30": {
        "Diluted EPS": -0.64,
        "Total Revenue": NaN,
        "Gross Profit": NaN,
        "Operating Income": NaN,
        "EBIT": NaN,
        "Net Income": NaN
    },
    "2019-03-31": {
        "Diluted EPS": -0.23,
        "Total Revenue": NaN,
        "Gross Profit": NaN,
        "Operating Income": NaN,
        "EBIT": NaN,
        "Net Income": NaN
    },
    "2018-12-31": {
        "Diluted EPS": -1.3,
        "Total Revenue": NaN,
        "Gross Profit": NaN,
        "Operating Income": NaN,
        "EBIT": NaN,
        "Net Income": NaN
    },
    "2018-09-30": {
        "Diluted EPS": -0.15,
        "Total Revenue": NaN,
        "Gross Profit": NaN,
        "Operating Income": NaN,
        "EBIT": NaN,
        "Net Income": NaN
    },
    "2018-06-30": {
        "Diluted EPS": -0.25,
        "Total Revenue": NaN,
        "Gross Profit": NaN,
        "Operating Income": NaN,
        "EBIT": NaN,
        "Net Income": NaN
    },
    "2018-03-31": {
        "Diluted EPS": -0.26,
        "Total Revenue": NaN,
        "Gross Profit": NaN,
        "Operating Income": NaN,
        "EBIT": NaN,
        "Net Income": NaN
    },
    "2017-09-30": {
        "Diluted EPS": -1.93,
        "Total Revenue": NaN,
        "Gross Profit": NaN,
        "Operating Income": NaN,
        "EBIT": NaN,
        "Net Income": NaN
    },
    "2017-06-30": {
        "Diluted EPS": -0.22,
        "Total Revenue": NaN,
        "Gross Profit": NaN,
        "Operating Income": NaN,
        "EBIT": NaN,
        "Net Income": NaN
    },
    "2017-03-31": {
        "Diluted EPS": -0.16,
        "Total Revenue": NaN,
        "Gross Profit": NaN,
        "Operating Income": NaN,
        "EBIT": NaN,
        "Net Income": NaN
    },
    "2016-12-31": {
        "Diluted EPS": -0.07,
        "Total Revenue": NaN,
        "Gross Profit": NaN,
        "Operating Income": NaN,
        "EBIT": NaN,
        "Net Income": NaN
    },
    "2016-09-30": {
        "Diluted EPS": -0.47,
        "Total Revenue": NaN,
        "Gross Profit": NaN,
        "Operating Income": NaN,
        "EBIT": NaN,
        "Net Income": NaN
    },
    "2016-06-30": {
        "Diluted EPS": -2.04,
        "Total Revenue": NaN,
        "Gross Profit": NaN,
        "Operating Income": NaN,
        "EBIT": NaN,
        "Net Income": NaN
    },
    "2016-03-31": {
        "Diluted EPS": -0.88,
        "Total Revenue": NaN,
        "Gross Profit": NaN,
        "Operating Income": NaN,
        "EBIT": NaN,
        "Net Income": NaN
    },
    "2015-12-31": {
        "Diluted EPS": -0.3,
        "Total Revenue": NaN,
        "Gross Profit": NaN,
        "Operating Income": NaN,
        "EBIT": NaN,
        "Net Income": NaN
    },
    "2015-09-30": {
        "Diluted EPS": 0.69,
        "Total Revenue": NaN,
        "Gross Profit": NaN,
        "Operating Income": NaN,
        "EBIT": NaN,
        "Net Income": NaN
    },
    "2023-06-30": {
        "Tax Effect Of Unusual Items": 4671000.0,
        "Tax Rate For Calcs": 0.27,
        "Normalized EBITDA": 422100000.0,
        "Total Unusual Items": 17300000.0,
        "Total Unusual Items Excluding Goodwill": 17300000.0,
        "Net Income From Continuing Operation Net Minority Interest": 38200000.0,
        "Reconciled Depreciation": 240500000.0,
        "Reconciled Cost Of Revenue": 233400000.0,
        "EBITDA": 439400000.0,
        "EBIT": 198900000.0,
        "Net Interest Income": -149100000.0,
        "Interest Expense": 149100000.0,
        "Normalized Income": 25571000.0,
        "Net Income From Continuing And Discontinued Operation": 38200000.0,
        "Total Expenses": 942400000.0,
        "Total Operating Income As Reported": 139500000.0,
        "Diluted NI Availto Com Stockholders": 39500000.0,
        "Average Dilution Earnings": 1300000.0,
        "Net Income Common Stockholders": 38200000.0,
        "Net Income": 38200000.0,
        "Minority Interests": 19000000.0,
        "Net Income Including Noncontrolling Interests": 19200000.0,
        "Net Income Continuous Operations": 19200000.0,
        "Tax Provision": 30600000.0,
        "Pretax Income": 49800000.0,
        "Other Income Expense": 18600000.0,
        "Other Non Operating Income Expenses": 1300000.0,
        "Special Income Charges": -40400000.0,
        "Other Special Charges": -400000.0,
        "Write Off": 26400000.0,
        "Restructuring And Mergern Acquisition": 14400000.0,
        "Gain On Sale Of Security": 57700000.0,
        "Net Non Operating Interest Income Expense": -149100000.0,
        "Interest Expense Non Operating": 149100000.0,
        "Operating Income": 180300000.0,
        "Operating Expense": 709000000.0,
        "Other Operating Expenses": 259200000.0,
        "Depreciation Amortization Depletion Income Statement": 240500000.0,
        "Depreciation And Amortization In Income Statement": 240500000.0,
        "Selling General And Administration": 209300000.0,
        "Selling And Marketing Expense": 44600000.0,
        "General And Administrative Expense": 164700000.0,
        "Salaries And Wages": 164700000.0,
        "Gross Profit": 889300000.0,
        "Cost Of Revenue": 233400000.0,
        "Total Revenue": 1122700000.0,
        "Operating Revenue": 1122700000.0
    },
    "2023-09-30": {
        "Tax Effect Of Unusual Items": 7226800.0,
        "Tax Rate For Calcs": 0.178,
        "Normalized EBITDA": 400500000.0,
        "Total Unusual Items": 40600000.0,
        "Total Unusual Items Excluding Goodwill": 40600000.0,
        "Net Income From Continuing Operation Net Minority Interest": 59700000.0,
        "Reconciled Depreciation": 230500000.0,
        "Reconciled Cost Of Revenue": 259100000.0,
        "EBITDA": 441100000.0,
        "EBIT": 210600000.0,
        "Net Interest Income": -152300000.0,
        "Interest Expense": 152300000.0,
        "Normalized Income": 26326800.0,
        "Net Income From Continuing And Discontinued Operation": 59700000.0,
        "Total Expenses": 952200000.0,
        "Total Operating Income As Reported": 162700000.0,
        "Diluted NI Availto Com Stockholders": 59700000.0,
        "Average Dilution Earnings": NaN,
        "Net Income Common Stockholders": 59700000.0,
        "Net Income": 59700000.0,
        "Minority Interests": 11800000.0,
        "Net Income Including Noncontrolling Interests": 47900000.0,
        "Net Income Continuous Operations": 47900000.0,
        "Tax Provision": 10400000.0,
        "Pretax Income": 58300000.0,
        "Other Income Expense": 37000000.0,
        "Other Non Operating Income Expenses": -3600000.0,
        "Special Income Charges": -10600000.0,
        "Other Special Charges": -300000.0,
        "Write Off": 8200000.0,
        "Restructuring And Mergern Acquisition": 2700000.0,
        "Gain On Sale Of Security": 51200000.0,
        "Net Non Operating Interest Income Expense": -152300000.0,
        "Interest Expense Non Operating": 152300000.0,
        "Operating Income": 173600000.0,
        "Operating Expense": 693100000.0,
        "Other Operating Expenses": 260600000.0,
        "Depreciation Amortization Depletion Income Statement": 230500000.0,
        "Depreciation And Amortization In Income Statement": 230500000.0,
        "Selling General And Administration": 202000000.0,
        "Selling And Marketing Expense": 47100000.0,
        "General And Administrative Expense": 154900000.0,
        "Salaries And Wages": 154900000.0,
        "Gross Profit": 866700000.0,
        "Cost Of Revenue": 259100000.0,
        "Total Revenue": 1125800000.0,
        "Operating Revenue": 1125800000.0
    }
}