{
    "2023-06-30": {
        "Tax Effect Of Unusual Items": 0.0,
        "Tax Rate For Calcs": 0.219,
        "Normalized EBITDA": 3016000000.0,
        "Net Income From Continuing Operation Net Minority Interest": 1575000000.0,
        "Reconciled Depreciation": 960000000.0,
        "Reconciled Cost Of Revenue": 4316000000.0,
        "EBITDA": 3016000000.0,
        "EBIT": 2056000000.0,
        "Net Interest Income": -52000000.0,
        "Interest Expense": 52000000.0,
        "Normalized Income": 1575000000.0,
        "Net Income From Continuing And Discontinued Operation": 1575000000.0,
        "Total Expenses": 6144000000.0,
        "Total Operating Income As Reported": 2011000000.0,
        "Diluted Average Shares": 493549000.0,
        "Basic Average Shares": 489618000.0,
        "Diluted EPS": 3.19,
        "Basic EPS": 3.22,
        "Diluted NI Availto Com Stockholders": 1575000000.0,
        "Net Income Common Stockholders": 1575000000.0,
        "Net Income": 1575000000.0,
        "Minority Interests": -37000000.0,
        "Net Income Including Noncontrolling Interests": 1612000000.0,
        "Net Income Discontinuous Operations": NaN,
        "Net Income Continuous Operations": 1612000000.0,
        "Earnings From Equity Interest Net Of Tax": 46000000.0,
        "Tax Provision": 438000000.0,
        "Pretax Income": 2004000000.0,
        "Other Income Expense": -4000000.0,
        "Other Non Operating Income Expenses": -4000000.0,
        "Net Non Operating Interest Income Expense": -52000000.0,
        "Interest Expense Non Operating": 52000000.0,
        "Operating Income": 2060000000.0,
        "Operating Expense": 1828000000.0,
        "Depreciation Amortization Depletion Income Statement": 960000000.0,
        "Depreciation And Amortization In Income Statement": 960000000.0,
        "Research And Development": 35000000.0,
        "Selling General And Administration": 833000000.0,
        "Gross Profit": 3888000000.0,
        "Cost Of Revenue": 4316000000.0,
        "Total Revenue": 8204000000.0,
        "Operating Revenue": 8204000000.0
    },
    "2023-03-31": {
        "Tax Effect Of Unusual Items": 0.0,
        "Tax Rate For Calcs": 0.222,
        "Normalized EBITDA": 2926000000.0,
        "Net Income From Continuing Operation Net Minority Interest": 1516000000.0,
        "Reconciled Depreciation": 948000000.0,
        "Reconciled Cost Of Revenue": 4431000000.0,
        "EBITDA": 2926000000.0,
        "EBIT": 1978000000.0,
        "Net Interest Income": -37000000.0,
        "Interest Expense": 37000000.0,
        "Normalized Income": 1516000000.0,
        "Net Income From Continuing And Discontinued Operation": 1516000000.0,
        "Total Expenses": 6237000000.0,
        "Total Operating Income As Reported": 1933000000.0,
        "Diluted Average Shares": 495676000.0,
        "Basic Average Shares": 491817000.0,
        "Diluted EPS": 3.06,
        "Basic EPS": 3.08,
        "Diluted NI Availto Com Stockholders": 1516000000.0,
        "Net Income Common Stockholders": 1516000000.0,
        "Net Income": 1516000000.0,
        "Minority Interests": -36000000.0,
        "Net Income Including Noncontrolling Interests": 1552000000.0,
        "Net Income Discontinuous Operations": NaN,
        "Net Income Continuous Operations": 1552000000.0,
        "Earnings From Equity Interest Net Of Tax": 41000000.0,
        "Tax Provision": 430000000.0,
        "Pretax Income": 1941000000.0,
        "Other Income Expense": 22000000.0,
        "Other Non Operating Income Expenses": 22000000.0,
        "Net Non Operating Interest Income Expense": -37000000.0,
        "Interest Expense Non Operating": 37000000.0,
        "Operating Income": 1956000000.0,
        "Operating Expense": 1806000000.0,
        "Depreciation Amortization Depletion Income Statement": 948000000.0,
        "Depreciation And Amortization In Income Statement": 948000000.0,
        "Research And Development": 36000000.0,
        "Selling General And Administration": 822000000.0,
        "Gross Profit": 3762000000.0,
        "Cost Of Revenue": 4431000000.0,
        "Total Revenue": 8193000000.0,
        "Operating Revenue": 8193000000.0
    },
    "2022-12-31": {
        "Tax Effect Of Unusual Items": 0.0,
        "Tax Rate For Calcs": 0.226371,
        "Normalized EBITDA": 2853000000.0,
        "Net Income From Continuing Operation Net Minority Interest": 1328000000.0,
        "Reconciled Depreciation": 956000000.0,
        "Reconciled Cost Of Revenue": 4427000000.0,
        "EBITDA": 2853000000.0,
        "EBIT": 1897000000.0,
        "Net Interest Income": -31000000.0,
        "Interest Expense": 183000000.0,
        "Normalized Income": 1328000000.0,
        "Net Income From Continuing And Discontinued Operation": 1328000000.0,
        "Total Expenses": 6183000000.0,
        "Total Operating Income As Reported": 1687000000.0,
        "Diluted Average Shares": 497922000.0,
        "Basic Average Shares": 493652000.0,
        "Diluted EPS": 2.67,
        "Basic EPS": 2.69,
        "Diluted NI Availto Com Stockholders": 1328000000.0,
        "Net Income Common Stockholders": 1328000000.0,
        "Net Income": 1328000000.0,
        "Minority Interests": -33000000.0,
        "Net Income Including Noncontrolling Interests": 1361000000.0,
        "Net Income Discontinuous Operations": 0.0,
        "Net Income Continuous Operations": 1361000000.0,
        "Earnings From Equity Interest Net Of Tax": 35000000.0,
        "Tax Provision": 388000000.0,
        "Pretax Income": 1714000000.0,
        "Other Income Expense": 29000000.0,
        "Other Non Operating Income Expenses": 69000000.0,
        "Net Non Operating Interest Income Expense": -31000000.0,
        "Interest Expense Non Operating": 183000000.0,
        "Operating Income": 1716000000.0,
        "Operating Expense": 1756000000.0,
        "Depreciation Amortization Depletion Income Statement": 956000000.0,
        "Depreciation And Amortization In Income Statement": 956000000.0,
        "Research And Development": 36000000.0,
        "Selling General And Administration": 764000000.0,
        "Gross Profit": 3472000000.0,
        "Cost Of Revenue": 4427000000.0,
        "Total Revenue": 7899000000.0,
        "Operating Revenue": 7899000000.0
    },
    "2022-09-30": {
        "Tax Effect Of Unusual Items": 0.0,
        "Tax Rate For Calcs": 0.237,
        "Normalized EBITDA": 2711000000.0,
        "Net Income From Continuing Operation Net Minority Interest": 1273000000.0,
        "Reconciled Depreciation": 1045000000.0,
        "Reconciled Cost Of Revenue": 5285000000.0,
        "EBITDA": 2711000000.0,
        "EBIT": 1666000000.0,
        "Net Interest Income": -18000000.0,
        "Interest Expense": 18000000.0,
        "Normalized Income": 1273000000.0,
        "Net Income From Continuing And Discontinued Operation": 1273000000.0,
        "Total Expenses": 7135000000.0,
        "Total Operating Income As Reported": 1613000000.0,
        "Diluted Average Shares": 501151000.0,
        "Basic Average Shares": 497186000.0,
        "Diluted EPS": 2.54,
        "Basic EPS": 2.56,
        "Diluted NI Availto Com Stockholders": 1273000000.0,
        "Net Income Common Stockholders": 1273000000.0,
        "Net Income": 1273000000.0,
        "Minority Interests": -27000000.0,
        "Net Income Including Noncontrolling Interests": 1300000000.0,
        "Net Income Discontinuous Operations": 0.0,
        "Net Income Continuous Operations": 1300000000.0,
        "Earnings From Equity Interest Net Of Tax": 43000000.0,
        "Tax Provision": 391000000.0,
        "Pretax Income": 1648000000.0,
        "Other Income Expense": 4000000.0,
        "Other Non Operating Income Expenses": 4000000.0,
        "Net Non Operating Interest Income Expense": -18000000.0,
        "Interest Expense Non Operating": 18000000.0,
        "Operating Income": 1662000000.0,
        "Operating Expense": 1850000000.0,
        "Depreciation Amortization Depletion Income Statement": 1045000000.0,
        "Depreciation And Amortization In Income Statement": 1045000000.0,
        "Research And Development": 35000000.0,
        "Selling General And Administration": 770000000.0,
        "Gross Profit": 3512000000.0,
        "Cost Of Revenue": 5285000000.0,
        "Total Revenue": 8797000000.0,
        "Operating Revenue": 8797000000.0
    },
    "2022-06-30": {
        "Tax Effect Of Unusual Items": 0.0,
        "Tax Rate For Calcs": 0.4,
        "Normalized EBITDA": 1742000000.0,
        "Net Income From Continuing Operation Net Minority Interest": 372000000.0,
        "Reconciled Depreciation": 1091000000.0,
        "Reconciled Cost Of Revenue": 4940000000.0,
        "EBITDA": 1742000000.0,
        "EBIT": 651000000.0,
        "Net Interest Income": -5000000.0,
        "Interest Expense": 5000000.0,
        "Normalized Income": 372000000.0,
        "Net Income From Continuing And Discontinued Operation": 372000000.0,
        "Total Expenses": 6839000000.0,
        "Total Operating Income As Reported": 589000000.0,
        "Diluted Average Shares": 505269000.0,
        "Basic Average Shares": 501034000.0,
        "Diluted EPS": 0.74,
        "Basic EPS": 0.74,
        "Diluted NI Availto Com Stockholders": 372000000.0,
        "Net Income Common Stockholders": 372000000.0,
        "Net Income": 372000000.0,
        "Minority Interests": -38000000.0,
        "Net Income Including Noncontrolling Interests": 410000000.0,
        "Net Income Discontinuous Operations": 0.0,
        "Net Income Continuous Operations": 410000000.0,
        "Earnings From Equity Interest Net Of Tax": 50000000.0,
        "Tax Provision": 286000000.0,
        "Pretax Income": 646000000.0,
        "Other Income Expense": -967000000.0,
        "Other Non Operating Income Expenses": -967000000.0,
        "Net Non Operating Interest Income Expense": -5000000.0,
        "Interest Expense Non Operating": 5000000.0,
        "Operating Income": 1618000000.0,
        "Operating Expense": 1899000000.0,
        "Depreciation Amortization Depletion Income Statement": 1091000000.0,
        "Depreciation And Amortization In Income Statement": 1091000000.0,
        "Research And Development": 37000000.0,
        "Selling General And Administration": 771000000.0,
        "Gross Profit": 3517000000.0,
        "Cost Of Revenue": 4940000000.0,
        "Total Revenue": 8457000000.0,
        "Operating Revenue": 8457000000.0
    },
    "2022-03-31": {
        "Diluted EPS": 2.3,
        "Total Revenue": NaN,
        "Gross Profit": NaN,
        "Operating Income": NaN,
        "EBIT": NaN,
        "Net Income": NaN
    },
    "2021-12-31": {
        "Diluted EPS": 1.99,
        "Total Revenue": NaN,
        "Gross Profit": NaN,
        "Operating Income": NaN,
        "EBIT": NaN,
        "Net Income": NaN
    },
    "2021-09-30": {
        "Diluted EPS": 1.88,
        "Total Revenue": NaN,
        "Gross Profit": NaN,
        "Operating Income": NaN,
        "EBIT": NaN,
        "Net Income": 979
    },
    "2021-06-30": {
        "Diluted EPS": 1.6,
        "Total Revenue": NaN,
        "Gross Profit": NaN,
        "Operating Income": NaN,
        "EBIT": NaN,
        "Net Income": 841
    },
    "2021-03-31": {
        "Diluted EPS": 1.86,
        "Total Revenue": NaN,
        "Gross Profit": NaN,
        "Operating Income": NaN,
        "EBIT": NaN,
        "Net Income": 980
    },
    "2020-12-31": {
        "Diluted EPS": 1.45,
        "Total Revenue": NaN,
        "Gross Profit": NaN,
        "Operating Income": NaN,
        "EBIT": NaN,
        "Net Income": 770
    },
    "2020-09-30": {
        "Diluted EPS": 1.32,
        "Total Revenue": NaN,
        "Gross Profit": NaN,
        "Operating Income": 969,
        "EBIT": NaN,
        "Net Income": 700
    },
    "2020-06-30": {
        "Diluted EPS": 0.87,
        "Total Revenue": NaN,
        "Gross Profit": NaN,
        "Operating Income": 591,
        "EBIT": NaN,
        "Net Income": 458
    },
    "2020-03-31": {
        "Diluted EPS": 1.07,
        "Total Revenue": NaN,
        "Gross Profit": NaN,
        "Operating Income": 733,
        "EBIT": NaN,
        "Net Income": 573
    },
    "2019-12-31": {
        "Diluted EPS": 0.94,
        "Total Revenue": NaN,
        "Gross Profit": NaN,
        "Operating Income": 655,
        "EBIT": NaN,
        "Net Income": 511
    },
    "2019-09-30": {
        "Diluted EPS": 1.35,
        "Total Revenue": NaN,
        "Gross Profit": NaN,
        "Operating Income": NaN,
        "EBIT": NaN,
        "Net Income": 735
    },
    "2019-06-30": {
        "Diluted EPS": 0.96,
        "Total Revenue": NaN,
        "Gross Profit": NaN,
        "Operating Income": 669,
        "EBIT": NaN,
        "Net Income": 522
    },
    "2019-03-31": {
        "Diluted EPS": 0.94,
        "Total Revenue": NaN,
        "Gross Profit": NaN,
        "Operating Income": 609,
        "EBIT": NaN,
        "Net Income": 517
    },
    "2018-12-31": {
        "Diluted EPS": 8.29,
        "Total Revenue": NaN,
        "Gross Profit": NaN,
        "Operating Income": NaN,
        "EBIT": NaN,
        "Net Income": NaN
    },
    "2018-09-30": {
        "Diluted EPS": 1.58,
        "Total Revenue": NaN,
        "Gross Profit": NaN,
        "Operating Income": 669,
        "EBIT": 975,
        "Net Income": 461
    },
    "2018-06-30": {
        "Diluted EPS": 1.65,
        "Total Revenue": NaN,
        "Gross Profit": NaN,
        "Operating Income": 689,
        "EBIT": NaN,
        "Net Income": 480
    },
    "2018-03-31": {
        "Diluted EPS": 1.59,
        "Total Revenue": NaN,
        "Gross Profit": NaN,
        "Operating Income": 653,
        "EBIT": 964,
        "Net Income": 462
    },
    "2017-12-31": {
        "Diluted EPS": 0.11,
        "Total Revenue": NaN,
        "Gross Profit": NaN,
        "Operating Income": 639,
        "EBIT": 946,
        "Net Income": 33
    },
    "2017-09-30": {
        "Diluted EPS": 1.45,
        "Total Revenue": NaN,
        "Gross Profit": NaN,
        "Operating Income": 632,
        "EBIT": 930,
        "Net Income": 419
    },
    "2017-06-30": {
        "Diluted EPS": 1.41,
        "Total Revenue": NaN,
        "Gross Profit": NaN,
        "Operating Income": 606,
        "EBIT": 898,
        "Net Income": 406
    },
    "2017-03-31": {
        "Diluted EPS": 1.35,
        "Total Revenue": NaN,
        "Gross Profit": NaN,
        "Operating Income": 567,
        "EBIT": 854,
        "Net Income": 389
    },
    "2016-12-31": {
        "Diluted EPS": 1.4,
        "Total Revenue": NaN,
        "Gross Profit": NaN,
        "Operating Income": 608,
        "EBIT": 893,
        "Net Income": 406
    },
    "2016-09-30": {
        "Diluted EPS": 1.18,
        "Total Revenue": NaN,
        "Gross Profit": NaN,
        "Operating Income": 497,
        "EBIT": 781,
        "Net Income": 339
    },
    "2016-06-30": {
        "Diluted EPS": 1.39,
        "Total Revenue": NaN,
        "Gross Profit": NaN,
        "Operating Income": 588,
        "EBIT": 869,
        "Net Income": 399
    },
    "2016-03-31": {
        "Diluted EPS": 1.24,
        "Total Revenue": NaN,
        "Gross Profit": NaN,
        "Operating Income": 554,
        "EBIT": 826,
        "Net Income": 356
    },
    "2015-12-31": {
        "Diluted EPS": 1.46,
        "Total Revenue": NaN,
        "Gross Profit": NaN,
        "Operating Income": 624,
        "EBIT": 899,
        "Net Income": 422
    },
    "2015-09-30": {
        "Diluted EPS": 1.4,
        "Total Revenue": NaN,
        "Gross Profit": NaN,
        "Operating Income": 594,
        "EBIT": 870,
        "Net Income": 401
    },
    "2015-06-30": {
        "Diluted EPS": 1.06,
        "Total Revenue": NaN,
        "Gross Profit": NaN,
        "Operating Income": 480,
        "EBIT": 758,
        "Net Income": 308
    },
    "2015-03-31": {
        "Diluted EPS": 1.43,
        "Total Revenue": NaN,
        "Gross Profit": NaN,
        "Operating Income": 623,
        "EBIT": 900,
        "Net Income": 416
    },
    "2014-12-31": {
        "Diluted EPS": 1.02,
        "Total Revenue": NaN,
        "Gross Profit": NaN,
        "Operating Income": 525,
        "EBIT": 816,
        "Net Income": 302
    },
    "2014-09-30": {
        "Diluted EPS": 1.62,
        "Total Revenue": NaN,
        "Gross Profit": NaN,
        "Operating Income": 711,
        "EBIT": NaN,
        "Net Income": 477
    },
    "2014-06-30": {
        "Diluted EPS": 1.58,
        "Total Revenue": NaN,
        "Gross Profit": NaN,
        "Operating Income": 697,
        "EBIT": 990,
        "Net Income": 467
    },
    "2014-03-31": {
        "Diluted EPS": 1.51,
        "Total Revenue": NaN,
        "Gross Profit": NaN,
        "Operating Income": 675,
        "EBIT": 960,
        "Net Income": 448
    },
    "2013-12-31": {
        "Diluted EPS": 1.59,
        "Total Revenue": NaN,
        "Gross Profit": NaN,
        "Operating Income": 690,
        "EBIT": 977,
        "Net Income": 474
    },
    "2013-09-30": {
        "Diluted EPS": 1.49,
        "Total Revenue": NaN,
        "Gross Profit": NaN,
        "Operating Income": 670,
        "EBIT": 951,
        "Net Income": 445
    },
    "2013-06-30": {
        "Diluted EPS": 1.49,
        "Total Revenue": NaN,
        "Gross Profit": NaN,
        "Operating Income": 665,
        "EBIT": 940,
        "Net Income": 445
    },
    "2013-03-31": {
        "Diluted EPS": 1.3,
        "Total Revenue": NaN,
        "Gross Profit": NaN,
        "Operating Income": 600,
        "EBIT": 866,
        "Net Income": 391
    },
    "2012-12-31": {
        "Diluted EPS": 1.38,
        "Total Revenue": NaN,
        "Gross Profit": NaN,
        "Operating Income": 616,
        "EBIT": 870,
        "Net Income": 414
    },
    "2012-09-30": {
        "Diluted EPS": 1.43,
        "Total Revenue": NaN,
        "Gross Profit": NaN,
        "Operating Income": 558,
        "EBIT": 806,
        "Net Income": 430
    },
    "2012-06-30": {
        "Diluted EPS": 1.42,
        "Total Revenue": NaN,
        "Gross Profit": NaN,
        "Operating Income": 636,
        "EBIT": 883,
        "Net Income": 429
    },
    "2012-03-31": {
        "Diluted EPS": 1.38,
        "Total Revenue": NaN,
        "Gross Profit": NaN,
        "Operating Income": 627,
        "EBIT": 879,
        "Net Income": 419
    },
    "2011-12-31": {
        "Diluted EPS": 1.38,
        "Total Revenue": NaN,
        "Gross Profit": NaN,
        "Operating Income": 618,
        "EBIT": 867,
        "Net Income": 420
    },
    "2011-09-30": {
        "Diluted EPS": 1.4,
        "Total Revenue": NaN,
        "Gross Profit": NaN,
        "Operating Income": 632,
        "EBIT": 888,
        "Net Income": 429
    },
    "2011-06-30": {
        "Diluted EPS": 1.38,
        "Total Revenue": NaN,
        "Gross Profit": NaN,
        "Operating Income": 627,
        "EBIT": 881,
        "Net Income": 425
    },
    "2011-03-31": {
        "Diluted EPS": 1.29,
        "Total Revenue": NaN,
        "Gross Profit": NaN,
        "Operating Income": 591,
        "EBIT": 835,
        "Net Income": 398
    },
    "2010-12-31": {
        "Diluted EPS": 0.43,
        "Total Revenue": NaN,
        "Gross Profit": NaN,
        "Operating Income": 505,
        "EBIT": 745,
        "Net Income": 133
    },
    "2010-09-30": {
        "Diluted EPS": 1.21,
        "Total Revenue": NaN,
        "Gross Profit": NaN,
        "Operating Income": 551,
        "EBIT": 778,
        "Net Income": 377
    },
    "2010-06-30": {
        "Diluted EPS": 1.19,
        "Total Revenue": NaN,
        "Gross Profit": NaN,
        "Operating Income": 547,
        "EBIT": 777,
        "Net Income": 371
    },
    "2010-03-31": {
        "Diluted EPS": 1.01,
        "Total Revenue": NaN,
        "Gross Profit": NaN,
        "Operating Income": 479,
        "EBIT": 707,
        "Net Income": 314
    },
    "2009-12-31": {
        "Diluted EPS": 1.08,
        "Total Revenue": NaN,
        "Gross Profit": NaN,
        "Operating Income": 512,
        "EBIT": 735,
        "Net Income": 340
    },
    "2009-09-30": {
        "Diluted EPS": 1.04,
        "Total Revenue": NaN,
        "Gross Profit": NaN,
        "Operating Income": 174,
        "EBIT": 391,
        "Net Income": 325
    },
    "2009-06-30": {
        "Diluted EPS": 0.96,
        "Total Revenue": NaN,
        "Gross Profit": 948,
        "Operating Income": 447,
        "EBIT": 654,
        "Net Income": 299
    },
    "2009-03-31": {
        "Diluted EPS": 0.93,
        "Total Revenue": NaN,
        "Gross Profit": 928,
        "Operating Income": 442,
        "EBIT": 641,
        "Net Income": 290
    },
    "2023-09-30": {
        "Tax Effect Of Unusual Items": 0.0,
        "Tax Rate For Calcs": 0.238,
        "Normalized EBITDA": 3046000000.0,
        "Net Income From Continuing Operation Net Minority Interest": 1565000000.0,
        "Reconciled Depreciation": 959000000.0,
        "Reconciled Cost Of Revenue": 4314000000.0,
        "EBITDA": 3046000000.0,
        "EBIT": 2087000000.0,
        "Net Interest Income": -40000000.0,
        "Interest Expense": 40000000.0,
        "Normalized Income": 1565000000.0,
        "Net Income From Continuing And Discontinued Operation": 1565000000.0,
        "Total Expenses": 6117000000.0,
        "Total Operating Income As Reported": 2052000000.0,
        "Diluted Average Shares": 491076000.0,
        "Basic Average Shares": 487122000.0,
        "Diluted EPS": 3.19,
        "Basic EPS": 3.21,
        "Diluted NI Availto Com Stockholders": 1565000000.0,
        "Net Income Common Stockholders": 1565000000.0,
        "Net Income": 1565000000.0,
        "Minority Interests": -36000000.0,
        "Net Income Including Noncontrolling Interests": 1601000000.0,
        "Net Income Discontinuous Operations": NaN,
        "Net Income Continuous Operations": 1601000000.0,
        "Earnings From Equity Interest Net Of Tax": 41000000.0,
        "Tax Provision": 487000000.0,
        "Pretax Income": 2047000000.0,
        "Other Income Expense": 49000000.0,
        "Other Non Operating Income Expenses": 49000000.0,
        "Net Non Operating Interest Income Expense": -40000000.0,
        "Interest Expense Non Operating": 40000000.0,
        "Operating Income": 2038000000.0,
        "Operating Expense": 1803000000.0,
        "Depreciation Amortization Depletion Income Statement": 959000000.0,
        "Depreciation And Amortization In Income Statement": 959000000.0,
        "Research And Development": 36000000.0,
        "Selling General And Administration": 808000000.0,
        "Gross Profit": 3841000000.0,
        "Cost Of Revenue": 4314000000.0,
        "Total Revenue": 8155000000.0,
        "Operating Revenue": 8155000000.0
    },
    "2023-12-31": {
        "Tax Effect Of Unusual Items": 0.0,
        "Tax Rate For Calcs": 0.22996,
        "Normalized EBITDA": 3229000000.0,
        "Net Income From Continuing Operation Net Minority Interest": 1543000000.0,
        "Reconciled Depreciation": 949000000.0,
        "Reconciled Cost Of Revenue": 4431000000.0,
        "EBITDA": 3229000000.0,
        "EBIT": 2280000000.0,
        "Net Interest Income": -71000000.0,
        "Interest Expense": 284000000.0,
        "Normalized Income": 1543000000.0,
        "Net Income From Continuing And Discontinued Operation": 1543000000.0,
        "Total Expenses": 6087000000.0,
        "Total Operating Income As Reported": 2028000000.0,
        "Diluted Average Shares": 488249000.0,
        "Basic Average Shares": 484229000.0,
        "Diluted EPS": 3.16,
        "Basic EPS": 3.19,
        "Diluted NI Availto Com Stockholders": 1543000000.0,
        "Net Income Common Stockholders": 1543000000.0,
        "Net Income": 1543000000.0,
        "Minority Interests": -33000000.0,
        "Net Income Including Noncontrolling Interests": 1576000000.0,
        "Net Income Discontinuous Operations": NaN,
        "Net Income Continuous Operations": 1576000000.0,
        "Earnings From Equity Interest Net Of Tax": 39000000.0,
        "Tax Provision": 459000000.0,
        "Pretax Income": 1996000000.0,
        "Other Income Expense": -148000000.0,
        "Other Non Operating Income Expenses": -55000000.0,
        "Net Non Operating Interest Income Expense": -71000000.0,
        "Interest Expense Non Operating": 284000000.0,
        "Operating Income": 2215000000.0,
        "Operating Expense": 1656000000.0,
        "Depreciation Amortization Depletion Income Statement": 949000000.0,
        "Depreciation And Amortization In Income Statement": 949000000.0,
        "Research And Development": 39000000.0,
        "Selling General And Administration": 668000000.0,
        "Gross Profit": 3871000000.0,
        "Cost Of Revenue": 4431000000.0,
        "Total Revenue": 8302000000.0,
        "Operating Revenue": 8302000000.0
    }
}