{
    "2023-03-31": {
        "Tax Effect Of Unusual Items": NaN,
        "Tax Rate For Calcs": NaN,
        "Normalized EBITDA": NaN,
        "Total Unusual Items": NaN,
        "Total Unusual Items Excluding Goodwill": NaN,
        "Net Income From Continuing Operation Net Minority Interest": NaN,
        "Reconciled Depreciation": NaN,
        "Reconciled Cost Of Revenue": NaN,
        "EBITDA": NaN,
        "EBIT": NaN,
        "Net Interest Income": NaN,
        "Interest Expense": NaN,
        "Interest Income": NaN,
        "Normalized Income": NaN,
        "Net Income From Continuing And Discontinued Operation": NaN,
        "Total Expenses": NaN,
        "Total Operating Income As Reported": NaN,
        "Diluted Average Shares": 5653574.0,
        "Basic Average Shares": 5653574.0,
        "Diluted EPS": -0.42,
        "Basic EPS": -0.42,
        "Diluted NI Availto Com Stockholders": NaN,
        "Net Income Common Stockholders": NaN,
        "Net Income": NaN,
        "Net Income Including Noncontrolling Interests": NaN,
        "Net Income Continuous Operations": NaN,
        "Tax Provision": NaN,
        "Pretax Income": NaN,
        "Other Income Expense": NaN,
        "Special Income Charges": NaN,
        "Gain On Sale Of Ppe": NaN,
        "Restructuring And Mergern Acquisition": NaN,
        "Gain On Sale Of Security": NaN,
        "Net Non Operating Interest Income Expense": NaN,
        "Interest Expense Non Operating": NaN,
        "Interest Income Non Operating": NaN,
        "Operating Income": NaN,
        "Operating Expense": NaN,
        "Research And Development": NaN,
        "Selling General And Administration": NaN,
        "Selling And Marketing Expense": NaN,
        "General And Administrative Expense": NaN,
        "Other Gand A": NaN,
        "Gross Profit": NaN,
        "Cost Of Revenue": NaN,
        "Total Revenue": NaN,
        "Operating Revenue": NaN
    },
    "2022-12-31": {
        "Tax Effect Of Unusual Items": NaN,
        "Tax Rate For Calcs": NaN,
        "Normalized EBITDA": NaN,
        "Total Unusual Items": NaN,
        "Total Unusual Items Excluding Goodwill": NaN,
        "Net Income From Continuing Operation Net Minority Interest": NaN,
        "Reconciled Depreciation": NaN,
        "Reconciled Cost Of Revenue": NaN,
        "EBITDA": NaN,
        "EBIT": NaN,
        "Net Interest Income": NaN,
        "Interest Expense": NaN,
        "Interest Income": NaN,
        "Normalized Income": NaN,
        "Net Income From Continuing And Discontinued Operation": NaN,
        "Total Expenses": NaN,
        "Total Operating Income As Reported": NaN,
        "Diluted Average Shares": NaN,
        "Basic Average Shares": NaN,
        "Diluted EPS": NaN,
        "Basic EPS": NaN,
        "Diluted NI Availto Com Stockholders": NaN,
        "Net Income Common Stockholders": NaN,
        "Net Income": NaN,
        "Net Income Including Noncontrolling Interests": NaN,
        "Net Income Continuous Operations": NaN,
        "Tax Provision": NaN,
        "Pretax Income": NaN,
        "Other Income Expense": NaN,
        "Special Income Charges": NaN,
        "Gain On Sale Of Ppe": NaN,
        "Restructuring And Mergern Acquisition": 256561.0,
        "Gain On Sale Of Security": NaN,
        "Net Non Operating Interest Income Expense": NaN,
        "Interest Expense Non Operating": NaN,
        "Interest Income Non Operating": NaN,
        "Operating Income": NaN,
        "Operating Expense": NaN,
        "Research And Development": NaN,
        "Selling General And Administration": NaN,
        "Selling And Marketing Expense": NaN,
        "General And Administrative Expense": NaN,
        "Other Gand A": NaN,
        "Gross Profit": NaN,
        "Cost Of Revenue": NaN,
        "Total Revenue": NaN,
        "Operating Revenue": NaN
    },
    "2022-09-30": {
        "Tax Effect Of Unusual Items": NaN,
        "Tax Rate For Calcs": NaN,
        "Normalized EBITDA": NaN,
        "Total Unusual Items": NaN,
        "Total Unusual Items Excluding Goodwill": NaN,
        "Net Income From Continuing Operation Net Minority Interest": NaN,
        "Reconciled Depreciation": NaN,
        "Reconciled Cost Of Revenue": NaN,
        "EBITDA": NaN,
        "EBIT": NaN,
        "Net Interest Income": NaN,
        "Interest Expense": NaN,
        "Interest Income": NaN,
        "Normalized Income": NaN,
        "Net Income From Continuing And Discontinued Operation": NaN,
        "Total Expenses": NaN,
        "Total Operating Income As Reported": NaN,
        "Diluted Average Shares": 5486475.0,
        "Basic Average Shares": 5486475.0,
        "Diluted EPS": -0.32,
        "Basic EPS": -0.32,
        "Diluted NI Availto Com Stockholders": NaN,
        "Net Income Common Stockholders": NaN,
        "Net Income": NaN,
        "Net Income Including Noncontrolling Interests": NaN,
        "Net Income Continuous Operations": NaN,
        "Tax Provision": NaN,
        "Pretax Income": NaN,
        "Other Income Expense": NaN,
        "Special Income Charges": NaN,
        "Gain On Sale Of Ppe": NaN,
        "Other Special Charges": 3317.0,
        "Restructuring And Mergern Acquisition": -1964.0,
        "Gain On Sale Of Security": NaN,
        "Net Non Operating Interest Income Expense": NaN,
        "Interest Expense Non Operating": NaN,
        "Interest Income Non Operating": NaN,
        "Operating Income": NaN,
        "Operating Expense": NaN,
        "Research And Development": NaN,
        "Selling General And Administration": NaN,
        "Selling And Marketing Expense": NaN,
        "General And Administrative Expense": NaN,
        "Other Gand A": NaN,
        "Gross Profit": NaN,
        "Cost Of Revenue": NaN,
        "Total Revenue": NaN,
        "Operating Revenue": NaN
    },
    "2022-06-30": {
        "Tax Effect Of Unusual Items": -4255.15026,
        "Tax Rate For Calcs": 0.002153,
        "Normalized EBITDA": -1524806.0,
        "Total Unusual Items": -1976793.0,
        "Total Unusual Items Excluding Goodwill": -1976793.0,
        "Net Income From Continuing Operation Net Minority Interest": -6507059.0,
        "Reconciled Depreciation": 937322.0,
        "Reconciled Cost Of Revenue": 4870152.0,
        "EBITDA": -3501599.0,
        "EBIT": -4438921.0,
        "Net Interest Income": -1739551.0,
        "Interest Expense": 2082175.0,
        "Interest Income": 342624.0,
        "Normalized Income": -4534521.15026,
        "Net Income From Continuing And Discontinued Operation": -6507059.0,
        "Total Expenses": 7823044.0,
        "Total Operating Income As Reported": -4593579.0,
        "Diluted Average Shares": 4012187.0,
        "Basic Average Shares": 4012187.0,
        "Diluted EPS": -1.62,
        "Basic EPS": -1.62,
        "Diluted NI Availto Com Stockholders": -6507059.0,
        "Net Income Common Stockholders": -6507059.0,
        "Net Income": -6507059.0,
        "Net Income Including Noncontrolling Interests": -6507059.0,
        "Net Income Continuous Operations": -6507059.0,
        "Tax Provision": -14037.0,
        "Pretax Income": -6521096.0,
        "Other Income Expense": -1976793.0,
        "Special Income Charges": -1634591.0,
        "Gain On Sale Of Ppe": 661.0,
        "Restructuring And Mergern Acquisition": 1635252.0,
        "Gain On Sale Of Security": -342202.0,
        "Net Non Operating Interest Income Expense": -1739551.0,
        "Interest Expense Non Operating": 2082175.0,
        "Interest Income Non Operating": 342624.0,
        "Operating Income": -2804752.0,
        "Operating Expense": 2952892.0,
        "Research And Development": 490836.0,
        "Selling General And Administration": 2462056.0,
        "Selling And Marketing Expense": 1196513.0,
        "General And Administrative Expense": 1265543.0,
        "Other Gand A": 1265543.0,
        "Gross Profit": 148140.0,
        "Cost Of Revenue": 4870152.0,
        "Total Revenue": 5018292.0,
        "Operating Revenue": 5018292.0
    },
    "2022-03-31": {
        "Diluted EPS": -1.44,
        "Total Revenue": 4,
        "Gross Profit": 0,
        "Operating Income": -4,
        "EBIT": -3,
        "Net Income": -4
    },
    "2021-12-31": {
        "Diluted EPS": -1.12,
        "Total Revenue": 6,
        "Gross Profit": 1,
        "Operating Income": -3,
        "EBIT": -2,
        "Net Income": -3
    },
    "2021-09-30": {
        "Diluted EPS": -1.04,
        "Total Revenue": 4,
        "Gross Profit": 0,
        "Operating Income": -3,
        "EBIT": -2,
        "Net Income": -3
    },
    "2021-06-30": {
        "Diluted EPS": -1.12,
        "Total Revenue": 4,
        "Gross Profit": 0,
        "Operating Income": -3,
        "EBIT": -2,
        "Net Income": -3
    },
    "2021-03-31": {
        "Diluted EPS": -0.88,
        "Total Revenue": 4,
        "Gross Profit": 0,
        "Operating Income": -3,
        "EBIT": -2,
        "Net Income": -2
    },
    "2020-12-31": {
        "Diluted EPS": -1.36,
        "Total Revenue": 4,
        "Gross Profit": -1,
        "Operating Income": -4,
        "EBIT": -3,
        "Net Income": -4
    },
    "2020-09-30": {
        "Diluted EPS": -1.44,
        "Total Revenue": 4,
        "Gross Profit": 0,
        "Operating Income": -3,
        "EBIT": -2,
        "Net Income": -4
    },
    "2020-06-30": {
        "Diluted EPS": -0.96,
        "Total Revenue": 5,
        "Gross Profit": 0,
        "Operating Income": -2,
        "EBIT": -1,
        "Net Income": -3
    },
    "2020-03-31": {
        "Diluted EPS": 0.08,
        "Total Revenue": 10,
        "Gross Profit": 3,
        "Operating Income": 0,
        "EBIT": 1,
        "Net Income": 0
    },
    "2019-12-31": {
        "Diluted EPS": -0.32,
        "Total Revenue": 6,
        "Gross Profit": 1,
        "Operating Income": -1,
        "EBIT": -1,
        "Net Income": -1
    },
    "2019-09-30": {
        "Diluted EPS": 0.24,
        "Total Revenue": 10,
        "Gross Profit": 2,
        "Operating Income": 0,
        "EBIT": 1,
        "Net Income": 1
    },
    "2019-06-30": {
        "Diluted EPS": 0.08,
        "Total Revenue": 9,
        "Gross Profit": 2,
        "Operating Income": 0,
        "EBIT": 1,
        "Net Income": 0
    },
    "2019-03-31": {
        "Diluted EPS": 0.0,
        "Total Revenue": 7,
        "Gross Profit": 1,
        "Operating Income": 0,
        "EBIT": 0,
        "Net Income": 0
    },
    "2018-12-31": {
        "Diluted EPS": -1.25,
        "Total Revenue": 3,
        "Gross Profit": 0,
        "Operating Income": -2,
        "EBIT": -2,
        "Net Income": -1
    },
    "2018-09-30": {
        "Diluted EPS": -0.4,
        "Total Revenue": 3,
        "Gross Profit": 0,
        "Operating Income": -1,
        "EBIT": -1,
        "Net Income": -1
    },
    "2018-06-30": {
        "Diluted EPS": -0.03,
        "Total Revenue": 4,
        "Gross Profit": 1,
        "Operating Income": -1,
        "EBIT": 0,
        "Net Income": 0
    },
    "2018-03-31": {
        "Diluted EPS": -0.24,
        "Total Revenue": 2,
        "Gross Profit": 0,
        "Operating Income": -1,
        "EBIT": -1,
        "Net Income": -2
    },
    "2017-12-31": {
        "Diluted EPS": -0.96,
        "Total Revenue": 3,
        "Gross Profit": 0,
        "Operating Income": -1,
        "EBIT": -1,
        "Net Income": -1
    },
    "2017-09-30": {
        "Diluted EPS": -0.96,
        "Total Revenue": 2,
        "Gross Profit": 0,
        "Operating Income": -1,
        "EBIT": -1,
        "Net Income": -1
    },
    "2017-06-30": {
        "Diluted EPS": -0.96,
        "Total Revenue": 3,
        "Gross Profit": 0,
        "Operating Income": -1,
        "EBIT": -1,
        "Net Income": -1
    },
    "2017-03-31": {
        "Diluted EPS": -0.64,
        "Total Revenue": 3,
        "Gross Profit": 0,
        "Operating Income": -1,
        "EBIT": -1,
        "Net Income": -1
    },
    "2016-12-31": {
        "Diluted EPS": -10.24,
        "Total Revenue": 3,
        "Gross Profit": -1,
        "Operating Income": -11,
        "EBIT": -11,
        "Net Income": -11
    },
    "2016-09-30": {
        "Diluted EPS": -0.64,
        "Total Revenue": 4,
        "Gross Profit": 0,
        "Operating Income": -1,
        "EBIT": -1,
        "Net Income": -1
    },
    "2016-06-30": {
        "Diluted EPS": -0.32,
        "Total Revenue": 4,
        "Gross Profit": 1,
        "Operating Income": 0,
        "EBIT": 0,
        "Net Income": 0
    },
    "2016-03-31": {
        "Diluted EPS": -3.2,
        "Total Revenue": 4,
        "Gross Profit": 1,
        "Operating Income": -1,
        "EBIT": -1,
        "Net Income": -4
    },
    "2015-12-31": {
        "Diluted EPS": 0.0,
        "Total Revenue": 5,
        "Gross Profit": 2,
        "Operating Income": 0,
        "EBIT": 0,
        "Net Income": 0
    },
    "2015-09-30": {
        "Diluted EPS": 0.64,
        "Total Revenue": 7,
        "Gross Profit": 2,
        "Operating Income": 1,
        "EBIT": 1,
        "Net Income": 1
    },
    "2015-06-30": {
        "Diluted EPS": -1.6,
        "Total Revenue": 2,
        "Gross Profit": -1,
        "Operating Income": -2,
        "EBIT": -2,
        "Net Income": -2
    },
    "2015-03-31": {
        "Diluted EPS": -0.96,
        "Total Revenue": 2,
        "Gross Profit": 0,
        "Operating Income": -2,
        "EBIT": -1,
        "Net Income": -1
    },
    "2014-12-31": {
        "Diluted EPS": -1.92,
        "Total Revenue": 2,
        "Gross Profit": -1,
        "Operating Income": -3,
        "EBIT": -3,
        "Net Income": -2
    },
    "2014-09-30": {
        "Diluted EPS": 0.32,
        "Total Revenue": 5,
        "Gross Profit": 1,
        "Operating Income": 0,
        "EBIT": 0,
        "Net Income": 0
    },
    "2014-06-30": {
        "Diluted EPS": -0.96,
        "Total Revenue": 4,
        "Gross Profit": 1,
        "Operating Income": -1,
        "EBIT": 0,
        "Net Income": -1
    },
    "2014-03-31": {
        "Diluted EPS": -0.96,
        "Total Revenue": 3,
        "Gross Profit": 1,
        "Operating Income": -1,
        "EBIT": 0,
        "Net Income": -1
    },
    "2013-12-31": {
        "Diluted EPS": -2.24,
        "Total Revenue": 4,
        "Gross Profit": 4,
        "Operating Income": 4,
        "EBIT": 4,
        "Net Income": -2
    },
    "2013-09-30": {
        "Diluted EPS": -1.28,
        "Total Revenue": 3,
        "Gross Profit": 3,
        "Operating Income": 3,
        "EBIT": 3,
        "Net Income": -1
    },
    "2013-06-30": {
        "Diluted EPS": -1.6,
        "Total Revenue": 3,
        "Gross Profit": 3,
        "Operating Income": 3,
        "EBIT": 3,
        "Net Income": -1
    },
    "2013-03-31": {
        "Diluted EPS": -0.96,
        "Total Revenue": 3,
        "Gross Profit": 3,
        "Operating Income": 3,
        "EBIT": 3,
        "Net Income": -1
    },
    "2012-12-31": {
        "Diluted EPS": -3.2,
        "Total Revenue": 4,
        "Gross Profit": 4,
        "Operating Income": 4,
        "EBIT": 4,
        "Net Income": -2
    },
    "2012-09-30": {
        "Diluted EPS": -0.64,
        "Total Revenue": 3,
        "Gross Profit": 3,
        "Operating Income": 3,
        "EBIT": 3,
        "Net Income": 0
    },
    "2012-06-30": {
        "Diluted EPS": -0.64,
        "Total Revenue": 4,
        "Gross Profit": 4,
        "Operating Income": 4,
        "EBIT": 4,
        "Net Income": -1
    },
    "2012-03-31": {
        "Diluted EPS": 0.32,
        "Total Revenue": 6,
        "Gross Profit": 6,
        "Operating Income": 6,
        "EBIT": 6,
        "Net Income": 0
    },
    "2023-06-30": {
        "Tax Effect Of Unusual Items": 451.578557,
        "Tax Rate For Calcs": 0.009124,
        "Normalized EBITDA": -712768.0,
        "Total Unusual Items": 49494.0,
        "Total Unusual Items Excluding Goodwill": 49494.0,
        "Net Income From Continuing Operation Net Minority Interest": -1555292.0,
        "Reconciled Depreciation": 773651.0,
        "Reconciled Cost Of Revenue": 3827491.0,
        "EBITDA": -663274.0,
        "EBIT": -1436925.0,
        "Net Interest Income": -16143.0,
        "Interest Expense": 132688.0,
        "Interest Income": 116545.0,
        "Normalized Income": -1604334.421443,
        "Net Income From Continuing And Discontinued Operation": -1555292.0,
        "Total Expenses": 6592983.0,
        "Total Operating Income As Reported": -1602964.0,
        "Diluted Average Shares": 5660007.0,
        "Basic Average Shares": 5660007.0,
        "Diluted EPS": -0.27,
        "Basic EPS": -0.27,
        "Diluted NI Availto Com Stockholders": -1555292.0,
        "Net Income Common Stockholders": -1555292.0,
        "Net Income": -1555292.0,
        "Net Income Including Noncontrolling Interests": -1555292.0,
        "Net Income Continuous Operations": -1555292.0,
        "Tax Provision": -14321.0,
        "Pretax Income": -1569613.0,
        "Other Income Expense": 49494.0,
        "Special Income Charges": 0.0,
        "Gain On Sale Of Ppe": 0.0,
        "Restructuring And Mergern Acquisition": 0.0,
        "Gain On Sale Of Security": 49494.0,
        "Net Non Operating Interest Income Expense": -16143.0,
        "Interest Expense Non Operating": 132688.0,
        "Interest Income Non Operating": 116545.0,
        "Operating Income": -1602964.0,
        "Operating Expense": 2765492.0,
        "Research And Development": 359784.0,
        "Selling General And Administration": 2405708.0,
        "Selling And Marketing Expense": 1028225.0,
        "General And Administrative Expense": 1377483.0,
        "Other Gand A": 1377483.0,
        "Gross Profit": 1162528.0,
        "Cost Of Revenue": 3827491.0,
        "Total Revenue": 4990019.0,
        "Operating Revenue": 4990019.0
    },
    "2023-09-30": {
        "Tax Effect Of Unusual Items": 2913.178854,
        "Tax Rate For Calcs": 0.010135,
        "Normalized EBITDA": -795609.0,
        "Total Unusual Items": 287437.0,
        "Total Unusual Items Excluding Goodwill": 287437.0,
        "Net Income From Continuing Operation Net Minority Interest": -1414230.0,
        "Reconciled Depreciation": 799357.0,
        "Reconciled Cost Of Revenue": 4121881.0,
        "EBITDA": -508172.0,
        "EBIT": -1307529.0,
        "Net Interest Income": -17294.0,
        "Interest Expense": 121181.0,
        "Interest Income": 103887.0,
        "Normalized Income": -1698753.821146,
        "Net Income From Continuing And Discontinued Operation": -1414230.0,
        "Total Expenses": 6769299.0,
        "Total Operating Income As Reported": -1698853.0,
        "Diluted Average Shares": 5705729.0,
        "Basic Average Shares": 5705729.0,
        "Diluted EPS": -0.25,
        "Basic EPS": -0.25,
        "Diluted NI Availto Com Stockholders": -1414230.0,
        "Net Income Common Stockholders": -1414230.0,
        "Net Income": -1414230.0,
        "Net Income Including Noncontrolling Interests": -1414230.0,
        "Net Income Continuous Operations": -1414230.0,
        "Tax Provision": -14480.0,
        "Pretax Income": -1428710.0,
        "Other Income Expense": 287437.0,
        "Special Income Charges": 0.0,
        "Gain On Sale Of Ppe": 0.0,
        "Restructuring And Mergern Acquisition": 0.0,
        "Gain On Sale Of Security": 287437.0,
        "Net Non Operating Interest Income Expense": -17294.0,
        "Interest Expense Non Operating": 121181.0,
        "Interest Income Non Operating": 103887.0,
        "Operating Income": -1698853.0,
        "Operating Expense": 2647418.0,
        "Research And Development": 428600.0,
        "Selling General And Administration": 2218818.0,
        "Selling And Marketing Expense": 965039.0,
        "General And Administrative Expense": 1253779.0,
        "Other Gand A": 1253779.0,
        "Gross Profit": 948565.0,
        "Cost Of Revenue": 4121881.0,
        "Total Revenue": 5070446.0,
        "Operating Revenue": 5070446.0
    },
    "2023-12-31": {
        "Tax Effect Of Unusual Items": -46526.407994,
        "Tax Rate For Calcs": 0.048327,
        "Normalized EBITDA": -1800075.0,
        "Total Unusual Items": -962747.0,
        "Total Unusual Items Excluding Goodwill": -962747.0,
        "Net Income From Continuing Operation Net Minority Interest": -3212120.0,
        "Reconciled Depreciation": 811140.0,
        "Reconciled Cost Of Revenue": 3656627.0,
        "EBITDA": -2762822.0,
        "EBIT": -3573962.0,
        "Net Interest Income": 292988.0,
        "Interest Expense": -198728.0,
        "Interest Income": 94260.0,
        "Normalized Income": -2295899.407994,
        "Net Income From Continuing And Discontinued Operation": -3212120.0,
        "Total Expenses": 6234240.0,
        "Total Operating Income As Reported": -2304572.0,
        "Diluted Average Shares": NaN,
        "Basic Average Shares": NaN,
        "Diluted EPS": NaN,
        "Basic EPS": NaN,
        "Diluted NI Availto Com Stockholders": -3212120.0,
        "Net Income Common Stockholders": -3212120.0,
        "Net Income": -3212120.0,
        "Net Income Including Noncontrolling Interests": -3212120.0,
        "Net Income Continuous Operations": -3212120.0,
        "Tax Provision": -163114.0,
        "Pretax Income": -3375234.0,
        "Other Income Expense": -1363650.0,
        "Special Income Charges": -432134.0,
        "Gain On Sale Of Ppe": -432134.0,
        "Restructuring And Mergern Acquisition": 0.0,
        "Gain On Sale Of Security": -530613.0,
        "Net Non Operating Interest Income Expense": 292988.0,
        "Interest Expense Non Operating": -198728.0,
        "Interest Income Non Operating": 94260.0,
        "Operating Income": -2304572.0,
        "Operating Expense": 2577613.0,
        "Research And Development": 287839.0,
        "Selling General And Administration": 2289774.0,
        "Selling And Marketing Expense": 1123206.0,
        "General And Administrative Expense": 1166568.0,
        "Other Gand A": 1166568.0,
        "Gross Profit": 273041.0,
        "Cost Of Revenue": 3656627.0,
        "Total Revenue": 3929668.0,
        "Operating Revenue": 3929668.0
    },
    "2024-03-31": {
        "Tax Effect Of Unusual Items": -1250.202477,
        "Tax Rate For Calcs": 0.006009,
        "Normalized EBITDA": -1300177.0,
        "Total Unusual Items": -208041.0,
        "Total Unusual Items Excluding Goodwill": -208041.0,
        "Net Income From Continuing Operation Net Minority Interest": -2388295.0,
        "Reconciled Depreciation": 676757.0,
        "Reconciled Cost Of Revenue": 3964242.0,
        "EBITDA": -1508218.0,
        "EBIT": -2184975.0,
        "Net Interest Income": -148673.0,
        "Interest Expense": 217759.0,
        "Interest Income": 69086.0,
        "Normalized Income": -2181504.202477,
        "Net Income From Continuing And Discontinued Operation": -2388295.0,
        "Total Expenses": 6281364.0,
        "Total Operating Income As Reported": -2046020.0,
        "Diluted Average Shares": 5804702.0,
        "Basic Average Shares": 5804702.0,
        "Diluted EPS": -0.41,
        "Basic EPS": -0.41,
        "Diluted NI Availto Com Stockholders": -2388295.0,
        "Net Income Common Stockholders": -2388295.0,
        "Net Income": -2388295.0,
        "Net Income Including Noncontrolling Interests": -2388295.0,
        "Net Income Continuous Operations": -2388295.0,
        "Tax Provision": -14439.0,
        "Pretax Income": -2402734.0,
        "Other Income Expense": -208041.0,
        "Special Income Charges": -463577.0,
        "Gain On Sale Of Ppe": -463577.0,
        "Restructuring And Mergern Acquisition": NaN,
        "Gain On Sale Of Security": 255536.0,
        "Net Non Operating Interest Income Expense": -148673.0,
        "Interest Expense Non Operating": 217759.0,
        "Interest Income Non Operating": 69086.0,
        "Operating Income": -2046020.0,
        "Operating Expense": 2317122.0,
        "Research And Development": 254812.0,
        "Selling General And Administration": 2062310.0,
        "Selling And Marketing Expense": 517579.0,
        "General And Administrative Expense": 1544731.0,
        "Other Gand A": 1544731.0,
        "Gross Profit": 271102.0,
        "Cost Of Revenue": 3964242.0,
        "Total Revenue": 4235344.0,
        "Operating Revenue": 4235344.0
    },
    "2024-06-30": {
        "Tax Effect Of Unusual Items": 631.044006,
        "Tax Rate For Calcs": 0.006656,
        "Normalized EBITDA": -1378294.0,
        "Total Unusual Items": 94806.0,
        "Total Unusual Items Excluding Goodwill": 94806.0,
        "Net Income From Continuing Operation Net Minority Interest": -2111700.0,
        "Reconciled Depreciation": 662481.0,
        "Reconciled Cost Of Revenue": 3767851.0,
        "EBITDA": -1283488.0,
        "EBIT": -1945969.0,
        "Net Interest Income": -134137.0,
        "Interest Expense": 179881.0,
        "Interest Income": 45744.0,
        "Normalized Income": -2205874.955994,
        "Net Income From Continuing And Discontinued Operation": -2111700.0,
        "Total Expenses": 6571581.0,
        "Total Operating Income As Reported": -2086519.0,
        "Diluted Average Shares": 5808127.0,
        "Basic Average Shares": 5808127.0,
        "Diluted EPS": -0.36,
        "Basic EPS": -0.36,
        "Diluted NI Availto Com Stockholders": -2111700.0,
        "Net Income Common Stockholders": -2111700.0,
        "Net Income": -2111700.0,
        "Net Income Including Noncontrolling Interests": -2111700.0,
        "Net Income Continuous Operations": -2111700.0,
        "Tax Provision": -14150.0,
        "Pretax Income": -2125850.0,
        "Other Income Expense": 94806.0,
        "Special Income Charges": 10344.0,
        "Gain On Sale Of Ppe": 10344.0,
        "Restructuring And Mergern Acquisition": NaN,
        "Gain On Sale Of Security": 84462.0,
        "Net Non Operating Interest Income Expense": -134137.0,
        "Interest Expense Non Operating": 179881.0,
        "Interest Income Non Operating": 45744.0,
        "Operating Income": -2086519.0,
        "Operating Expense": 2803730.0,
        "Research And Development": 407292.0,
        "Selling General And Administration": 2396438.0,
        "Selling And Marketing Expense": 855122.0,
        "General And Administrative Expense": 1541316.0,
        "Other Gand A": 1541316.0,
        "Gross Profit": 717211.0,
        "Cost Of Revenue": 3767851.0,
        "Total Revenue": 4485062.0,
        "Operating Revenue": 4485062.0
    }
}