{
    "2023-03-31": {
        "Tax Effect Of Unusual Items": NaN,
        "Tax Rate For Calcs": NaN,
        "Normalized EBITDA": NaN,
        "Total Unusual Items": NaN,
        "Total Unusual Items Excluding Goodwill": NaN,
        "Net Income From Continuing Operation Net Minority Interest": NaN,
        "EBITDA": NaN,
        "EBIT": NaN,
        "Net Interest Income": NaN,
        "Interest Expense": NaN,
        "Interest Income": NaN,
        "Normalized Income": NaN,
        "Net Income From Continuing And Discontinued Operation": NaN,
        "Total Expenses": NaN,
        "Total Operating Income As Reported": NaN,
        "Diluted Average Shares": NaN,
        "Basic Average Shares": NaN,
        "Diluted EPS": NaN,
        "Basic EPS": NaN,
        "Diluted NI Availto Com Stockholders": NaN,
        "Net Income Common Stockholders": NaN,
        "Net Income": NaN,
        "Net Income Including Noncontrolling Interests": NaN,
        "Net Income Continuous Operations": NaN,
        "Pretax Income": NaN,
        "Other Income Expense": NaN,
        "Gain On Sale Of Security": NaN,
        "Net Non Operating Interest Income Expense": NaN,
        "Interest Expense Non Operating": NaN,
        "Interest Income Non Operating": NaN,
        "Operating Income": NaN,
        "Operating Expense": NaN,
        "Other Operating Expenses": 344242.0,
        "Research And Development": NaN,
        "Selling General And Administration": NaN,
        "General And Administrative Expense": NaN,
        "Other Gand A": NaN,
        "Salaries And Wages": NaN,
        "Total Revenue": NaN,
        "Operating Revenue": NaN
    },
    "2022-12-31": {
        "Tax Effect Of Unusual Items": NaN,
        "Tax Rate For Calcs": NaN,
        "Normalized EBITDA": NaN,
        "Total Unusual Items": NaN,
        "Total Unusual Items Excluding Goodwill": NaN,
        "Net Income From Continuing Operation Net Minority Interest": NaN,
        "EBITDA": NaN,
        "EBIT": NaN,
        "Net Interest Income": NaN,
        "Interest Expense": NaN,
        "Interest Income": NaN,
        "Normalized Income": NaN,
        "Net Income From Continuing And Discontinued Operation": NaN,
        "Total Expenses": NaN,
        "Total Operating Income As Reported": NaN,
        "Diluted Average Shares": NaN,
        "Basic Average Shares": NaN,
        "Diluted EPS": NaN,
        "Basic EPS": NaN,
        "Diluted NI Availto Com Stockholders": NaN,
        "Net Income Common Stockholders": NaN,
        "Net Income": NaN,
        "Net Income Including Noncontrolling Interests": NaN,
        "Net Income Continuous Operations": NaN,
        "Pretax Income": NaN,
        "Other Income Expense": NaN,
        "Gain On Sale Of Security": NaN,
        "Net Non Operating Interest Income Expense": NaN,
        "Interest Expense Non Operating": NaN,
        "Interest Income Non Operating": NaN,
        "Operating Income": NaN,
        "Operating Expense": NaN,
        "Other Operating Expenses": 271273.0,
        "Research And Development": NaN,
        "Selling General And Administration": NaN,
        "General And Administrative Expense": NaN,
        "Other Gand A": NaN,
        "Salaries And Wages": NaN,
        "Total Revenue": NaN,
        "Operating Revenue": NaN
    },
    "2022-09-30": {
        "Tax Effect Of Unusual Items": NaN,
        "Tax Rate For Calcs": NaN,
        "Normalized EBITDA": NaN,
        "Total Unusual Items": NaN,
        "Total Unusual Items Excluding Goodwill": NaN,
        "Net Income From Continuing Operation Net Minority Interest": NaN,
        "EBITDA": NaN,
        "EBIT": NaN,
        "Net Interest Income": NaN,
        "Interest Expense": NaN,
        "Interest Income": NaN,
        "Normalized Income": NaN,
        "Net Income From Continuing And Discontinued Operation": NaN,
        "Total Expenses": NaN,
        "Total Operating Income As Reported": NaN,
        "Diluted Average Shares": 1664659.0,
        "Basic Average Shares": 1664659.0,
        "Diluted EPS": -0.89,
        "Basic EPS": -0.89,
        "Diluted NI Availto Com Stockholders": NaN,
        "Net Income Common Stockholders": NaN,
        "Net Income": NaN,
        "Net Income Including Noncontrolling Interests": NaN,
        "Net Income Continuous Operations": NaN,
        "Pretax Income": NaN,
        "Other Income Expense": NaN,
        "Gain On Sale Of Security": NaN,
        "Net Non Operating Interest Income Expense": NaN,
        "Interest Expense Non Operating": NaN,
        "Interest Income Non Operating": NaN,
        "Operating Income": NaN,
        "Operating Expense": NaN,
        "Other Operating Expenses": 290993.0,
        "Research And Development": NaN,
        "Selling General And Administration": NaN,
        "General And Administrative Expense": NaN,
        "Other Gand A": NaN,
        "Salaries And Wages": NaN,
        "Total Revenue": NaN,
        "Operating Revenue": NaN
    },
    "2022-06-30": {
        "Tax Effect Of Unusual Items": 0.0,
        "Tax Rate For Calcs": 0.0,
        "Normalized EBITDA": -1545819.0,
        "Total Unusual Items": 142.0,
        "Total Unusual Items Excluding Goodwill": 142.0,
        "Net Income From Continuing Operation Net Minority Interest": -1546304.0,
        "EBITDA": -1545677.0,
        "EBIT": -1545677.0,
        "Net Interest Income": -436.0,
        "Interest Expense": 627.0,
        "Interest Income": 191.0,
        "Normalized Income": -1546446.0,
        "Net Income From Continuing And Discontinued Operation": -1546304.0,
        "Total Expenses": 1546010.0,
        "Total Operating Income As Reported": -1546010.0,
        "Diluted Average Shares": 1620091.0,
        "Basic Average Shares": 1620091.0,
        "Diluted EPS": -0.95,
        "Basic EPS": -0.95,
        "Diluted NI Availto Com Stockholders": -1546304.0,
        "Net Income Common Stockholders": -1546304.0,
        "Net Income": -1546304.0,
        "Net Income Including Noncontrolling Interests": -1546304.0,
        "Net Income Continuous Operations": -1546304.0,
        "Pretax Income": -1546304.0,
        "Other Income Expense": 142.0,
        "Gain On Sale Of Security": 142.0,
        "Net Non Operating Interest Income Expense": -436.0,
        "Interest Expense Non Operating": 627.0,
        "Interest Income Non Operating": 191.0,
        "Operating Income": -1546010.0,
        "Operating Expense": 1546010.0,
        "Other Operating Expenses": 269281.0,
        "Research And Development": 164810.0,
        "Selling General And Administration": 1381200.0,
        "General And Administrative Expense": 1381200.0,
        "Other Gand A": 627670.0,
        "Salaries And Wages": 753530.0,
        "Total Revenue": 0.0,
        "Operating Revenue": 0.0
    },
    "2022-03-31": {
        "Diluted EPS": -1.2,
        "Total Revenue": NaN,
        "Gross Profit": NaN,
        "Operating Income": -2,
        "EBIT": -2,
        "Net Income": -2
    },
    "2021-12-31": {
        "Diluted EPS": -1.4,
        "Total Revenue": NaN,
        "Gross Profit": NaN,
        "Operating Income": -2,
        "EBIT": -2,
        "Net Income": -2
    },
    "2021-09-30": {
        "Diluted EPS": -0.9,
        "Total Revenue": NaN,
        "Gross Profit": NaN,
        "Operating Income": -1,
        "EBIT": -1,
        "Net Income": -1
    },
    "2021-06-30": {
        "Diluted EPS": -1.3,
        "Total Revenue": NaN,
        "Gross Profit": NaN,
        "Operating Income": -2,
        "EBIT": -2,
        "Net Income": -2
    },
    "2021-03-31": {
        "Diluted EPS": -1.4,
        "Total Revenue": NaN,
        "Gross Profit": NaN,
        "Operating Income": -2,
        "EBIT": -2,
        "Net Income": -2
    },
    "2020-12-31": {
        "Diluted EPS": -0.9,
        "Total Revenue": NaN,
        "Gross Profit": NaN,
        "Operating Income": -1,
        "EBIT": -1,
        "Net Income": -1
    },
    "2020-09-30": {
        "Diluted EPS": -1.4,
        "Total Revenue": NaN,
        "Gross Profit": NaN,
        "Operating Income": -2,
        "EBIT": -2,
        "Net Income": -2
    },
    "2020-06-30": {
        "Diluted EPS": -0.3,
        "Total Revenue": NaN,
        "Gross Profit": NaN,
        "Operating Income": 0,
        "EBIT": 0,
        "Net Income": 0
    },
    "2020-03-31": {
        "Diluted EPS": -0.3,
        "Total Revenue": NaN,
        "Gross Profit": NaN,
        "Operating Income": 0,
        "EBIT": 0,
        "Net Income": 0
    },
    "2019-12-31": {
        "Diluted EPS": 0.0,
        "Total Revenue": NaN,
        "Gross Profit": NaN,
        "Operating Income": NaN,
        "EBIT": NaN,
        "Net Income": NaN
    },
    "2016-09-30": {
        "Diluted EPS": -0.1,
        "Total Revenue": NaN,
        "Gross Profit": NaN,
        "Operating Income": NaN,
        "EBIT": NaN,
        "Net Income": -1
    },
    "2016-06-30": {
        "Diluted EPS": -0.1,
        "Total Revenue": NaN,
        "Gross Profit": NaN,
        "Operating Income": NaN,
        "EBIT": NaN,
        "Net Income": -1
    },
    "2016-03-31": {
        "Diluted EPS": -0.1,
        "Total Revenue": NaN,
        "Gross Profit": NaN,
        "Operating Income": NaN,
        "EBIT": NaN,
        "Net Income": 0
    },
    "2023-06-30": {
        "Tax Effect Of Unusual Items": NaN,
        "Tax Rate For Calcs": NaN,
        "Normalized EBITDA": NaN,
        "Total Unusual Items": NaN,
        "Total Unusual Items Excluding Goodwill": NaN,
        "Net Income From Continuing Operation Net Minority Interest": NaN,
        "EBITDA": NaN,
        "EBIT": NaN,
        "Net Interest Income": NaN,
        "Interest Expense": NaN,
        "Interest Income": NaN,
        "Normalized Income": NaN,
        "Net Income From Continuing And Discontinued Operation": NaN,
        "Total Expenses": NaN,
        "Total Operating Income As Reported": NaN,
        "Diluted Average Shares": 1665956.0,
        "Basic Average Shares": 1665956.0,
        "Diluted EPS": -1.0,
        "Basic EPS": -1.0,
        "Diluted NI Availto Com Stockholders": NaN,
        "Net Income Common Stockholders": NaN,
        "Net Income": NaN,
        "Net Income Including Noncontrolling Interests": NaN,
        "Net Income Continuous Operations": NaN,
        "Pretax Income": NaN,
        "Other Income Expense": NaN,
        "Gain On Sale Of Security": NaN,
        "Net Non Operating Interest Income Expense": NaN,
        "Interest Expense Non Operating": NaN,
        "Interest Income Non Operating": NaN,
        "Operating Income": NaN,
        "Operating Expense": NaN,
        "Other Operating Expenses": 379970.0,
        "Research And Development": NaN,
        "Selling General And Administration": NaN,
        "General And Administrative Expense": NaN,
        "Other Gand A": NaN,
        "Salaries And Wages": NaN,
        "Total Revenue": NaN,
        "Operating Revenue": NaN
    },
    "2023-09-30": {
        "Tax Effect Of Unusual Items": 0.0,
        "Tax Rate For Calcs": 0.0,
        "Normalized EBITDA": -1018372.0,
        "Total Unusual Items": -109.0,
        "Total Unusual Items Excluding Goodwill": -109.0,
        "Net Income From Continuing Operation Net Minority Interest": -1018760.0,
        "EBITDA": -1018481.0,
        "EBIT": -1018481.0,
        "Net Interest Income": 5530.0,
        "Interest Expense": 279.0,
        "Interest Income": 5809.0,
        "Normalized Income": -1018651.0,
        "Net Income From Continuing And Discontinued Operation": -1018760.0,
        "Total Expenses": 1024181.0,
        "Total Operating Income As Reported": -1024181.0,
        "Diluted Average Shares": 2074938.0,
        "Basic Average Shares": 2074938.0,
        "Diluted EPS": -0.49,
        "Basic EPS": -0.49,
        "Diluted NI Availto Com Stockholders": -1018760.0,
        "Net Income Common Stockholders": -1018760.0,
        "Net Income": -1018760.0,
        "Net Income Including Noncontrolling Interests": -1018760.0,
        "Net Income Continuous Operations": -1018760.0,
        "Pretax Income": -1018760.0,
        "Other Income Expense": -109.0,
        "Gain On Sale Of Security": -109.0,
        "Net Non Operating Interest Income Expense": 5530.0,
        "Interest Expense Non Operating": 279.0,
        "Interest Income Non Operating": 5809.0,
        "Operating Income": -1024181.0,
        "Operating Expense": 1024181.0,
        "Other Operating Expenses": 357681.0,
        "Research And Development": 132487.0,
        "Selling General And Administration": 891694.0,
        "General And Administrative Expense": 891694.0,
        "Other Gand A": 779588.0,
        "Salaries And Wages": 112106.0,
        "Total Revenue": 0.0,
        "Operating Revenue": 0.0
    },
    "2023-12-31": {
        "Tax Effect Of Unusual Items": 0.0,
        "Tax Rate For Calcs": 0.0,
        "Normalized EBITDA": -1021962.0,
        "Total Unusual Items": -148.0,
        "Total Unusual Items Excluding Goodwill": -148.0,
        "Net Income From Continuing Operation Net Minority Interest": -1032255.0,
        "EBITDA": -1022110.0,
        "EBIT": -1022110.0,
        "Net Interest Income": -6197.0,
        "Interest Expense": 10145.0,
        "Interest Income": 3948.0,
        "Normalized Income": -1032107.0,
        "Net Income From Continuing And Discontinued Operation": -1032255.0,
        "Total Expenses": 1025910.0,
        "Total Operating Income As Reported": -1025910.0,
        "Diluted Average Shares": NaN,
        "Basic Average Shares": NaN,
        "Diluted EPS": NaN,
        "Basic EPS": NaN,
        "Diluted NI Availto Com Stockholders": -1032255.0,
        "Net Income Common Stockholders": -1032255.0,
        "Net Income": -1032255.0,
        "Net Income Including Noncontrolling Interests": -1032255.0,
        "Net Income Continuous Operations": -1032255.0,
        "Pretax Income": -1032255.0,
        "Other Income Expense": -148.0,
        "Gain On Sale Of Security": -148.0,
        "Net Non Operating Interest Income Expense": -6197.0,
        "Interest Expense Non Operating": 10145.0,
        "Interest Income Non Operating": 3948.0,
        "Operating Income": -1025910.0,
        "Operating Expense": 1025910.0,
        "Other Operating Expenses": NaN,
        "Research And Development": 149071.0,
        "Selling General And Administration": 876839.0,
        "General And Administrative Expense": 876839.0,
        "Other Gand A": 556701.0,
        "Salaries And Wages": 320138.0,
        "Total Revenue": 0.0,
        "Operating Revenue": 0.0
    },
    "2024-03-31": {
        "Tax Effect Of Unusual Items": 0.0,
        "Tax Rate For Calcs": 0.0,
        "Normalized EBITDA": -964020.0,
        "Total Unusual Items": -116.0,
        "Total Unusual Items Excluding Goodwill": -116.0,
        "Net Income From Continuing Operation Net Minority Interest": -971322.0,
        "EBITDA": -964136.0,
        "EBIT": -964136.0,
        "Net Interest Income": -4327.0,
        "Interest Expense": 7186.0,
        "Interest Income": 2859.0,
        "Normalized Income": -971206.0,
        "Net Income From Continuing And Discontinued Operation": -971322.0,
        "Total Expenses": 966879.0,
        "Total Operating Income As Reported": -966879.0,
        "Diluted Average Shares": 2249290.0,
        "Basic Average Shares": 2249290.0,
        "Diluted EPS": -0.43,
        "Basic EPS": -0.43,
        "Diluted NI Availto Com Stockholders": -971322.0,
        "Net Income Common Stockholders": -971322.0,
        "Net Income": -971322.0,
        "Net Income Including Noncontrolling Interests": -971322.0,
        "Net Income Continuous Operations": -971322.0,
        "Pretax Income": -971322.0,
        "Other Income Expense": -116.0,
        "Gain On Sale Of Security": -116.0,
        "Net Non Operating Interest Income Expense": -4327.0,
        "Interest Expense Non Operating": 7186.0,
        "Interest Income Non Operating": 2859.0,
        "Operating Income": -966879.0,
        "Operating Expense": 966879.0,
        "Other Operating Expenses": NaN,
        "Research And Development": 119064.0,
        "Selling General And Administration": 847815.0,
        "General And Administrative Expense": 847815.0,
        "Other Gand A": 530153.0,
        "Salaries And Wages": 317662.0,
        "Total Revenue": 0.0,
        "Operating Revenue": 0.0
    },
    "2024-06-30": {
        "Tax Effect Of Unusual Items": 0.0,
        "Tax Rate For Calcs": 0.0,
        "Normalized EBITDA": -1006923.0,
        "Total Unusual Items": 158.0,
        "Total Unusual Items Excluding Goodwill": 158.0,
        "Net Income From Continuing Operation Net Minority Interest": -1010919.0,
        "EBITDA": -1006765.0,
        "EBIT": -1006765.0,
        "Net Interest Income": -1921.0,
        "Interest Expense": 4154.0,
        "Interest Income": 2233.0,
        "Normalized Income": -1011077.0,
        "Net Income From Continuing And Discontinued Operation": -1010919.0,
        "Total Expenses": 1009156.0,
        "Total Operating Income As Reported": -1009156.0,
        "Diluted Average Shares": 2249290.0,
        "Basic Average Shares": 2249290.0,
        "Diluted EPS": -0.45,
        "Basic EPS": -0.45,
        "Diluted NI Availto Com Stockholders": -1010919.0,
        "Net Income Common Stockholders": -1010919.0,
        "Net Income": -1010919.0,
        "Net Income Including Noncontrolling Interests": -1010919.0,
        "Net Income Continuous Operations": -1010919.0,
        "Pretax Income": -1010919.0,
        "Other Income Expense": 158.0,
        "Gain On Sale Of Security": 158.0,
        "Net Non Operating Interest Income Expense": -1921.0,
        "Interest Expense Non Operating": 4154.0,
        "Interest Income Non Operating": 2233.0,
        "Operating Income": -1009156.0,
        "Operating Expense": 1009156.0,
        "Other Operating Expenses": NaN,
        "Research And Development": 210708.0,
        "Selling General And Administration": 798448.0,
        "General And Administrative Expense": 798448.0,
        "Other Gand A": 492094.0,
        "Salaries And Wages": 306354.0,
        "Total Revenue": 0.0,
        "Operating Revenue": 0.0
    },
    "2024-09-30": {
        "Tax Effect Of Unusual Items": 0.0,
        "Tax Rate For Calcs": 0.0,
        "Normalized EBITDA": -981820.0,
        "Total Unusual Items": -3161.0,
        "Total Unusual Items Excluding Goodwill": -3161.0,
        "Net Income From Continuing Operation Net Minority Interest": -986030.0,
        "EBITDA": -984981.0,
        "EBIT": -984981.0,
        "Net Interest Income": 388.0,
        "Interest Expense": 1049.0,
        "Interest Income": 1437.0,
        "Normalized Income": -982869.0,
        "Net Income From Continuing And Discontinued Operation": -986030.0,
        "Total Expenses": 983257.0,
        "Total Operating Income As Reported": -983257.0,
        "Diluted Average Shares": 2249290.0,
        "Basic Average Shares": 2249290.0,
        "Diluted EPS": -0.44,
        "Basic EPS": -0.44,
        "Diluted NI Availto Com Stockholders": -986030.0,
        "Net Income Common Stockholders": -986030.0,
        "Net Income": -986030.0,
        "Net Income Including Noncontrolling Interests": -986030.0,
        "Net Income Continuous Operations": -986030.0,
        "Pretax Income": -986030.0,
        "Other Income Expense": -3161.0,
        "Gain On Sale Of Security": -3161.0,
        "Net Non Operating Interest Income Expense": 388.0,
        "Interest Expense Non Operating": 1049.0,
        "Interest Income Non Operating": 1437.0,
        "Operating Income": -983257.0,
        "Operating Expense": 983257.0,
        "Other Operating Expenses": NaN,
        "Research And Development": 361630.0,
        "Selling General And Administration": 621627.0,
        "General And Administrative Expense": 621627.0,
        "Other Gand A": 514800.0,
        "Salaries And Wages": 106827.0,
        "Total Revenue": 0.0,
        "Operating Revenue": 0.0
    }
}