{
    "2023-06-30": {
        "Tax Effect Of Unusual Items": 4200000.0,
        "Tax Rate For Calcs": 0.28,
        "Normalized EBITDA": 496000000.0,
        "Total Unusual Items": 15000000.0,
        "Total Unusual Items Excluding Goodwill": 15000000.0,
        "Net Income From Continuing Operation Net Minority Interest": 281000000.0,
        "Reconciled Depreciation": 70000000.0,
        "Reconciled Cost Of Revenue": 2025000000.0,
        "EBITDA": 511000000.0,
        "EBIT": 441000000.0,
        "Net Interest Income": -41000000.0,
        "Interest Expense": 52000000.0,
        "Interest Income": 11000000.0,
        "Normalized Income": 270200000.0,
        "Net Income From Continuing And Discontinued Operation": 281000000.0,
        "Total Expenses": 3033000000.0,
        "Total Operating Income As Reported": 407000000.0,
        "Diluted NI Availto Com Stockholders": 281000000.0,
        "Net Income Common Stockholders": 281000000.0,
        "Net Income": 281000000.0,
        "Minority Interests": -1000000.0,
        "Net Income Including Noncontrolling Interests": 282000000.0,
        "Net Income Discontinuous Operations": 0.0,
        "Net Income Continuous Operations": 282000000.0,
        "Earnings From Equity Interest Net Of Tax": 2000000.0,
        "Tax Provision": 109000000.0,
        "Pretax Income": 389000000.0,
        "Other Income Expense": 15000000.0,
        "Special Income Charges": -8000000.0,
        "Gain On Sale Of Business": 0.0,
        "Restructuring And Mergern Acquisition": 8000000.0,
        "Gain On Sale Of Security": 23000000.0,
        "Net Non Operating Interest Income Expense": -41000000.0,
        "Interest Expense Non Operating": 52000000.0,
        "Interest Income Non Operating": 11000000.0,
        "Operating Income": 415000000.0,
        "Operating Expense": 999000000.0,
        "Depreciation Amortization Depletion Income Statement": 61000000.0,
        "Depreciation And Amortization In Income Statement": 61000000.0,
        "Amortization": 23000000.0,
        "Amortization Of Intangibles Income Statement": 23000000.0,
        "Depreciation Income Statement": 38000000.0,
        "Selling General And Administration": 938000000.0,
        "Gross Profit": 1414000000.0,
        "Cost Of Revenue": 2034000000.0,
        "Total Revenue": 3448000000.0,
        "Operating Revenue": 3259000000.0
    },
    "2023-03-31": {
        "Tax Effect Of Unusual Items": 1305000.0,
        "Tax Rate For Calcs": 0.261,
        "Normalized EBITDA": 457000000.0,
        "Total Unusual Items": 5000000.0,
        "Total Unusual Items Excluding Goodwill": 5000000.0,
        "Net Income From Continuing Operation Net Minority Interest": 270000000.0,
        "Reconciled Depreciation": 65000000.0,
        "Reconciled Cost Of Revenue": 1970000000.0,
        "EBITDA": 462000000.0,
        "EBIT": 397000000.0,
        "Net Interest Income": -27000000.0,
        "Interest Expense": 36000000.0,
        "Interest Income": 9000000.0,
        "Normalized Income": 266305000.0,
        "Net Income From Continuing And Discontinued Operation": 270000000.0,
        "Total Expenses": 2966000000.0,
        "Total Operating Income As Reported": 365000000.0,
        "Diluted NI Availto Com Stockholders": 270000000.0,
        "Net Income Common Stockholders": 270000000.0,
        "Net Income": 270000000.0,
        "Minority Interests": NaN,
        "Net Income Including Noncontrolling Interests": 270000000.0,
        "Net Income Discontinuous Operations": 0.0,
        "Net Income Continuous Operations": 270000000.0,
        "Earnings From Equity Interest Net Of Tax": 3000000.0,
        "Tax Provision": 94000000.0,
        "Pretax Income": 361000000.0,
        "Other Income Expense": 5000000.0,
        "Special Income Charges": -18000000.0,
        "Gain On Sale Of Business": NaN,
        "Restructuring And Mergern Acquisition": 18000000.0,
        "Gain On Sale Of Security": 23000000.0,
        "Net Non Operating Interest Income Expense": -27000000.0,
        "Interest Expense Non Operating": 36000000.0,
        "Interest Income Non Operating": 9000000.0,
        "Operating Income": 383000000.0,
        "Operating Expense": 989000000.0,
        "Depreciation Amortization Depletion Income Statement": 58000000.0,
        "Depreciation And Amortization In Income Statement": 58000000.0,
        "Amortization": 22000000.0,
        "Amortization Of Intangibles Income Statement": 22000000.0,
        "Depreciation Income Statement": 36000000.0,
        "Selling General And Administration": 931000000.0,
        "Gross Profit": 1372000000.0,
        "Cost Of Revenue": 1977000000.0,
        "Total Revenue": 3349000000.0,
        "Operating Revenue": 3152000000.0
    },
    "2022-12-31": {
        "Tax Effect Of Unusual Items": -2977941.176471,
        "Tax Rate For Calcs": 0.297794,
        "Normalized EBITDA": 381000000.0,
        "Total Unusual Items": -10000000.0,
        "Total Unusual Items Excluding Goodwill": -10000000.0,
        "Net Income From Continuing Operation Net Minority Interest": 193000000.0,
        "Reconciled Depreciation": 67000000.0,
        "Reconciled Cost Of Revenue": 1770000000.0,
        "EBITDA": 371000000.0,
        "EBIT": 304000000.0,
        "Net Interest Income": -17000000.0,
        "Interest Expense": 32000000.0,
        "Interest Income": NaN,
        "Normalized Income": 200022058.823529,
        "Net Income From Continuing And Discontinued Operation": 194000000.0,
        "Total Expenses": 2698000000.0,
        "Total Operating Income As Reported": 293000000.0,
        "Diluted NI Availto Com Stockholders": 194000000.0,
        "Net Income Common Stockholders": 194000000.0,
        "Net Income": 194000000.0,
        "Minority Interests": -1000000.0,
        "Net Income Including Noncontrolling Interests": 195000000.0,
        "Net Income Discontinuous Operations": 1000000.0,
        "Net Income Continuous Operations": 194000000.0,
        "Earnings From Equity Interest Net Of Tax": 3000000.0,
        "Tax Provision": 81000000.0,
        "Pretax Income": 272000000.0,
        "Other Income Expense": -14000000.0,
        "Special Income Charges": -10000000.0,
        "Gain On Sale Of Business": 0.0,
        "Restructuring And Mergern Acquisition": 10000000.0,
        "Gain On Sale Of Security": NaN,
        "Net Non Operating Interest Income Expense": -17000000.0,
        "Interest Expense Non Operating": 32000000.0,
        "Interest Income Non Operating": NaN,
        "Operating Income": 303000000.0,
        "Operating Expense": 920000000.0,
        "Depreciation Amortization Depletion Income Statement": 59000000.0,
        "Depreciation And Amortization In Income Statement": 59000000.0,
        "Amortization": 23000000.0,
        "Amortization Of Intangibles Income Statement": 23000000.0,
        "Depreciation Income Statement": 36000000.0,
        "Selling General And Administration": 861000000.0,
        "Gross Profit": 1223000000.0,
        "Cost Of Revenue": 1778000000.0,
        "Total Revenue": 3001000000.0,
        "Operating Revenue": 2828000000.0
    },
    "2022-09-30": {
        "Tax Effect Of Unusual Items": 253602.305476,
        "Tax Rate For Calcs": 0.253602,
        "Normalized EBITDA": 427000000.0,
        "Total Unusual Items": 1000000.0,
        "Total Unusual Items Excluding Goodwill": 1000000.0,
        "Net Income From Continuing Operation Net Minority Interest": 261000000.0,
        "Reconciled Depreciation": 64000000.0,
        "Reconciled Cost Of Revenue": 1822000000.0,
        "EBITDA": 428000000.0,
        "EBIT": 364000000.0,
        "Net Interest Income": -17000000.0,
        "Interest Expense": 17000000.0,
        "Interest Income": NaN,
        "Normalized Income": 260253602.305476,
        "Net Income From Continuing And Discontinued Operation": 262000000.0,
        "Total Expenses": 2747000000.0,
        "Total Operating Income As Reported": 358000000.0,
        "Diluted Average Shares": 274600000.0,
        "Basic Average Shares": 273800000.0,
        "Diluted EPS": 0.95,
        "Basic EPS": 0.96,
        "Diluted NI Availto Com Stockholders": 262000000.0,
        "Net Income Common Stockholders": 262000000.0,
        "Net Income": 262000000.0,
        "Minority Interests": 0.0,
        "Net Income Including Noncontrolling Interests": 262000000.0,
        "Net Income Discontinuous Operations": 1000000.0,
        "Net Income Continuous Operations": 261000000.0,
        "Earnings From Equity Interest Net Of Tax": 2000000.0,
        "Tax Provision": 88000000.0,
        "Pretax Income": 347000000.0,
        "Other Income Expense": 7000000.0,
        "Other Non Operating Income Expenses": 6000000.0,
        "Special Income Charges": 1000000.0,
        "Gain On Sale Of Business": 4000000.0,
        "Restructuring And Mergern Acquisition": 3000000.0,
        "Gain On Sale Of Security": NaN,
        "Net Non Operating Interest Income Expense": -17000000.0,
        "Interest Expense Non Operating": 17000000.0,
        "Interest Income Non Operating": NaN,
        "Operating Income": 357000000.0,
        "Operating Expense": 919000000.0,
        "Depreciation Amortization Depletion Income Statement": 58000000.0,
        "Depreciation And Amortization In Income Statement": 58000000.0,
        "Amortization": 22000000.0,
        "Amortization Of Intangibles Income Statement": 22000000.0,
        "Depreciation Income Statement": 36000000.0,
        "Selling General And Administration": 861000000.0,
        "Gross Profit": 1276000000.0,
        "Cost Of Revenue": 1828000000.0,
        "Total Revenue": 3104000000.0,
        "Operating Revenue": 2909000000.0
    },
    "2022-06-30": {
        "Tax Effect Of Unusual Items": 35316758.747698,
        "Tax Rate For Calcs": 0.233886,
        "Normalized EBITDA": 474000000.0,
        "Total Unusual Items": 151000000.0,
        "Total Unusual Items Excluding Goodwill": 151000000.0,
        "Net Income From Continuing Operation Net Minority Interest": 420000000.0,
        "Reconciled Depreciation": 68000000.0,
        "Reconciled Cost Of Revenue": 1967000000.0,
        "EBITDA": 625000000.0,
        "EBIT": 557000000.0,
        "Net Interest Income": -14000000.0,
        "Interest Expense": 14000000.0,
        "Interest Income": NaN,
        "Normalized Income": 304316758.747698,
        "Net Income From Continuing And Discontinued Operation": 420000000.0,
        "Total Expenses": 2933000000.0,
        "Total Operating Income As Reported": 559000000.0,
        "Diluted Average Shares": 282300000.0,
        "Basic Average Shares": 281400000.0,
        "Diluted EPS": 1.49,
        "Basic EPS": 1.49,
        "Diluted NI Availto Com Stockholders": 420000000.0,
        "Net Income Common Stockholders": 420000000.0,
        "Net Income": 420000000.0,
        "Minority Interests": 0.0,
        "Net Income Including Noncontrolling Interests": 420000000.0,
        "Net Income Discontinuous Operations": 0.0,
        "Net Income Continuous Operations": 420000000.0,
        "Earnings From Equity Interest Net Of Tax": 4000000.0,
        "Tax Provision": 127000000.0,
        "Pretax Income": 543000000.0,
        "Other Income Expense": 149000000.0,
        "Other Non Operating Income Expenses": -2000000.0,
        "Special Income Charges": 151000000.0,
        "Gain On Sale Of Business": 155000000.0,
        "Restructuring And Mergern Acquisition": 4000000.0,
        "Gain On Sale Of Security": NaN,
        "Net Non Operating Interest Income Expense": -14000000.0,
        "Interest Expense Non Operating": 14000000.0,
        "Interest Income Non Operating": NaN,
        "Operating Income": 408000000.0,
        "Operating Expense": 959000000.0,
        "Depreciation Amortization Depletion Income Statement": 61000000.0,
        "Depreciation And Amortization In Income Statement": 61000000.0,
        "Amortization": 27000000.0,
        "Amortization Of Intangibles Income Statement": 27000000.0,
        "Depreciation Income Statement": 34000000.0,
        "Selling General And Administration": 898000000.0,
        "General And Administrative Expense": 898000000.0,
        "Other Gand A": 898000000.0,
        "Gross Profit": 1367000000.0,
        "Cost Of Revenue": 1974000000.0,
        "Total Revenue": 3341000000.0,
        "Operating Revenue": 3092000000.0
    },
    "2022-03-31": {
        "Diluted EPS": 0.95,
        "Total Revenue": NaN,
        "Gross Profit": NaN,
        "Operating Income": 371,
        "EBIT": 436,
        "Net Income": 273
    },
    "2021-12-31": {
        "Diluted EPS": 0.81,
        "Total Revenue": NaN,
        "Gross Profit": NaN,
        "Operating Income": 280,
        "EBIT": 352,
        "Net Income": 236
    },
    "2021-09-30": {
        "Diluted EPS": 0.96,
        "Total Revenue": NaN,
        "Gross Profit": NaN,
        "Operating Income": 378,
        "EBIT": 448,
        "Net Income": 284
    },
    "2021-06-30": {
        "Diluted EPS": 1.01,
        "Total Revenue": NaN,
        "Gross Profit": NaN,
        "Operating Income": 445,
        "EBIT": 515,
        "Net Income": 305
    },
    "2021-03-31": {
        "Diluted EPS": 0.88,
        "Total Revenue": NaN,
        "Gross Profit": NaN,
        "Operating Income": 371,
        "EBIT": 443,
        "Net Income": 266
    },
    "2020-12-31": {
        "Diluted EPS": 0.59,
        "Total Revenue": NaN,
        "Gross Profit": NaN,
        "Operating Income": 268,
        "EBIT": 346,
        "Net Income": 181
    },
    "2020-09-30": {
        "Diluted EPS": 0.64,
        "Total Revenue": NaN,
        "Gross Profit": NaN,
        "Operating Income": 296,
        "EBIT": 372,
        "Net Income": 193
    },
    "2020-06-30": {
        "Diluted EPS": 0.39,
        "Total Revenue": NaN,
        "Gross Profit": NaN,
        "Operating Income": 180,
        "EBIT": 253,
        "Net Income": 119
    },
    "2020-03-31": {
        "Diluted EPS": 0.47,
        "Total Revenue": NaN,
        "Gross Profit": NaN,
        "Operating Income": 242,
        "EBIT": 313,
        "Net Income": 145
    },
    "2019-12-31": {
        "Diluted EPS": 0.45,
        "Total Revenue": NaN,
        "Gross Profit": NaN,
        "Operating Income": 207,
        "EBIT": 291,
        "Net Income": 140
    },
    "2019-09-30": {
        "Diluted EPS": 0.5,
        "Total Revenue": NaN,
        "Gross Profit": NaN,
        "Operating Income": 231,
        "EBIT": 309,
        "Net Income": 152
    },
    "2019-06-30": {
        "Diluted EPS": 0.48,
        "Total Revenue": NaN,
        "Gross Profit": NaN,
        "Operating Income": 236,
        "EBIT": 312,
        "Net Income": 151
    },
    "2019-03-31": {
        "Diluted EPS": 0.31,
        "Total Revenue": NaN,
        "Gross Profit": NaN,
        "Operating Income": 222,
        "EBIT": 299,
        "Net Income": 98
    },
    "2018-12-31": {
        "Diluted EPS": 0.11,
        "Total Revenue": NaN,
        "Gross Profit": NaN,
        "Operating Income": 164,
        "EBIT": 247,
        "Net Income": 36
    },
    "2018-09-30": {
        "Diluted EPS": 0.42,
        "Total Revenue": NaN,
        "Gross Profit": NaN,
        "Operating Income": 235,
        "EBIT": 316,
        "Net Income": 134
    },
    "2018-06-30": {
        "Diluted EPS": 0.5,
        "Total Revenue": NaN,
        "Gross Profit": NaN,
        "Operating Income": 257,
        "EBIT": 325,
        "Net Income": 157
    },
    "2018-03-31": {
        "Diluted EPS": 0.49,
        "Total Revenue": NaN,
        "Gross Profit": NaN,
        "Operating Income": 227,
        "EBIT": 288,
        "Net Income": 153
    },
    "2017-12-31": {
        "Diluted EPS": 0.4,
        "Total Revenue": NaN,
        "Gross Profit": 948,
        "Operating Income": 166,
        "EBIT": 229,
        "Net Income": 124
    },
    "2017-09-30": {
        "Diluted EPS": 0.39,
        "Total Revenue": NaN,
        "Gross Profit": 957,
        "Operating Income": 199,
        "EBIT": 259,
        "Net Income": 122
    },
    "2017-06-30": {
        "Diluted EPS": 0.49,
        "Total Revenue": NaN,
        "Gross Profit": 965,
        "Operating Income": 245,
        "EBIT": 301,
        "Net Income": 151
    },
    "2017-03-31": {
        "Diluted EPS": 0.44,
        "Total Revenue": NaN,
        "Gross Profit": 930,
        "Operating Income": 236,
        "EBIT": 286,
        "Net Income": 136
    },
    "2016-12-31": {
        "Diluted EPS": 0.28,
        "Total Revenue": NaN,
        "Gross Profit": 830,
        "Operating Income": 162,
        "EBIT": 218,
        "Net Income": 86
    },
    "2016-09-30": {
        "Diluted EPS": 0.4,
        "Total Revenue": NaN,
        "Gross Profit": 855,
        "Operating Income": 183,
        "EBIT": 243,
        "Net Income": 123
    },
    "2016-06-30": {
        "Diluted EPS": 0.46,
        "Total Revenue": NaN,
        "Gross Profit": 906,
        "Operating Income": 232,
        "EBIT": 290,
        "Net Income": 143
    },
    "2016-03-31": {
        "Diluted EPS": 0.36,
        "Total Revenue": NaN,
        "Gross Profit": 760,
        "Operating Income": 186,
        "EBIT": 219,
        "Net Income": 112
    },
    "2015-12-31": {
        "Diluted EPS": 0.31,
        "Total Revenue": NaN,
        "Gross Profit": 697,
        "Operating Income": 152,
        "EBIT": 185,
        "Net Income": 95
    },
    "2015-09-30": {
        "Diluted EPS": 0.33,
        "Total Revenue": NaN,
        "Gross Profit": 713,
        "Operating Income": 167,
        "EBIT": 200,
        "Net Income": 101
    },
    "2015-06-30": {
        "Diluted EPS": 0.39,
        "Total Revenue": NaN,
        "Gross Profit": 724,
        "Operating Income": 200,
        "EBIT": 231,
        "Net Income": 120
    },
    "2015-03-31": {
        "Diluted EPS": 0.35,
        "Total Revenue": NaN,
        "Gross Profit": 699,
        "Operating Income": 186,
        "EBIT": 217,
        "Net Income": 107
    },
    "2014-12-31": {
        "Diluted EPS": 0.27,
        "Total Revenue": NaN,
        "Gross Profit": 665,
        "Operating Income": 146,
        "EBIT": 181,
        "Net Income": 80
    },
    "2014-09-30": {
        "Diluted EPS": 0.3,
        "Total Revenue": NaN,
        "Gross Profit": 664,
        "Operating Income": 156,
        "EBIT": 188,
        "Net Income": 92
    },
    "2014-06-30": {
        "Diluted EPS": 0.34,
        "Total Revenue": NaN,
        "Gross Profit": 671,
        "Operating Income": 174,
        "EBIT": 205,
        "Net Income": 105
    },
    "2014-03-31": {
        "Diluted EPS": 0.34,
        "Total Revenue": NaN,
        "Gross Profit": 652,
        "Operating Income": 174,
        "EBIT": 202,
        "Net Income": 105
    },
    "2013-12-31": {
        "Diluted EPS": 0.25,
        "Total Revenue": NaN,
        "Gross Profit": 546,
        "Operating Income": 134,
        "EBIT": 158,
        "Net Income": 78
    },
    "2013-09-30": {
        "Diluted EPS": 0.24,
        "Total Revenue": NaN,
        "Gross Profit": 518,
        "Operating Income": 123,
        "EBIT": 146,
        "Net Income": 73
    },
    "2013-06-30": {
        "Diluted EPS": 0.25,
        "Total Revenue": NaN,
        "Gross Profit": 510,
        "Operating Income": 131,
        "EBIT": 152,
        "Net Income": 76
    },
    "2013-03-31": {
        "Diluted EPS": 0.28,
        "Total Revenue": NaN,
        "Gross Profit": 502,
        "Operating Income": 142,
        "EBIT": 161,
        "Net Income": 85
    },
    "2012-12-31": {
        "Diluted EPS": 0.21,
        "Total Revenue": NaN,
        "Gross Profit": 445,
        "Operating Income": 104,
        "EBIT": 123,
        "Net Income": 62
    },
    "2012-09-30": {
        "Diluted EPS": 0.18,
        "Total Revenue": NaN,
        "Gross Profit": 410,
        "Operating Income": 91,
        "EBIT": 110,
        "Net Income": 54
    },
    "2012-06-30": {
        "Diluted EPS": 0.21,
        "Total Revenue": NaN,
        "Gross Profit": 422,
        "Operating Income": 109,
        "EBIT": 126,
        "Net Income": 64
    },
    "2012-03-31": {
        "Diluted EPS": 0.27,
        "Total Revenue": NaN,
        "Gross Profit": 447,
        "Operating Income": 134,
        "EBIT": 150,
        "Net Income": 81
    },
    "2011-12-31": {
        "Diluted EPS": 0.19,
        "Total Revenue": 940,
        "Gross Profit": 392,
        "Operating Income": 90,
        "EBIT": 106,
        "Net Income": 56
    },
    "2011-09-30": {
        "Diluted EPS": 0.17,
        "Total Revenue": 784,
        "Gross Profit": 334,
        "Operating Income": 85,
        "EBIT": 99,
        "Net Income": 49
    },
    "2011-06-30": {
        "Diluted EPS": 0.16,
        "Total Revenue": 760,
        "Gross Profit": 322,
        "Operating Income": 78,
        "EBIT": 91,
        "Net Income": 47
    },
    "2011-03-31": {
        "Diluted EPS": 0.2,
        "Total Revenue": 787,
        "Gross Profit": 344,
        "Operating Income": 107,
        "EBIT": 119,
        "Net Income": 58
    },
    "2010-12-31": {
        "Diluted EPS": 0.14,
        "Total Revenue": 674,
        "Gross Profit": 288,
        "Operating Income": 73,
        "EBIT": 84,
        "Net Income": 41
    },
    "2010-09-30": {
        "Diluted EPS": 0.13,
        "Total Revenue": 608,
        "Gross Profit": 261,
        "Operating Income": 65,
        "EBIT": 76,
        "Net Income": 36
    },
    "2010-06-30": {
        "Diluted EPS": 0.13,
        "Total Revenue": 585,
        "Gross Profit": 261,
        "Operating Income": 70,
        "EBIT": 80,
        "Net Income": 38
    },
    "2010-03-31": {
        "Diluted EPS": 0.19,
        "Total Revenue": 604,
        "Gross Profit": 283,
        "Operating Income": 90,
        "EBIT": 100,
        "Net Income": 54
    },
    "2009-12-31": {
        "Diluted EPS": 0.13,
        "Total Revenue": 556,
        "Gross Profit": 253,
        "Operating Income": 60,
        "EBIT": 72,
        "Net Income": 37
    },
    "2009-09-30": {
        "Diluted EPS": 0.1,
        "Total Revenue": 495,
        "Gross Profit": 225,
        "Operating Income": 56,
        "EBIT": 65,
        "Net Income": 29
    },
    "2009-06-30": {
        "Diluted EPS": 0.1,
        "Total Revenue": 486,
        "Gross Profit": 220,
        "Operating Income": 55,
        "EBIT": 64,
        "Net Income": 29
    },
    "2009-03-31": {
        "Diluted EPS": 0.12,
        "Total Revenue": 511,
        "Gross Profit": 230,
        "Operating Income": 61,
        "EBIT": 70,
        "Net Income": 32
    },
    "2023-09-30": {
        "Tax Effect Of Unusual Items": -5424000.0,
        "Tax Rate For Calcs": 0.226,
        "Normalized EBITDA": 433000000.0,
        "Total Unusual Items": -24000000.0,
        "Total Unusual Items Excluding Goodwill": -24000000.0,
        "Net Income From Continuing Operation Net Minority Interest": 207000000.0,
        "Reconciled Depreciation": 84000000.0,
        "Reconciled Cost Of Revenue": 2170000000.0,
        "EBITDA": 409000000.0,
        "EBIT": 325000000.0,
        "Net Interest Income": -48000000.0,
        "Interest Expense": 62000000.0,
        "Interest Income": 14000000.0,
        "Normalized Income": 225576000.0,
        "Net Income From Continuing And Discontinued Operation": 208000000.0,
        "Total Expenses": 3233000000.0,
        "Total Operating Income As Reported": 308000000.0,
        "Diluted NI Availto Com Stockholders": 208000000.0,
        "Net Income Common Stockholders": 208000000.0,
        "Net Income": 208000000.0,
        "Minority Interests": 0.0,
        "Net Income Including Noncontrolling Interests": 208000000.0,
        "Net Income Discontinuous Operations": 1000000.0,
        "Net Income Continuous Operations": 207000000.0,
        "Earnings From Equity Interest Net Of Tax": 4000000.0,
        "Tax Provision": 60000000.0,
        "Pretax Income": 263000000.0,
        "Other Income Expense": -24000000.0,
        "Special Income Charges": -27000000.0,
        "Gain On Sale Of Business": 0.0,
        "Restructuring And Mergern Acquisition": 27000000.0,
        "Gain On Sale Of Security": 3000000.0,
        "Net Non Operating Interest Income Expense": -48000000.0,
        "Interest Expense Non Operating": 62000000.0,
        "Interest Income Non Operating": 14000000.0,
        "Operating Income": 335000000.0,
        "Operating Expense": 1055000000.0,
        "Depreciation Amortization Depletion Income Statement": 76000000.0,
        "Depreciation And Amortization In Income Statement": 76000000.0,
        "Amortization": 36000000.0,
        "Amortization Of Intangibles Income Statement": 36000000.0,
        "Depreciation Income Statement": 40000000.0,
        "Selling General And Administration": 979000000.0,
        "Gross Profit": 1390000000.0,
        "Cost Of Revenue": 2178000000.0,
        "Total Revenue": 3568000000.0,
        "Operating Revenue": 3407000000.0
    }
}