{
    "2023-03-31": {
        "Tax Effect Of Unusual Items": NaN,
        "Tax Rate For Calcs": NaN,
        "Normalized EBITDA": NaN,
        "Total Unusual Items": NaN,
        "Total Unusual Items Excluding Goodwill": NaN,
        "Net Income From Continuing Operation Net Minority Interest": NaN,
        "Reconciled Depreciation": NaN,
        "Reconciled Cost Of Revenue": NaN,
        "EBITDA": NaN,
        "EBIT": NaN,
        "Net Interest Income": NaN,
        "Interest Expense": NaN,
        "Interest Income": NaN,
        "Normalized Income": NaN,
        "Net Income From Continuing And Discontinued Operation": NaN,
        "Total Expenses": NaN,
        "Diluted Average Shares": NaN,
        "Basic Average Shares": NaN,
        "Diluted EPS": NaN,
        "Basic EPS": NaN,
        "Diluted NI Availto Com Stockholders": NaN,
        "Net Income Common Stockholders": NaN,
        "Net Income": NaN,
        "Net Income Including Noncontrolling Interests": NaN,
        "Net Income Continuous Operations": NaN,
        "Tax Provision": NaN,
        "Pretax Income": NaN,
        "Other Income Expense": NaN,
        "Other Non Operating Income Expenses": NaN,
        "Special Income Charges": NaN,
        "Other Special Charges": NaN,
        "Impairment Of Capital Assets": NaN,
        "Gain On Sale Of Security": NaN,
        "Net Non Operating Interest Income Expense": NaN,
        "Interest Expense Non Operating": NaN,
        "Interest Income Non Operating": NaN,
        "Operating Income": NaN,
        "Operating Expense": NaN,
        "Research And Development": NaN,
        "Selling General And Administration": NaN,
        "General And Administrative Expense": NaN,
        "Other Gand A": NaN,
        "Salaries And Wages": -115800000.0,
        "Gross Profit": NaN,
        "Cost Of Revenue": NaN,
        "Total Revenue": NaN,
        "Operating Revenue": NaN
    },
    "2022-12-31": {
        "Tax Effect Of Unusual Items": NaN,
        "Tax Rate For Calcs": NaN,
        "Normalized EBITDA": NaN,
        "Total Unusual Items": NaN,
        "Total Unusual Items Excluding Goodwill": NaN,
        "Net Income From Continuing Operation Net Minority Interest": NaN,
        "Reconciled Depreciation": NaN,
        "Reconciled Cost Of Revenue": NaN,
        "EBITDA": NaN,
        "EBIT": NaN,
        "Net Interest Income": NaN,
        "Interest Expense": NaN,
        "Interest Income": NaN,
        "Normalized Income": NaN,
        "Net Income From Continuing And Discontinued Operation": NaN,
        "Total Expenses": NaN,
        "Diluted Average Shares": NaN,
        "Basic Average Shares": NaN,
        "Diluted EPS": NaN,
        "Basic EPS": NaN,
        "Diluted NI Availto Com Stockholders": NaN,
        "Net Income Common Stockholders": NaN,
        "Net Income": NaN,
        "Net Income Including Noncontrolling Interests": NaN,
        "Net Income Continuous Operations": NaN,
        "Tax Provision": NaN,
        "Pretax Income": NaN,
        "Other Income Expense": NaN,
        "Other Non Operating Income Expenses": NaN,
        "Special Income Charges": NaN,
        "Other Special Charges": NaN,
        "Write Off": 15100000.0,
        "Impairment Of Capital Assets": NaN,
        "Restructuring And Mergern Acquisition": 23000000.0,
        "Gain On Sale Of Security": NaN,
        "Net Non Operating Interest Income Expense": NaN,
        "Interest Expense Non Operating": NaN,
        "Interest Income Non Operating": NaN,
        "Operating Income": NaN,
        "Operating Expense": NaN,
        "Research And Development": NaN,
        "Selling General And Administration": NaN,
        "General And Administrative Expense": NaN,
        "Other Gand A": NaN,
        "Salaries And Wages": NaN,
        "Gross Profit": NaN,
        "Cost Of Revenue": NaN,
        "Total Revenue": NaN,
        "Operating Revenue": NaN
    },
    "2022-09-30": {
        "Tax Effect Of Unusual Items": NaN,
        "Tax Rate For Calcs": NaN,
        "Normalized EBITDA": NaN,
        "Total Unusual Items": NaN,
        "Total Unusual Items Excluding Goodwill": NaN,
        "Net Income From Continuing Operation Net Minority Interest": NaN,
        "Reconciled Depreciation": NaN,
        "Reconciled Cost Of Revenue": NaN,
        "EBITDA": NaN,
        "EBIT": NaN,
        "Net Interest Income": NaN,
        "Interest Expense": NaN,
        "Interest Income": NaN,
        "Normalized Income": NaN,
        "Net Income From Continuing And Discontinued Operation": NaN,
        "Total Expenses": NaN,
        "Diluted Average Shares": NaN,
        "Basic Average Shares": NaN,
        "Diluted EPS": NaN,
        "Basic EPS": NaN,
        "Diluted NI Availto Com Stockholders": NaN,
        "Net Income Common Stockholders": NaN,
        "Net Income": NaN,
        "Net Income Including Noncontrolling Interests": NaN,
        "Net Income Continuous Operations": NaN,
        "Tax Provision": NaN,
        "Pretax Income": NaN,
        "Other Income Expense": NaN,
        "Other Non Operating Income Expenses": NaN,
        "Special Income Charges": NaN,
        "Other Special Charges": NaN,
        "Write Off": 206500000.0,
        "Impairment Of Capital Assets": 206500000.0,
        "Restructuring And Mergern Acquisition": 0.0,
        "Gain On Sale Of Security": NaN,
        "Net Non Operating Interest Income Expense": NaN,
        "Interest Expense Non Operating": NaN,
        "Interest Income Non Operating": NaN,
        "Operating Income": NaN,
        "Operating Expense": NaN,
        "Research And Development": NaN,
        "Selling General And Administration": NaN,
        "General And Administrative Expense": NaN,
        "Other Gand A": NaN,
        "Salaries And Wages": NaN,
        "Gross Profit": NaN,
        "Cost Of Revenue": NaN,
        "Total Revenue": NaN,
        "Operating Revenue": NaN
    },
    "2022-06-30": {
        "Tax Effect Of Unusual Items": -71031100.0,
        "Tax Rate For Calcs": 0.127,
        "Normalized EBITDA": 2080300000.0,
        "Total Unusual Items": -559300000.0,
        "Total Unusual Items Excluding Goodwill": -559300000.0,
        "Net Income From Continuing Operation Net Minority Interest": 952500000.0,
        "Reconciled Depreciation": 348900000.0,
        "Reconciled Cost Of Revenue": 1430500000.0,
        "EBITDA": 1521000000.0,
        "EBIT": 1172100000.0,
        "Net Interest Income": -71000000.0,
        "Interest Expense": 81200000.0,
        "Interest Income": 10200000.0,
        "Normalized Income": 1440768900.0,
        "Net Income From Continuing And Discontinued Operation": 952500000.0,
        "Total Expenses": 4837500000.0,
        "Total Operating Income As Reported": NaN,
        "Diluted Average Shares": 902900000.0,
        "Basic Average Shares": 900300000.0,
        "Diluted EPS": 1.05,
        "Basic EPS": 1.06,
        "Diluted NI Availto Com Stockholders": 952500000.0,
        "Net Income Common Stockholders": 952500000.0,
        "Net Income": 952500000.0,
        "Net Income Including Noncontrolling Interests": 952500000.0,
        "Net Income Continuous Operations": 952500000.0,
        "Tax Provision": 138400000.0,
        "Pretax Income": 1090900000.0,
        "Other Income Expense": -488600000.0,
        "Other Non Operating Income Expenses": 70700000.0,
        "Special Income Charges": -440400000.0,
        "Other Special Charges": 440400000.0,
        "Write Off": 0.0,
        "Impairment Of Capital Assets": NaN,
        "Restructuring And Mergern Acquisition": 0.0,
        "Gain On Sale Of Security": -118900000.0,
        "Net Non Operating Interest Income Expense": -71000000.0,
        "Total Other Finance Cost": NaN,
        "Interest Expense Non Operating": 81200000.0,
        "Interest Income Non Operating": 10200000.0,
        "Operating Income": 1650500000.0,
        "Operating Expense": 3407000000.0,
        "Research And Development": 1781900000.0,
        "Selling General And Administration": 1625100000.0,
        "General And Administrative Expense": 1530800000.0,
        "Other Gand A": 1625100000.0,
        "Salaries And Wages": -94300000.0,
        "Gross Profit": 5057500000.0,
        "Cost Of Revenue": 1430500000.0,
        "Total Revenue": 6488000000.0,
        "Operating Revenue": 6488000000.0
    },
    "2022-03-31": {
        "Diluted EPS": 2.1,
        "Total Revenue": NaN,
        "Gross Profit": NaN,
        "Operating Income": NaN,
        "EBIT": NaN,
        "Net Income": NaN
    },
    "2021-12-31": {
        "Diluted EPS": 1.88,
        "Total Revenue": NaN,
        "Gross Profit": NaN,
        "Operating Income": NaN,
        "EBIT": NaN,
        "Net Income": NaN
    },
    "2021-09-30": {
        "Diluted EPS": 1.22,
        "Total Revenue": NaN,
        "Gross Profit": NaN,
        "Operating Income": NaN,
        "EBIT": NaN,
        "Net Income": NaN
    },
    "2021-06-30": {
        "Diluted EPS": 1.53,
        "Total Revenue": NaN,
        "Gross Profit": NaN,
        "Operating Income": NaN,
        "EBIT": NaN,
        "Net Income": NaN
    },
    "2021-03-31": {
        "Diluted EPS": 1.49,
        "Total Revenue": NaN,
        "Gross Profit": NaN,
        "Operating Income": NaN,
        "EBIT": NaN,
        "Net Income": NaN
    },
    "2020-12-31": {
        "Diluted EPS": 2.31,
        "Total Revenue": NaN,
        "Gross Profit": NaN,
        "Operating Income": NaN,
        "EBIT": NaN,
        "Net Income": NaN
    },
    "2020-09-30": {
        "Diluted EPS": 1.33,
        "Total Revenue": NaN,
        "Gross Profit": NaN,
        "Operating Income": NaN,
        "EBIT": NaN,
        "Net Income": NaN
    },
    "2020-06-30": {
        "Diluted EPS": 1.55,
        "Total Revenue": NaN,
        "Gross Profit": NaN,
        "Operating Income": NaN,
        "EBIT": NaN,
        "Net Income": NaN
    },
    "2020-03-31": {
        "Diluted EPS": 1.6,
        "Total Revenue": NaN,
        "Gross Profit": NaN,
        "Operating Income": NaN,
        "EBIT": NaN,
        "Net Income": NaN
    },
    "2019-12-31": {
        "Diluted EPS": 1.77,
        "Total Revenue": NaN,
        "Gross Profit": NaN,
        "Operating Income": NaN,
        "EBIT": NaN,
        "Net Income": NaN
    },
    "2019-09-30": {
        "Diluted EPS": 1.37,
        "Total Revenue": NaN,
        "Gross Profit": NaN,
        "Operating Income": NaN,
        "EBIT": NaN,
        "Net Income": NaN
    },
    "2019-06-30": {
        "Diluted EPS": 1.44,
        "Total Revenue": NaN,
        "Gross Profit": NaN,
        "Operating Income": NaN,
        "EBIT": NaN,
        "Net Income": NaN
    },
    "2019-03-31": {
        "Diluted EPS": 4.31,
        "Total Revenue": NaN,
        "Gross Profit": NaN,
        "Operating Income": 645,
        "EBIT": NaN,
        "Net Income": NaN
    },
    "2018-12-31": {
        "Diluted EPS": 1.1,
        "Total Revenue": NaN,
        "Gross Profit": NaN,
        "Operating Income": 900,
        "EBIT": NaN,
        "Net Income": NaN
    },
    "2018-09-30": {
        "Diluted EPS": 1.12,
        "Total Revenue": NaN,
        "Gross Profit": NaN,
        "Operating Income": NaN,
        "EBIT": NaN,
        "Net Income": NaN
    },
    "2018-06-30": {
        "Diluted EPS": -0.25,
        "Total Revenue": NaN,
        "Gross Profit": NaN,
        "Operating Income": -5,
        "EBIT": 420,
        "Net Income": -260
    },
    "2018-03-31": {
        "Diluted EPS": 1.16,
        "Total Revenue": NaN,
        "Gross Profit": NaN,
        "Operating Income": NaN,
        "EBIT": NaN,
        "Net Income": NaN
    },
    "2017-12-31": {
        "Diluted EPS": -1.57,
        "Total Revenue": NaN,
        "Gross Profit": NaN,
        "Operating Income": 279,
        "EBIT": 691,
        "Net Income": NaN
    },
    "2017-09-30": {
        "Diluted EPS": 0.53,
        "Total Revenue": NaN,
        "Gross Profit": NaN,
        "Operating Income": 542,
        "EBIT": 915,
        "Net Income": 556
    },
    "2017-06-30": {
        "Diluted EPS": 0.95,
        "Total Revenue": NaN,
        "Gross Profit": NaN,
        "Operating Income": NaN,
        "EBIT": NaN,
        "Net Income": NaN
    },
    "2017-03-31": {
        "Diluted EPS": -0.1,
        "Total Revenue": NaN,
        "Gross Profit": NaN,
        "Operating Income": -17,
        "EBIT": 370,
        "Net Income": -111
    },
    "2016-12-31": {
        "Diluted EPS": 0.73,
        "Total Revenue": NaN,
        "Gross Profit": NaN,
        "Operating Income": 679,
        "EBIT": NaN,
        "Net Income": 772
    },
    "2016-09-30": {
        "Diluted EPS": 0.73,
        "Total Revenue": NaN,
        "Gross Profit": NaN,
        "Operating Income": 944,
        "EBIT": NaN,
        "Net Income": 778
    },
    "2016-06-30": {
        "Diluted EPS": 0.71,
        "Total Revenue": NaN,
        "Gross Profit": NaN,
        "Operating Income": 923,
        "EBIT": NaN,
        "Net Income": 748
    },
    "2016-03-31": {
        "Diluted EPS": 0.41,
        "Total Revenue": NaN,
        "Gross Profit": NaN,
        "Operating Income": 716,
        "EBIT": NaN,
        "Net Income": 440
    },
    "2015-12-31": {
        "Diluted EPS": 0.45,
        "Total Revenue": NaN,
        "Gross Profit": NaN,
        "Operating Income": 328,
        "EBIT": 671,
        "Net Income": 478
    },
    "2015-09-30": {
        "Diluted EPS": 0.75,
        "Total Revenue": NaN,
        "Gross Profit": NaN,
        "Operating Income": 961,
        "EBIT": NaN,
        "Net Income": 800
    },
    "2015-06-30": {
        "Diluted EPS": 0.56,
        "Total Revenue": NaN,
        "Gross Profit": NaN,
        "Operating Income": 875,
        "EBIT": NaN,
        "Net Income": 601
    },
    "2015-03-31": {
        "Diluted EPS": 0.5,
        "Total Revenue": NaN,
        "Gross Profit": NaN,
        "Operating Income": 525,
        "EBIT": 883,
        "Net Income": 530
    },
    "2014-12-31": {
        "Diluted EPS": 0.4,
        "Total Revenue": NaN,
        "Gross Profit": NaN,
        "Operating Income": 309,
        "EBIT": 648,
        "Net Income": 429
    },
    "2014-09-30": {
        "Diluted EPS": 0.47,
        "Total Revenue": NaN,
        "Gross Profit": NaN,
        "Operating Income": 598,
        "EBIT": 941,
        "Net Income": 501
    },
    "2014-06-30": {
        "Diluted EPS": 0.68,
        "Total Revenue": NaN,
        "Gross Profit": NaN,
        "Operating Income": 887,
        "EBIT": NaN,
        "Net Income": 734
    },
    "2014-03-31": {
        "Diluted EPS": 0.68,
        "Total Revenue": NaN,
        "Gross Profit": NaN,
        "Operating Income": 866,
        "EBIT": NaN,
        "Net Income": 728
    },
    "2013-12-31": {
        "Diluted EPS": 0.68,
        "Total Revenue": NaN,
        "Gross Profit": NaN,
        "Operating Income": 879,
        "EBIT": NaN,
        "Net Income": 728
    },
    "2013-09-30": {
        "Diluted EPS": 1.11,
        "Total Revenue": NaN,
        "Gross Profit": NaN,
        "Operating Income": NaN,
        "EBIT": NaN,
        "Net Income": NaN
    },
    "2013-06-30": {
        "Diluted EPS": 1.11,
        "Total Revenue": NaN,
        "Gross Profit": NaN,
        "Operating Income": NaN,
        "EBIT": NaN,
        "Net Income": NaN
    },
    "2013-03-31": {
        "Diluted EPS": 1.42,
        "Total Revenue": NaN,
        "Gross Profit": NaN,
        "Operating Income": NaN,
        "EBIT": NaN,
        "Net Income": NaN
    },
    "2012-12-31": {
        "Diluted EPS": 0.74,
        "Total Revenue": NaN,
        "Gross Profit": NaN,
        "Operating Income": NaN,
        "EBIT": NaN,
        "Net Income": 827
    },
    "2012-09-30": {
        "Diluted EPS": 1.18,
        "Total Revenue": NaN,
        "Gross Profit": NaN,
        "Operating Income": NaN,
        "EBIT": NaN,
        "Net Income": NaN
    },
    "2012-06-30": {
        "Diluted EPS": 0.83,
        "Total Revenue": NaN,
        "Gross Profit": NaN,
        "Operating Income": NaN,
        "EBIT": NaN,
        "Net Income": 924
    },
    "2012-03-31": {
        "Diluted EPS": 0.91,
        "Total Revenue": NaN,
        "Gross Profit": NaN,
        "Operating Income": NaN,
        "EBIT": NaN,
        "Net Income": NaN
    },
    "2011-12-31": {
        "Diluted EPS": 0.77,
        "Total Revenue": NaN,
        "Gross Profit": NaN,
        "Operating Income": 992,
        "EBIT": NaN,
        "Net Income": 858
    },
    "2011-09-30": {
        "Diluted EPS": 1.11,
        "Total Revenue": NaN,
        "Gross Profit": NaN,
        "Operating Income": NaN,
        "EBIT": NaN,
        "Net Income": NaN
    },
    "2011-06-30": {
        "Diluted EPS": 1.07,
        "Total Revenue": NaN,
        "Gross Profit": NaN,
        "Operating Income": NaN,
        "EBIT": NaN,
        "Net Income": NaN
    },
    "2011-03-31": {
        "Diluted EPS": 0.95,
        "Total Revenue": NaN,
        "Gross Profit": NaN,
        "Operating Income": NaN,
        "EBIT": NaN,
        "Net Income": NaN
    },
    "2010-12-31": {
        "Diluted EPS": 1.05,
        "Total Revenue": NaN,
        "Gross Profit": NaN,
        "Operating Income": NaN,
        "EBIT": NaN,
        "Net Income": NaN
    },
    "2010-09-30": {
        "Diluted EPS": 1.18,
        "Total Revenue": NaN,
        "Gross Profit": NaN,
        "Operating Income": NaN,
        "EBIT": NaN,
        "Net Income": NaN
    },
    "2010-06-30": {
        "Diluted EPS": 1.22,
        "Total Revenue": NaN,
        "Gross Profit": NaN,
        "Operating Income": NaN,
        "EBIT": NaN,
        "Net Income": NaN
    },
    "2010-03-31": {
        "Diluted EPS": 1.13,
        "Total Revenue": NaN,
        "Gross Profit": NaN,
        "Operating Income": NaN,
        "EBIT": NaN,
        "Net Income": NaN
    },
    "2009-12-31": {
        "Diluted EPS": 0.82,
        "Total Revenue": NaN,
        "Gross Profit": NaN,
        "Operating Income": 550,
        "EBIT": 926,
        "Net Income": 915
    },
    "2009-09-30": {
        "Diluted EPS": 0.86,
        "Total Revenue": NaN,
        "Gross Profit": NaN,
        "Operating Income": NaN,
        "EBIT": NaN,
        "Net Income": 942
    },
    "2009-06-30": {
        "Diluted EPS": 1.06,
        "Total Revenue": NaN,
        "Gross Profit": NaN,
        "Operating Income": NaN,
        "EBIT": NaN,
        "Net Income": NaN
    },
    "2009-03-31": {
        "Diluted EPS": 1.2,
        "Total Revenue": NaN,
        "Gross Profit": NaN,
        "Operating Income": NaN,
        "EBIT": NaN,
        "Net Income": NaN
    },
    "2023-06-30": {
        "Tax Effect Of Unusual Items": NaN,
        "Tax Rate For Calcs": NaN,
        "Normalized EBITDA": NaN,
        "Total Unusual Items": NaN,
        "Total Unusual Items Excluding Goodwill": NaN,
        "Net Income From Continuing Operation Net Minority Interest": NaN,
        "Reconciled Depreciation": NaN,
        "Reconciled Cost Of Revenue": NaN,
        "EBITDA": NaN,
        "EBIT": NaN,
        "Net Interest Income": NaN,
        "Interest Expense": NaN,
        "Interest Income": NaN,
        "Normalized Income": NaN,
        "Net Income From Continuing And Discontinued Operation": NaN,
        "Total Expenses": NaN,
        "Diluted Average Shares": NaN,
        "Basic Average Shares": NaN,
        "Diluted EPS": NaN,
        "Basic EPS": NaN,
        "Diluted NI Availto Com Stockholders": NaN,
        "Net Income Common Stockholders": NaN,
        "Net Income": NaN,
        "Net Income Including Noncontrolling Interests": NaN,
        "Net Income Continuous Operations": NaN,
        "Tax Provision": NaN,
        "Pretax Income": NaN,
        "Other Income Expense": NaN,
        "Other Non Operating Income Expenses": NaN,
        "Special Income Charges": NaN,
        "Other Special Charges": NaN,
        "Impairment Of Capital Assets": 0.0,
        "Gain On Sale Of Security": NaN,
        "Net Non Operating Interest Income Expense": NaN,
        "Interest Expense Non Operating": NaN,
        "Interest Income Non Operating": NaN,
        "Operating Income": NaN,
        "Operating Expense": NaN,
        "Research And Development": NaN,
        "Selling General And Administration": NaN,
        "General And Administrative Expense": NaN,
        "Other Gand A": NaN,
        "Salaries And Wages": -115600000.0,
        "Gross Profit": NaN,
        "Cost Of Revenue": NaN,
        "Total Revenue": NaN,
        "Operating Revenue": NaN
    },
    "2023-09-30": {
        "Tax Effect Of Unusual Items": -637980000.0,
        "Tax Rate For Calcs": 0.21,
        "Normalized EBITDA": 4000800000.0,
        "Total Unusual Items": -3038000000.0,
        "Total Unusual Items Excluding Goodwill": -3038000000.0,
        "Net Income From Continuing Operation Net Minority Interest": -57400000.0,
        "Reconciled Depreciation": 411000000.0,
        "Reconciled Cost Of Revenue": 1860100000.0,
        "EBITDA": 962800000.0,
        "EBIT": 551800000.0,
        "Net Interest Income": -75700000.0,
        "Interest Expense": 124600000.0,
        "Interest Income": 48900000.0,
        "Normalized Income": 2342620000.0,
        "Net Income From Continuing And Discontinued Operation": -57400000.0,
        "Total Expenses": 6073100000.0,
        "Diluted Average Shares": 949303000.0,
        "Basic Average Shares": 949303000.0,
        "Diluted EPS": -0.060465,
        "Basic EPS": -0.060465,
        "Diluted NI Availto Com Stockholders": -57400000.0,
        "Net Income Common Stockholders": -57400000.0,
        "Net Income": -57400000.0,
        "Net Income Including Noncontrolling Interests": -57400000.0,
        "Net Income Continuous Operations": -57400000.0,
        "Tax Provision": 484600000.0,
        "Pretax Income": 427200000.0,
        "Other Income Expense": -2922600000.0,
        "Other Non Operating Income Expenses": 115400000.0,
        "Special Income Charges": -2975100000.0,
        "Other Special Charges": 2975100000.0,
        "Impairment Of Capital Assets": 0.0,
        "Gain On Sale Of Security": -62900000.0,
        "Net Non Operating Interest Income Expense": -75700000.0,
        "Interest Expense Non Operating": 124600000.0,
        "Interest Income Non Operating": 48900000.0,
        "Operating Income": 3425500000.0,
        "Operating Expense": 4213000000.0,
        "Research And Development": 2409100000.0,
        "Selling General And Administration": 1803900000.0,
        "General And Administrative Expense": 1803900000.0,
        "Other Gand A": 1803900000.0,
        "Salaries And Wages": -115500000.0,
        "Gross Profit": 7638500000.0,
        "Cost Of Revenue": 1860100000.0,
        "Total Revenue": 9498600000.0,
        "Operating Revenue": 9498600000.0
    },
    "2023-12-31": {
        "Tax Effect Of Unusual Items": -72372409.119898,
        "Tax Rate For Calcs": 0.127192,
        "Normalized EBITDA": 3603700000.0,
        "Total Unusual Items": -569000000.0,
        "Total Unusual Items Excluding Goodwill": -569000000.0,
        "Net Income From Continuing Operation Net Minority Interest": 2189700000.0,
        "Reconciled Depreciation": 387700000.0,
        "Reconciled Cost Of Revenue": 1788000000.0,
        "EBITDA": 3034700000.0,
        "EBIT": 2647000000.0,
        "Net Interest Income": -93700000.0,
        "Interest Expense": 138200000.0,
        "Interest Income": 44500000.0,
        "Normalized Income": 2686327590.880102,
        "Net Income From Continuing And Discontinued Operation": 2189700000.0,
        "Total Expenses": 5813400000.0,
        "Diluted Average Shares": 903980000.0,
        "Basic Average Shares": 899379000.0,
        "Diluted EPS": 2.42,
        "Basic EPS": 2.434569,
        "Diluted NI Availto Com Stockholders": 2189700000.0,
        "Net Income Common Stockholders": 2189700000.0,
        "Net Income": 2189700000.0,
        "Net Income Including Noncontrolling Interests": 2189700000.0,
        "Net Income Continuous Operations": 2189700000.0,
        "Tax Provision": 319100000.0,
        "Pretax Income": 2508800000.0,
        "Other Income Expense": -937500000.0,
        "Other Non Operating Income Expenses": -368500000.0,
        "Special Income Charges": -690300000.0,
        "Other Special Charges": 622600000.0,
        "Impairment Of Capital Assets": NaN,
        "Gain On Sale Of Security": 121300000.0,
        "Net Non Operating Interest Income Expense": -93700000.0,
        "Interest Expense Non Operating": 138200000.0,
        "Interest Income Non Operating": 44500000.0,
        "Operating Income": 3540000000.0,
        "Operating Expense": 4025400000.0,
        "Research And Development": 2562700000.0,
        "Selling General And Administration": 1462700000.0,
        "General And Administrative Expense": 1462700000.0,
        "Other Gand A": 1924600000.0,
        "Salaries And Wages": NaN,
        "Gross Profit": 7565400000.0,
        "Cost Of Revenue": 1788000000.0,
        "Total Revenue": 9353400000.0,
        "Operating Revenue": 9353400000.0
    },
    "2024-03-31": {
        "Tax Effect Of Unusual Items": -10962000.0,
        "Tax Rate For Calcs": 0.116,
        "Normalized EBITDA": 3210800000.0,
        "Total Unusual Items": -94500000.0,
        "Total Unusual Items Excluding Goodwill": -94500000.0,
        "Net Income From Continuing Operation Net Minority Interest": 2242900000.0,
        "Reconciled Depreciation": 400600000.0,
        "Reconciled Cost Of Revenue": 1673500000.0,
        "EBITDA": 3116300000.0,
        "EBIT": 2715700000.0,
        "Net Interest Income": -133800000.0,
        "Interest Expense": 179600000.0,
        "Interest Income": 45800000.0,
        "Normalized Income": 2326438000.0,
        "Net Income From Continuing And Discontinued Operation": 2242900000.0,
        "Total Expenses": 6032400000.0,
        "Diluted Average Shares": 903800000.0,
        "Basic Average Shares": 900800000.0,
        "Diluted EPS": 2.48,
        "Basic EPS": 2.49,
        "Diluted NI Availto Com Stockholders": 2242900000.0,
        "Net Income Common Stockholders": 2242900000.0,
        "Net Income": 2242900000.0,
        "Net Income Including Noncontrolling Interests": 2242900000.0,
        "Net Income Continuous Operations": 2242900000.0,
        "Tax Provision": 293200000.0,
        "Pretax Income": 2536100000.0,
        "Other Income Expense": -65700000.0,
        "Other Non Operating Income Expenses": 28800000.0,
        "Special Income Charges": -110500000.0,
        "Other Special Charges": 110500000.0,
        "Impairment Of Capital Assets": NaN,
        "Gain On Sale Of Security": 16000000.0,
        "Net Non Operating Interest Income Expense": -133800000.0,
        "Interest Expense Non Operating": 179600000.0,
        "Interest Income Non Operating": 45800000.0,
        "Operating Income": 2735600000.0,
        "Operating Expense": 4358900000.0,
        "Research And Development": 2522800000.0,
        "Selling General And Administration": 1836100000.0,
        "General And Administrative Expense": 1836100000.0,
        "Other Gand A": 1952200000.0,
        "Salaries And Wages": -116100000.0,
        "Gross Profit": 7094500000.0,
        "Cost Of Revenue": 1673500000.0,
        "Total Revenue": 8768000000.0,
        "Operating Revenue": 8768000000.0
    },
    "2024-06-30": {
        "Tax Effect Of Unusual Items": -116563200.0,
        "Tax Rate For Calcs": 0.156,
        "Normalized EBITDA": 4862400000.0,
        "Total Unusual Items": -747200000.0,
        "Total Unusual Items Excluding Goodwill": -747200000.0,
        "Net Income From Continuing Operation Net Minority Interest": 2967000000.0,
        "Reconciled Depreciation": 414400000.0,
        "Reconciled Cost Of Revenue": 2170200000.0,
        "EBITDA": 4115200000.0,
        "EBIT": 3700800000.0,
        "Net Interest Income": -146300000.0,
        "Interest Expense": 183600000.0,
        "Interest Income": 37300000.0,
        "Normalized Income": 3597636800.0,
        "Net Income From Continuing And Discontinued Operation": 2967000000.0,
        "Total Expenses": 6884300000.0,
        "Diluted Average Shares": 904200000.0,
        "Basic Average Shares": 900900000.0,
        "Diluted EPS": 3.28,
        "Basic EPS": 3.29,
        "Diluted NI Availto Com Stockholders": 2967000000.0,
        "Net Income Common Stockholders": 2967000000.0,
        "Net Income": 2967000000.0,
        "Net Income Including Noncontrolling Interests": 2967000000.0,
        "Net Income Continuous Operations": 2967000000.0,
        "Tax Provision": 550200000.0,
        "Pretax Income": 3517200000.0,
        "Other Income Expense": -755000000.0,
        "Other Non Operating Income Expenses": -7800000.0,
        "Special Income Charges": -589300000.0,
        "Other Special Charges": 154300000.0,
        "Impairment Of Capital Assets": 435000000.0,
        "Gain On Sale Of Security": -157900000.0,
        "Net Non Operating Interest Income Expense": -146300000.0,
        "Interest Expense Non Operating": 183600000.0,
        "Interest Income Non Operating": 37300000.0,
        "Operating Income": 4418500000.0,
        "Operating Expense": 4714100000.0,
        "Research And Development": 2711200000.0,
        "Selling General And Administration": 2002900000.0,
        "General And Administrative Expense": 2002900000.0,
        "Other Gand A": 2117300000.0,
        "Salaries And Wages": -114400000.0,
        "Gross Profit": 9132600000.0,
        "Cost Of Revenue": 2170200000.0,
        "Total Revenue": 11302800000.0,
        "Operating Revenue": 11302800000.0
    },
    "2024-09-30": {
        "Tax Effect Of Unusual Items": -1087488400.0,
        "Tax Rate For Calcs": 0.389,
        "Normalized EBITDA": 5043500000.0,
        "Total Unusual Items": -2795600000.0,
        "Total Unusual Items Excluding Goodwill": -2795600000.0,
        "Net Income From Continuing Operation Net Minority Interest": 970300000.0,
        "Reconciled Depreciation": 466800000.0,
        "Reconciled Cost Of Revenue": 2170800000.0,
        "EBITDA": 2247900000.0,
        "EBIT": 1781100000.0,
        "Net Interest Income": -144900000.0,
        "Interest Expense": 192700000.0,
        "Interest Income": 47800000.0,
        "Normalized Income": 2678411600.0,
        "Net Income From Continuing And Discontinued Operation": 970300000.0,
        "Total Expenses": 7004700000.0,
        "Diluted Average Shares": 905000000.0,
        "Basic Average Shares": 901000000.0,
        "Diluted EPS": 1.07,
        "Basic EPS": 1.08,
        "Diluted NI Availto Com Stockholders": 970300000.0,
        "Net Income Common Stockholders": 970300000.0,
        "Net Income": 970300000.0,
        "Net Income Including Noncontrolling Interests": 970300000.0,
        "Net Income Continuous Operations": 970300000.0,
        "Tax Provision": 618100000.0,
        "Pretax Income": 1588400000.0,
        "Other Income Expense": -2701100000.0,
        "Other Non Operating Income Expenses": 94500000.0,
        "Special Income Charges": -2908000000.0,
        "Other Special Charges": 2826400000.0,
        "Impairment Of Capital Assets": 81600000.0,
        "Gain On Sale Of Security": 112400000.0,
        "Net Non Operating Interest Income Expense": -144900000.0,
        "Interest Expense Non Operating": 192700000.0,
        "Interest Income Non Operating": 47800000.0,
        "Operating Income": 4434400000.0,
        "Operating Expense": 4833900000.0,
        "Research And Development": 2734100000.0,
        "Selling General And Administration": 2099800000.0,
        "General And Administrative Expense": 2099800000.0,
        "Other Gand A": 2099800000.0,
        "Salaries And Wages": NaN,
        "Gross Profit": 9268300000.0,
        "Cost Of Revenue": 2170800000.0,
        "Total Revenue": 11439100000.0,
        "Operating Revenue": 11439100000.0
    }
}