{
    "2023-03-31": {
        "Tax Effect Of Unusual Items": NaN,
        "Tax Rate For Calcs": NaN,
        "Normalized EBITDA": NaN,
        "Total Unusual Items": NaN,
        "Total Unusual Items Excluding Goodwill": NaN,
        "Net Income From Continuing Operation Net Minority Interest": NaN,
        "Reconciled Depreciation": NaN,
        "Reconciled Cost Of Revenue": NaN,
        "EBITDA": NaN,
        "EBIT": NaN,
        "Normalized Income": NaN,
        "Net Income From Continuing And Discontinued Operation": NaN,
        "Total Expenses": NaN,
        "Total Operating Income As Reported": NaN,
        "Diluted Average Shares": 10716000.0,
        "Basic Average Shares": 10716000.0,
        "Diluted EPS": -0.4,
        "Basic EPS": -0.4,
        "Diluted NI Availto Com Stockholders": NaN,
        "Average Dilution Earnings": NaN,
        "Net Income Common Stockholders": NaN,
        "Otherunder Preferred Stock Dividend": NaN,
        "Net Income": NaN,
        "Net Income Including Noncontrolling Interests": NaN,
        "Net Income Continuous Operations": NaN,
        "Pretax Income": NaN,
        "Other Income Expense": NaN,
        "Other Non Operating Income Expenses": NaN,
        "Special Income Charges": NaN,
        "Impairment Of Capital Assets": NaN,
        "Gain On Sale Of Security": NaN,
        "Operating Income": NaN,
        "Operating Expense": NaN,
        "Depreciation Amortization Depletion Income Statement": NaN,
        "Depreciation And Amortization In Income Statement": NaN,
        "Amortization": NaN,
        "Amortization Of Intangibles Income Statement": NaN,
        "Research And Development": NaN,
        "Selling General And Administration": NaN,
        "Gross Profit": NaN,
        "Cost Of Revenue": NaN,
        "Total Revenue": NaN,
        "Operating Revenue": NaN
    },
    "2022-12-31": {
        "Tax Effect Of Unusual Items": NaN,
        "Tax Rate For Calcs": NaN,
        "Normalized EBITDA": NaN,
        "Total Unusual Items": NaN,
        "Total Unusual Items Excluding Goodwill": NaN,
        "Net Income From Continuing Operation Net Minority Interest": NaN,
        "Reconciled Depreciation": NaN,
        "Reconciled Cost Of Revenue": NaN,
        "EBITDA": NaN,
        "EBIT": NaN,
        "Normalized Income": NaN,
        "Net Income From Continuing And Discontinued Operation": NaN,
        "Total Expenses": NaN,
        "Total Operating Income As Reported": NaN,
        "Diluted Average Shares": 10364000.0,
        "Basic Average Shares": 10364000.0,
        "Diluted EPS": -0.24,
        "Basic EPS": -0.24,
        "Diluted NI Availto Com Stockholders": NaN,
        "Average Dilution Earnings": NaN,
        "Net Income Common Stockholders": NaN,
        "Otherunder Preferred Stock Dividend": NaN,
        "Net Income": NaN,
        "Net Income Including Noncontrolling Interests": NaN,
        "Net Income Continuous Operations": NaN,
        "Pretax Income": NaN,
        "Other Income Expense": NaN,
        "Other Non Operating Income Expenses": NaN,
        "Gain On Sale Of Security": NaN,
        "Operating Income": NaN,
        "Operating Expense": NaN,
        "Depreciation Amortization Depletion Income Statement": NaN,
        "Depreciation And Amortization In Income Statement": NaN,
        "Amortization": NaN,
        "Amortization Of Intangibles Income Statement": NaN,
        "Research And Development": NaN,
        "Selling General And Administration": NaN,
        "Gross Profit": NaN,
        "Cost Of Revenue": NaN,
        "Total Revenue": NaN,
        "Operating Revenue": NaN
    },
    "2022-09-30": {
        "Tax Effect Of Unusual Items": NaN,
        "Tax Rate For Calcs": NaN,
        "Normalized EBITDA": NaN,
        "Total Unusual Items": NaN,
        "Total Unusual Items Excluding Goodwill": NaN,
        "Net Income From Continuing Operation Net Minority Interest": NaN,
        "Reconciled Depreciation": NaN,
        "Reconciled Cost Of Revenue": NaN,
        "EBITDA": NaN,
        "EBIT": NaN,
        "Normalized Income": NaN,
        "Net Income From Continuing And Discontinued Operation": NaN,
        "Total Expenses": NaN,
        "Total Operating Income As Reported": NaN,
        "Diluted Average Shares": NaN,
        "Basic Average Shares": NaN,
        "Diluted EPS": NaN,
        "Basic EPS": NaN,
        "Diluted NI Availto Com Stockholders": NaN,
        "Average Dilution Earnings": 0.0,
        "Net Income Common Stockholders": NaN,
        "Otherunder Preferred Stock Dividend": 0.0,
        "Net Income": NaN,
        "Net Income Including Noncontrolling Interests": NaN,
        "Net Income Continuous Operations": NaN,
        "Pretax Income": NaN,
        "Other Income Expense": NaN,
        "Other Non Operating Income Expenses": NaN,
        "Gain On Sale Of Security": NaN,
        "Operating Income": NaN,
        "Operating Expense": NaN,
        "Depreciation Amortization Depletion Income Statement": NaN,
        "Depreciation And Amortization In Income Statement": NaN,
        "Amortization": NaN,
        "Amortization Of Intangibles Income Statement": NaN,
        "Research And Development": NaN,
        "Selling General And Administration": NaN,
        "Gross Profit": NaN,
        "Cost Of Revenue": NaN,
        "Total Revenue": NaN,
        "Operating Revenue": NaN
    },
    "2022-06-30": {
        "Tax Effect Of Unusual Items": 0.0,
        "Tax Rate For Calcs": 0.0,
        "Normalized EBITDA": -6511000.0,
        "Total Unusual Items": NaN,
        "Total Unusual Items Excluding Goodwill": NaN,
        "Net Income From Continuing Operation Net Minority Interest": -6759000.0,
        "Reconciled Depreciation": 287000.0,
        "Reconciled Cost Of Revenue": 3146000.0,
        "EBITDA": -6511000.0,
        "EBIT": -6798000.0,
        "Normalized Income": -6759000.0,
        "Net Income From Continuing And Discontinued Operation": -6759000.0,
        "Total Expenses": 14836000.0,
        "Total Operating Income As Reported": -6798000.0,
        "Diluted Average Shares": 10073000.0,
        "Basic Average Shares": 10073000.0,
        "Diluted EPS": -0.67,
        "Basic EPS": -0.67,
        "Diluted NI Availto Com Stockholders": -6759000.0,
        "Net Income Common Stockholders": -6759000.0,
        "Net Income": -6759000.0,
        "Net Income Including Noncontrolling Interests": -6759000.0,
        "Net Income Continuous Operations": -6759000.0,
        "Pretax Income": -6759000.0,
        "Other Income Expense": 39000.0,
        "Other Non Operating Income Expenses": 39000.0,
        "Gain On Sale Of Security": NaN,
        "Operating Income": -6798000.0,
        "Operating Expense": 11690000.0,
        "Depreciation Amortization Depletion Income Statement": 287000.0,
        "Depreciation And Amortization In Income Statement": 287000.0,
        "Amortization": 287000.0,
        "Amortization Of Intangibles Income Statement": 287000.0,
        "Research And Development": 3834000.0,
        "Selling General And Administration": 7569000.0,
        "Gross Profit": 4892000.0,
        "Cost Of Revenue": 3146000.0,
        "Total Revenue": 8038000.0,
        "Operating Revenue": 8038000.0
    },
    "2022-03-31": {
        "Diluted EPS": -0.67,
        "Total Revenue": 9,
        "Gross Profit": 5,
        "Operating Income": -7,
        "EBIT": -6,
        "Net Income": -7
    },
    "2021-12-31": {
        "Diluted EPS": -0.41,
        "Total Revenue": 11,
        "Gross Profit": 6,
        "Operating Income": -4,
        "EBIT": -3,
        "Net Income": -4
    },
    "2021-09-30": {
        "Diluted EPS": -0.65,
        "Total Revenue": 8,
        "Gross Profit": 4,
        "Operating Income": -6,
        "EBIT": -5,
        "Net Income": -6
    },
    "2021-06-30": {
        "Diluted EPS": -0.47,
        "Total Revenue": 8,
        "Gross Profit": 4,
        "Operating Income": -4,
        "EBIT": -4,
        "Net Income": -4
    },
    "2021-03-31": {
        "Diluted EPS": -0.56,
        "Total Revenue": 7,
        "Gross Profit": 4,
        "Operating Income": -5,
        "EBIT": -5,
        "Net Income": -5
    },
    "2020-12-31": {
        "Diluted EPS": 4.0,
        "Total Revenue": 8,
        "Gross Profit": 5,
        "Operating Income": -7,
        "EBIT": -6,
        "Net Income": -7
    },
    "2020-09-30": {
        "Diluted EPS": -0.64,
        "Total Revenue": 7,
        "Gross Profit": 4,
        "Operating Income": -5,
        "EBIT": -4,
        "Net Income": -5
    },
    "2020-06-30": {
        "Diluted EPS": -4.2,
        "Total Revenue": 5,
        "Gross Profit": 2,
        "Operating Income": -4,
        "EBIT": -3,
        "Net Income": -4
    },
    "2020-03-31": {
        "Diluted EPS": -3.44,
        "Total Revenue": 6,
        "Gross Profit": 4,
        "Operating Income": -3,
        "EBIT": -2,
        "Net Income": -4
    },
    "2019-12-31": {
        "Diluted EPS": 0.0,
        "Total Revenue": NaN,
        "Gross Profit": NaN,
        "Operating Income": NaN,
        "EBIT": NaN,
        "Net Income": NaN
    },
    "2019-09-30": {
        "Diluted EPS": -5.44,
        "Total Revenue": 8,
        "Gross Profit": 3,
        "Operating Income": -5,
        "EBIT": -5,
        "Net Income": -6
    },
    "2018-12-31": {
        "Diluted EPS": 0.0,
        "Total Revenue": NaN,
        "Gross Profit": NaN,
        "Operating Income": NaN,
        "EBIT": NaN,
        "Net Income": NaN
    },
    "2023-06-30": {
        "Tax Effect Of Unusual Items": 0.0,
        "Tax Rate For Calcs": 0.0,
        "Normalized EBITDA": 3985000.0,
        "Total Unusual Items": -5997000.0,
        "Total Unusual Items Excluding Goodwill": -5997000.0,
        "Net Income From Continuing Operation Net Minority Interest": -8753000.0,
        "Reconciled Depreciation": 855000.0,
        "Reconciled Cost Of Revenue": 4671000.0,
        "EBITDA": -2012000.0,
        "EBIT": -2867000.0,
        "Normalized Income": -2756000.0,
        "Net Income From Continuing And Discontinued Operation": -8753000.0,
        "Total Expenses": 14879000.0,
        "Total Operating Income As Reported": -2867000.0,
        "Diluted Average Shares": 10820000.0,
        "Basic Average Shares": 10820000.0,
        "Diluted EPS": -0.81,
        "Basic EPS": -0.81,
        "Diluted NI Availto Com Stockholders": -8753000.0,
        "Average Dilution Earnings": NaN,
        "Net Income Common Stockholders": -8753000.0,
        "Otherunder Preferred Stock Dividend": NaN,
        "Net Income": -8753000.0,
        "Net Income Including Noncontrolling Interests": -8753000.0,
        "Net Income Continuous Operations": -8753000.0,
        "Pretax Income": -8753000.0,
        "Other Income Expense": -5886000.0,
        "Other Non Operating Income Expenses": 111000.0,
        "Special Income Charges": 0.0,
        "Impairment Of Capital Assets": 0.0,
        "Gain On Sale Of Security": -5997000.0,
        "Operating Income": -2867000.0,
        "Operating Expense": 9628000.0,
        "Depreciation Amortization Depletion Income Statement": 275000.0,
        "Depreciation And Amortization In Income Statement": 275000.0,
        "Amortization": 275000.0,
        "Amortization Of Intangibles Income Statement": 275000.0,
        "Research And Development": 1499000.0,
        "Selling General And Administration": 7854000.0,
        "Gross Profit": 6761000.0,
        "Cost Of Revenue": 5251000.0,
        "Total Revenue": 12012000.0,
        "Operating Revenue": 12012000.0
    },
    "2023-09-30": {
        "Tax Effect Of Unusual Items": 912030.0,
        "Tax Rate For Calcs": 0.21,
        "Normalized EBITDA": -5501000.0,
        "Total Unusual Items": 4343000.0,
        "Total Unusual Items Excluding Goodwill": 4343000.0,
        "Net Income From Continuing Operation Net Minority Interest": 2568000.0,
        "Reconciled Depreciation": 882000.0,
        "Reconciled Cost Of Revenue": 4309000.0,
        "EBITDA": -1158000.0,
        "EBIT": -2040000.0,
        "Normalized Income": -862970.0,
        "Net Income From Continuing And Discontinued Operation": 2568000.0,
        "Total Expenses": 11835000.0,
        "Total Operating Income As Reported": -2040000.0,
        "Diluted Average Shares": 11956000.0,
        "Basic Average Shares": 11102000.0,
        "Diluted EPS": -0.23,
        "Basic EPS": 0.13,
        "Diluted NI Availto Com Stockholders": -2800000.0,
        "Average Dilution Earnings": -4233000.0,
        "Net Income Common Stockholders": 1433000.0,
        "Otherunder Preferred Stock Dividend": 1135000.0,
        "Net Income": 2568000.0,
        "Net Income Including Noncontrolling Interests": 2568000.0,
        "Net Income Continuous Operations": 2568000.0,
        "Pretax Income": 2568000.0,
        "Other Income Expense": 4608000.0,
        "Other Non Operating Income Expenses": 265000.0,
        "Special Income Charges": NaN,
        "Impairment Of Capital Assets": NaN,
        "Gain On Sale Of Security": 4343000.0,
        "Operating Income": -2040000.0,
        "Operating Expense": 6917000.0,
        "Depreciation Amortization Depletion Income Statement": 273000.0,
        "Depreciation And Amortization In Income Statement": 273000.0,
        "Amortization": 273000.0,
        "Amortization Of Intangibles Income Statement": 273000.0,
        "Research And Development": 1527000.0,
        "Selling General And Administration": 5117000.0,
        "Gross Profit": 4877000.0,
        "Cost Of Revenue": 4918000.0,
        "Total Revenue": 9795000.0,
        "Operating Revenue": 9795000.0
    },
    "2023-12-31": {
        "Tax Effect Of Unusual Items": 0.0,
        "Tax Rate For Calcs": 0.0,
        "Normalized EBITDA": -839000.0,
        "Total Unusual Items": -1198000.0,
        "Total Unusual Items Excluding Goodwill": -1198000.0,
        "Net Income From Continuing Operation Net Minority Interest": -3926000.0,
        "Reconciled Depreciation": 924000.0,
        "Reconciled Cost Of Revenue": 6305000.0,
        "EBITDA": -2037000.0,
        "EBIT": -2961000.0,
        "Normalized Income": -2728000.0,
        "Net Income From Continuing And Discontinued Operation": -3926000.0,
        "Total Expenses": 15066000.0,
        "Total Operating Income As Reported": -2961000.0,
        "Diluted Average Shares": NaN,
        "Basic Average Shares": NaN,
        "Diluted EPS": NaN,
        "Basic EPS": NaN,
        "Diluted NI Availto Com Stockholders": -3926000.0,
        "Average Dilution Earnings": NaN,
        "Net Income Common Stockholders": -3926000.0,
        "Otherunder Preferred Stock Dividend": NaN,
        "Net Income": -3926000.0,
        "Net Income Including Noncontrolling Interests": -3926000.0,
        "Net Income Continuous Operations": -3926000.0,
        "Pretax Income": -3926000.0,
        "Other Income Expense": -965000.0,
        "Other Non Operating Income Expenses": 233000.0,
        "Special Income Charges": NaN,
        "Impairment Of Capital Assets": NaN,
        "Gain On Sale Of Security": -1198000.0,
        "Operating Income": -2961000.0,
        "Operating Expense": 8110000.0,
        "Depreciation Amortization Depletion Income Statement": 273000.0,
        "Depreciation And Amortization In Income Statement": 273000.0,
        "Amortization": 273000.0,
        "Amortization Of Intangibles Income Statement": 273000.0,
        "Research And Development": 1463000.0,
        "Selling General And Administration": 6374000.0,
        "Gross Profit": 5149000.0,
        "Cost Of Revenue": 6956000.0,
        "Total Revenue": 12105000.0,
        "Operating Revenue": 12105000.0
    },
    "2024-03-31": {
        "Tax Effect Of Unusual Items": 0.0,
        "Tax Rate For Calcs": 0.0,
        "Normalized EBITDA": -2424000.0,
        "Total Unusual Items": 495000.0,
        "Total Unusual Items Excluding Goodwill": 495000.0,
        "Net Income From Continuing Operation Net Minority Interest": -2157000.0,
        "Reconciled Depreciation": 921000.0,
        "Reconciled Cost Of Revenue": 4277000.0,
        "EBITDA": -1929000.0,
        "EBIT": -2850000.0,
        "Normalized Income": -2652000.0,
        "Net Income From Continuing And Discontinued Operation": -2157000.0,
        "Total Expenses": 13438000.0,
        "Total Operating Income As Reported": -2850000.0,
        "Diluted Average Shares": 11387000.0,
        "Basic Average Shares": 11387000.0,
        "Diluted EPS": -0.19,
        "Basic EPS": -0.19,
        "Diluted NI Availto Com Stockholders": -2157000.0,
        "Average Dilution Earnings": NaN,
        "Net Income Common Stockholders": -2157000.0,
        "Otherunder Preferred Stock Dividend": NaN,
        "Net Income": -2157000.0,
        "Net Income Including Noncontrolling Interests": -2157000.0,
        "Net Income Continuous Operations": -2157000.0,
        "Pretax Income": -2157000.0,
        "Other Income Expense": 693000.0,
        "Other Non Operating Income Expenses": 198000.0,
        "Special Income Charges": NaN,
        "Impairment Of Capital Assets": NaN,
        "Gain On Sale Of Security": 495000.0,
        "Operating Income": -2850000.0,
        "Operating Expense": 8514000.0,
        "Depreciation Amortization Depletion Income Statement": 274000.0,
        "Depreciation And Amortization In Income Statement": 274000.0,
        "Amortization": 274000.0,
        "Amortization Of Intangibles Income Statement": 274000.0,
        "Research And Development": 1444000.0,
        "Selling General And Administration": 6796000.0,
        "Gross Profit": 5664000.0,
        "Cost Of Revenue": 4924000.0,
        "Total Revenue": 10588000.0,
        "Operating Revenue": 10588000.0
    },
    "2024-06-30": {
        "Tax Effect Of Unusual Items": 0.0,
        "Tax Rate For Calcs": 0.0,
        "Normalized EBITDA": 6999000.0,
        "Total Unusual Items": -7652000.0,
        "Total Unusual Items Excluding Goodwill": -7652000.0,
        "Net Income From Continuing Operation Net Minority Interest": -9043000.0,
        "Reconciled Depreciation": 898000.0,
        "Reconciled Cost Of Revenue": 5157000.0,
        "EBITDA": -653000.0,
        "EBIT": -1551000.0,
        "Normalized Income": -1391000.0,
        "Net Income From Continuing And Discontinued Operation": -9043000.0,
        "Total Expenses": 14187000.0,
        "Total Operating Income As Reported": -5280000.0,
        "Diluted Average Shares": 11451000.0,
        "Basic Average Shares": 11451000.0,
        "Diluted EPS": -0.79,
        "Basic EPS": -0.79,
        "Diluted NI Availto Com Stockholders": -9043000.0,
        "Average Dilution Earnings": NaN,
        "Net Income Common Stockholders": -9043000.0,
        "Otherunder Preferred Stock Dividend": NaN,
        "Net Income": -9043000.0,
        "Net Income Including Noncontrolling Interests": -9043000.0,
        "Net Income Continuous Operations": -9043000.0,
        "Pretax Income": -9043000.0,
        "Other Income Expense": -7492000.0,
        "Other Non Operating Income Expenses": 160000.0,
        "Special Income Charges": -3729000.0,
        "Impairment Of Capital Assets": 3729000.0,
        "Gain On Sale Of Security": -3923000.0,
        "Operating Income": -1551000.0,
        "Operating Expense": 8364000.0,
        "Depreciation Amortization Depletion Income Statement": 232000.0,
        "Depreciation And Amortization In Income Statement": 232000.0,
        "Amortization": 232000.0,
        "Amortization Of Intangibles Income Statement": 232000.0,
        "Research And Development": 1348000.0,
        "Selling General And Administration": 6784000.0,
        "Gross Profit": 6813000.0,
        "Cost Of Revenue": 5823000.0,
        "Total Revenue": 12636000.0,
        "Operating Revenue": 12636000.0
    }
}