{
    "2023-03-31": {
        "Tax Effect Of Unusual Items": 0.0,
        "Tax Rate For Calcs": 0.0,
        "Normalized EBITDA": -15770000.0,
        "Total Unusual Items": NaN,
        "Total Unusual Items Excluding Goodwill": NaN,
        "Net Income From Continuing Operation Net Minority Interest": -23527000.0,
        "Reconciled Depreciation": 3458000.0,
        "Reconciled Cost Of Revenue": 6419000.0,
        "EBITDA": -15770000.0,
        "EBIT": -19228000.0,
        "Net Interest Income": -4299000.0,
        "Interest Expense": 4299000.0,
        "Normalized Income": -23527000.0,
        "Net Income From Continuing And Discontinued Operation": -23527000.0,
        "Total Expenses": 25976000.0,
        "Total Operating Income As Reported": -19278000.0,
        "Diluted Average Shares": 7727866.0,
        "Basic Average Shares": 7727866.0,
        "Diluted EPS": -3.04,
        "Basic EPS": -3.04,
        "Diluted NI Availto Com Stockholders": -23527000.0,
        "Net Income Common Stockholders": -23527000.0,
        "Net Income": -23527000.0,
        "Net Income Including Noncontrolling Interests": -23527000.0,
        "Net Income Continuous Operations": -23527000.0,
        "Pretax Income": -23527000.0,
        "Other Income Expense": 50000.0,
        "Other Non Operating Income Expenses": 50000.0,
        "Gain On Sale Of Security": NaN,
        "Net Non Operating Interest Income Expense": -4299000.0,
        "Interest Expense Non Operating": 4299000.0,
        "Operating Income": -19278000.0,
        "Operating Expense": 19557000.0,
        "Research And Development": 3576000.0,
        "Selling General And Administration": 15981000.0,
        "General And Administrative Expense": NaN,
        "Other Gand A": NaN,
        "Salaries And Wages": NaN,
        "Gross Profit": 279000.0,
        "Cost Of Revenue": 6419000.0,
        "Total Revenue": 6698000.0,
        "Operating Revenue": 6698000.0
    },
    "2022-12-31": {
        "Tax Effect Of Unusual Items": 0.0,
        "Tax Rate For Calcs": 0.0,
        "Normalized EBITDA": -18462000.0,
        "Total Unusual Items": NaN,
        "Total Unusual Items Excluding Goodwill": NaN,
        "Net Income From Continuing Operation Net Minority Interest": -26532000.0,
        "Reconciled Depreciation": 3598000.0,
        "Reconciled Cost Of Revenue": 5724000.0,
        "EBITDA": -18462000.0,
        "EBIT": -22060000.0,
        "Net Interest Income": -4472000.0,
        "Interest Expense": 4472000.0,
        "Normalized Income": -26532000.0,
        "Net Income From Continuing And Discontinued Operation": -26532000.0,
        "Total Expenses": 28791000.0,
        "Total Operating Income As Reported": -22153000.0,
        "Diluted Average Shares": 6882867.0,
        "Basic Average Shares": 6882867.0,
        "Diluted EPS": -3.9,
        "Basic EPS": -3.9,
        "Diluted NI Availto Com Stockholders": -26532000.0,
        "Net Income Common Stockholders": -26532000.0,
        "Net Income": -26532000.0,
        "Net Income Including Noncontrolling Interests": -26532000.0,
        "Net Income Continuous Operations": -26532000.0,
        "Pretax Income": -26532000.0,
        "Other Income Expense": 93000.0,
        "Other Non Operating Income Expenses": 93000.0,
        "Gain On Sale Of Security": NaN,
        "Net Non Operating Interest Income Expense": -4472000.0,
        "Interest Expense Non Operating": 4472000.0,
        "Operating Income": -22153000.0,
        "Operating Expense": 23067000.0,
        "Research And Development": 5126000.0,
        "Selling General And Administration": 17941000.0,
        "General And Administrative Expense": NaN,
        "Other Gand A": NaN,
        "Salaries And Wages": NaN,
        "Gross Profit": 914000.0,
        "Cost Of Revenue": 5724000.0,
        "Total Revenue": 6638000.0,
        "Operating Revenue": 6638000.0
    },
    "2022-09-30": {
        "Tax Effect Of Unusual Items": 0.0,
        "Tax Rate For Calcs": 0.0,
        "Normalized EBITDA": -21950000.0,
        "Total Unusual Items": NaN,
        "Total Unusual Items Excluding Goodwill": NaN,
        "Net Income From Continuing Operation Net Minority Interest": -27104000.0,
        "Reconciled Depreciation": 2907000.0,
        "Reconciled Cost Of Revenue": 5015000.0,
        "EBITDA": -21950000.0,
        "EBIT": -21950000.0,
        "Net Interest Income": -5154000.0,
        "Interest Expense": 5154000.0,
        "Normalized Income": -27104000.0,
        "Net Income From Continuing And Discontinued Operation": -27104000.0,
        "Total Expenses": 28273000.0,
        "Total Operating Income As Reported": -21988000.0,
        "Diluted Average Shares": 6865001.0,
        "Basic Average Shares": 6865001.0,
        "Diluted EPS": -3.9,
        "Basic EPS": -3.9,
        "Diluted NI Availto Com Stockholders": -27104000.0,
        "Net Income Common Stockholders": -27104000.0,
        "Net Income": -27104000.0,
        "Net Income Including Noncontrolling Interests": -27104000.0,
        "Net Income Continuous Operations": -27104000.0,
        "Pretax Income": -27104000.0,
        "Other Income Expense": 38000.0,
        "Other Non Operating Income Expenses": 38000.0,
        "Gain On Sale Of Security": NaN,
        "Net Non Operating Interest Income Expense": -5154000.0,
        "Interest Expense Non Operating": 5154000.0,
        "Operating Income": -21988000.0,
        "Operating Expense": 23258000.0,
        "Research And Development": 3019000.0,
        "Selling General And Administration": 20239000.0,
        "General And Administrative Expense": NaN,
        "Other Gand A": NaN,
        "Salaries And Wages": NaN,
        "Gross Profit": 1270000.0,
        "Cost Of Revenue": 5015000.0,
        "Total Revenue": 6285000.0,
        "Operating Revenue": 6285000.0
    },
    "2022-06-30": {
        "Tax Effect Of Unusual Items": 0.0,
        "Tax Rate For Calcs": 0.0,
        "Normalized EBITDA": -22817000.0,
        "Total Unusual Items": NaN,
        "Total Unusual Items Excluding Goodwill": NaN,
        "Net Income From Continuing Operation Net Minority Interest": -31663000.0,
        "Reconciled Depreciation": 3381000.0,
        "Reconciled Cost Of Revenue": 6281000.0,
        "EBITDA": -22817000.0,
        "EBIT": -26198000.0,
        "Net Interest Income": -5465000.0,
        "Interest Expense": 5465000.0,
        "Normalized Income": -31663000.0,
        "Net Income From Continuing And Discontinued Operation": -31663000.0,
        "Total Expenses": 32495000.0,
        "Total Operating Income As Reported": -26226000.0,
        "Diluted Average Shares": 6815947.0,
        "Basic Average Shares": 6815947.0,
        "Diluted EPS": -4.65,
        "Basic EPS": -4.65,
        "Diluted NI Availto Com Stockholders": -31663000.0,
        "Net Income Common Stockholders": -31663000.0,
        "Net Income": -31663000.0,
        "Net Income Including Noncontrolling Interests": -31663000.0,
        "Net Income Continuous Operations": -31663000.0,
        "Pretax Income": -31663000.0,
        "Other Income Expense": 28000.0,
        "Other Non Operating Income Expenses": 28000.0,
        "Gain On Sale Of Security": NaN,
        "Net Non Operating Interest Income Expense": -5465000.0,
        "Interest Expense Non Operating": 5465000.0,
        "Operating Income": -26226000.0,
        "Operating Expense": 26214000.0,
        "Research And Development": 3073000.0,
        "Selling General And Administration": 23141000.0,
        "General And Administrative Expense": NaN,
        "Other Gand A": NaN,
        "Salaries And Wages": NaN,
        "Gross Profit": -12000.0,
        "Cost Of Revenue": 6281000.0,
        "Total Revenue": 6269000.0,
        "Operating Revenue": 6269000.0
    },
    "2022-03-31": {
        "Diluted EPS": -4.16,
        "Total Revenue": 0,
        "Gross Profit": 0,
        "Operating Income": -24,
        "EBIT": -23,
        "Net Income": -26
    },
    "2021-12-31": {
        "Diluted EPS": -6.5,
        "Total Revenue": 0,
        "Gross Profit": 0,
        "Operating Income": -27,
        "EBIT": -27,
        "Net Income": -28
    },
    "2021-09-30": {
        "Diluted EPS": -2.86,
        "Total Revenue": 0,
        "Gross Profit": 0,
        "Operating Income": -6,
        "EBIT": -4,
        "Net Income": -11
    },
    "2021-06-30": {
        "Diluted EPS": -1.95,
        "Total Revenue": 0,
        "Gross Profit": 0,
        "Operating Income": -4,
        "EBIT": -3,
        "Net Income": -8
    },
    "2021-03-31": {
        "Diluted EPS": -2.47,
        "Total Revenue": 0,
        "Gross Profit": 0,
        "Operating Income": -9,
        "EBIT": -9,
        "Net Income": -9
    },
    "2020-12-31": {
        "Diluted EPS": 0.0,
        "Total Revenue": NaN,
        "Gross Profit": NaN,
        "Operating Income": NaN,
        "EBIT": NaN,
        "Net Income": NaN
    },
    "2023-06-30": {
        "Tax Effect Of Unusual Items": NaN,
        "Tax Rate For Calcs": NaN,
        "Normalized EBITDA": NaN,
        "Total Unusual Items": NaN,
        "Total Unusual Items Excluding Goodwill": NaN,
        "Net Income From Continuing Operation Net Minority Interest": NaN,
        "Reconciled Depreciation": NaN,
        "Reconciled Cost Of Revenue": NaN,
        "EBITDA": NaN,
        "EBIT": NaN,
        "Net Interest Income": NaN,
        "Interest Expense": NaN,
        "Normalized Income": NaN,
        "Net Income From Continuing And Discontinued Operation": NaN,
        "Total Expenses": NaN,
        "Total Operating Income As Reported": NaN,
        "Diluted Average Shares": NaN,
        "Basic Average Shares": NaN,
        "Diluted EPS": NaN,
        "Basic EPS": NaN,
        "Diluted NI Availto Com Stockholders": NaN,
        "Net Income Common Stockholders": NaN,
        "Net Income": NaN,
        "Net Income Including Noncontrolling Interests": NaN,
        "Net Income Continuous Operations": NaN,
        "Pretax Income": NaN,
        "Other Income Expense": NaN,
        "Other Non Operating Income Expenses": NaN,
        "Gain On Sale Of Security": NaN,
        "Net Non Operating Interest Income Expense": NaN,
        "Interest Expense Non Operating": NaN,
        "Operating Income": NaN,
        "Operating Expense": NaN,
        "Research And Development": NaN,
        "Selling General And Administration": NaN,
        "General And Administrative Expense": 16704000.0,
        "Other Gand A": 12854000.0,
        "Salaries And Wages": 3850000.0,
        "Gross Profit": NaN,
        "Cost Of Revenue": NaN,
        "Total Revenue": NaN,
        "Operating Revenue": NaN
    },
    "2023-09-30": {
        "Tax Effect Of Unusual Items": 0.0,
        "Tax Rate For Calcs": 0.0,
        "Normalized EBITDA": -15514000.0,
        "Total Unusual Items": 1766000.0,
        "Total Unusual Items Excluding Goodwill": 1766000.0,
        "Net Income From Continuing Operation Net Minority Interest": -24258000.0,
        "Reconciled Depreciation": 3405000.0,
        "Reconciled Cost Of Revenue": 6405000.0,
        "EBITDA": -13748000.0,
        "EBIT": -17153000.0,
        "Net Interest Income": -7105000.0,
        "Interest Expense": 7105000.0,
        "Normalized Income": -26024000.0,
        "Net Income From Continuing And Discontinued Operation": -24258000.0,
        "Total Expenses": 25812000.0,
        "Total Operating Income As Reported": -19002000.0,
        "Diluted Average Shares": 8019561.0,
        "Basic Average Shares": 8019561.0,
        "Diluted EPS": -3.02,
        "Basic EPS": -3.02,
        "Diluted NI Availto Com Stockholders": -24258000.0,
        "Net Income Common Stockholders": -24258000.0,
        "Net Income": -24258000.0,
        "Net Income Including Noncontrolling Interests": -24258000.0,
        "Net Income Continuous Operations": -24258000.0,
        "Pretax Income": -24258000.0,
        "Other Income Expense": 1849000.0,
        "Other Non Operating Income Expenses": 83000.0,
        "Gain On Sale Of Security": 1766000.0,
        "Net Non Operating Interest Income Expense": -7105000.0,
        "Interest Expense Non Operating": 7105000.0,
        "Operating Income": -19002000.0,
        "Operating Expense": 19407000.0,
        "Research And Development": 5001000.0,
        "Selling General And Administration": 14406000.0,
        "General And Administrative Expense": NaN,
        "Other Gand A": NaN,
        "Salaries And Wages": NaN,
        "Gross Profit": 405000.0,
        "Cost Of Revenue": 6405000.0,
        "Total Revenue": 6810000.0,
        "Operating Revenue": 6810000.0
    },
    "2023-12-31": {
        "Tax Effect Of Unusual Items": 0.0,
        "Tax Rate For Calcs": 0.0,
        "Normalized EBITDA": -17817000.0,
        "Total Unusual Items": -36915000.0,
        "Total Unusual Items Excluding Goodwill": -36915000.0,
        "Net Income From Continuing Operation Net Minority Interest": -65554000.0,
        "Reconciled Depreciation": 2953000.0,
        "Reconciled Cost Of Revenue": 6186000.0,
        "EBITDA": -54732000.0,
        "EBIT": -57685000.0,
        "Net Interest Income": -7869000.0,
        "Interest Expense": 7869000.0,
        "Normalized Income": -28639000.0,
        "Net Income From Continuing And Discontinued Operation": -65554000.0,
        "Total Expenses": 27637000.0,
        "Total Operating Income As Reported": -59252000.0,
        "Diluted Average Shares": 8092866.0,
        "Basic Average Shares": 8092866.0,
        "Diluted EPS": -8.1,
        "Basic EPS": -8.1,
        "Diluted NI Availto Com Stockholders": -65554000.0,
        "Net Income Common Stockholders": -65554000.0,
        "Net Income": -65554000.0,
        "Net Income Including Noncontrolling Interests": -65554000.0,
        "Net Income Continuous Operations": -65554000.0,
        "Pretax Income": -65554000.0,
        "Other Income Expense": -36914000.0,
        "Other Non Operating Income Expenses": 1000.0,
        "Gain On Sale Of Security": 1566000.0,
        "Net Non Operating Interest Income Expense": -7869000.0,
        "Interest Expense Non Operating": 7869000.0,
        "Operating Income": -20771000.0,
        "Operating Expense": 21451000.0,
        "Research And Development": 3983000.0,
        "Selling General And Administration": 17468000.0,
        "General And Administrative Expense": NaN,
        "Other Gand A": NaN,
        "Salaries And Wages": NaN,
        "Gross Profit": 680000.0,
        "Cost Of Revenue": 6186000.0,
        "Total Revenue": 6866000.0,
        "Operating Revenue": 6866000.0
    },
    "2024-03-31": {
        "Tax Effect Of Unusual Items": 0.0,
        "Tax Rate For Calcs": 0.0,
        "Normalized EBITDA": -7034000.0,
        "Total Unusual Items": -4180000.0,
        "Total Unusual Items Excluding Goodwill": -4180000.0,
        "Net Income From Continuing Operation Net Minority Interest": -24050000.0,
        "Reconciled Depreciation": 3228000.0,
        "Reconciled Cost Of Revenue": 7597000.0,
        "EBITDA": -11214000.0,
        "EBIT": -14442000.0,
        "Net Interest Income": -9608000.0,
        "Interest Expense": 9608000.0,
        "Normalized Income": -19870000.0,
        "Net Income From Continuing And Discontinued Operation": -24050000.0,
        "Total Expenses": 18682000.0,
        "Total Operating Income As Reported": -10299000.0,
        "Diluted Average Shares": 8325944.0,
        "Basic Average Shares": 8325944.0,
        "Diluted EPS": -2.89,
        "Basic EPS": -2.89,
        "Diluted NI Availto Com Stockholders": -24050000.0,
        "Net Income Common Stockholders": -24050000.0,
        "Net Income": -24050000.0,
        "Net Income Including Noncontrolling Interests": -24050000.0,
        "Net Income Continuous Operations": -24050000.0,
        "Pretax Income": -24050000.0,
        "Other Income Expense": -4143000.0,
        "Other Non Operating Income Expenses": 37000.0,
        "Gain On Sale Of Security": -4180000.0,
        "Net Non Operating Interest Income Expense": -9608000.0,
        "Interest Expense Non Operating": 9608000.0,
        "Operating Income": -10299000.0,
        "Operating Expense": 11085000.0,
        "Research And Development": 3487000.0,
        "Selling General And Administration": 7598000.0,
        "General And Administrative Expense": NaN,
        "Other Gand A": NaN,
        "Salaries And Wages": NaN,
        "Gross Profit": 786000.0,
        "Cost Of Revenue": 7597000.0,
        "Total Revenue": 8383000.0,
        "Operating Revenue": 8383000.0
    },
    "2024-06-30": {
        "Tax Effect Of Unusual Items": 0.0,
        "Tax Rate For Calcs": 0.0,
        "Normalized EBITDA": -9974000.0,
        "Total Unusual Items": 1096000.0,
        "Total Unusual Items Excluding Goodwill": 1096000.0,
        "Net Income From Continuing Operation Net Minority Interest": -25267000.0,
        "Reconciled Depreciation": 3889000.0,
        "Reconciled Cost Of Revenue": 8092000.0,
        "EBITDA": -8878000.0,
        "EBIT": -12767000.0,
        "Net Interest Income": -12500000.0,
        "Interest Expense": 12500000.0,
        "Normalized Income": -26363000.0,
        "Net Income From Continuing And Discontinued Operation": -25267000.0,
        "Total Expenses": 23307000.0,
        "Total Operating Income As Reported": -13864000.0,
        "Diluted Average Shares": 8411226.0,
        "Basic Average Shares": 8411226.0,
        "Diluted EPS": -3.0,
        "Basic EPS": -3.0,
        "Diluted NI Availto Com Stockholders": -25267000.0,
        "Net Income Common Stockholders": -25267000.0,
        "Net Income": -25267000.0,
        "Net Income Including Noncontrolling Interests": -25267000.0,
        "Net Income Continuous Operations": -25267000.0,
        "Pretax Income": -25267000.0,
        "Other Income Expense": 1097000.0,
        "Other Non Operating Income Expenses": 1000.0,
        "Gain On Sale Of Security": 1096000.0,
        "Net Non Operating Interest Income Expense": -12500000.0,
        "Interest Expense Non Operating": 12500000.0,
        "Operating Income": -13864000.0,
        "Operating Expense": 15215000.0,
        "Research And Development": 4519000.0,
        "Selling General And Administration": 10696000.0,
        "General And Administrative Expense": NaN,
        "Other Gand A": NaN,
        "Salaries And Wages": NaN,
        "Gross Profit": 1351000.0,
        "Cost Of Revenue": 8092000.0,
        "Total Revenue": 9443000.0,
        "Operating Revenue": 9443000.0
    },
    "2024-09-30": {
        "Tax Effect Of Unusual Items": 0.0,
        "Tax Rate For Calcs": 0.0,
        "Normalized EBITDA": -12068000.0,
        "Total Unusual Items": 1921000.0,
        "Total Unusual Items Excluding Goodwill": 1921000.0,
        "Net Income From Continuing Operation Net Minority Interest": -34327000.0,
        "Reconciled Depreciation": 5868000.0,
        "Reconciled Cost Of Revenue": 8829000.0,
        "EBITDA": -10147000.0,
        "EBIT": -16015000.0,
        "Net Interest Income": -18312000.0,
        "Interest Expense": 18312000.0,
        "Normalized Income": -36248000.0,
        "Net Income From Continuing And Discontinued Operation": -34327000.0,
        "Total Expenses": 28273000.0,
        "Total Operating Income As Reported": -18031000.0,
        "Diluted Average Shares": 8568970.0,
        "Basic Average Shares": 8568970.0,
        "Diluted EPS": -4.01,
        "Basic EPS": -4.01,
        "Diluted NI Availto Com Stockholders": -34327000.0,
        "Net Income Common Stockholders": -34327000.0,
        "Net Income": -34327000.0,
        "Net Income Including Noncontrolling Interests": -34327000.0,
        "Net Income Continuous Operations": -34327000.0,
        "Pretax Income": -34327000.0,
        "Other Income Expense": 2016000.0,
        "Other Non Operating Income Expenses": 95000.0,
        "Gain On Sale Of Security": 1921000.0,
        "Net Non Operating Interest Income Expense": -18312000.0,
        "Interest Expense Non Operating": 18312000.0,
        "Operating Income": -18031000.0,
        "Operating Expense": 19444000.0,
        "Research And Development": 7096000.0,
        "Selling General And Administration": 12348000.0,
        "General And Administrative Expense": NaN,
        "Other Gand A": NaN,
        "Salaries And Wages": NaN,
        "Gross Profit": 1413000.0,
        "Cost Of Revenue": 8829000.0,
        "Total Revenue": 10242000.0,
        "Operating Revenue": 10242000.0
    }
}