{
    "2023-05-31": {
        "Tax Effect Of Unusual Items": NaN,
        "Tax Rate For Calcs": NaN,
        "Normalized EBITDA": NaN,
        "Total Unusual Items": NaN,
        "Total Unusual Items Excluding Goodwill": NaN,
        "Net Income From Continuing Operation Net Minority Interest": NaN,
        "Reconciled Depreciation": NaN,
        "EBITDA": NaN,
        "EBIT": NaN,
        "Net Interest Income": NaN,
        "Interest Expense": NaN,
        "Interest Income": NaN,
        "Normalized Income": NaN,
        "Net Income From Continuing And Discontinued Operation": NaN,
        "Total Expenses": NaN,
        "Diluted Average Shares": NaN,
        "Basic Average Shares": NaN,
        "Diluted EPS": NaN,
        "Basic EPS": NaN,
        "Diluted NI Availto Com Stockholders": NaN,
        "Net Income Common Stockholders": NaN,
        "Net Income": NaN,
        "Net Income Including Noncontrolling Interests": NaN,
        "Net Income Continuous Operations": NaN,
        "Pretax Income": NaN,
        "Other Income Expense": NaN,
        "Special Income Charges": NaN,
        "Gain On Sale Of Ppe": NaN,
        "Impairment Of Capital Assets": NaN,
        "Gain On Sale Of Security": NaN,
        "Net Non Operating Interest Income Expense": NaN,
        "Total Other Finance Cost": 16000.0,
        "Interest Expense Non Operating": NaN,
        "Interest Income Non Operating": NaN,
        "Operating Income": NaN,
        "Operating Expense": NaN,
        "Depreciation Amortization Depletion Income Statement": NaN,
        "Depreciation And Amortization In Income Statement": NaN,
        "Amortization": 32000.0,
        "Amortization Of Intangibles Income Statement": 32000.0,
        "Depreciation Income Statement": 101000.0,
        "Research And Development": NaN,
        "Selling General And Administration": NaN,
        "General And Administrative Expense": NaN,
        "Other Gand A": NaN,
        "Insurance And Claims": NaN,
        "Salaries And Wages": NaN,
        "Total Revenue": NaN,
        "Operating Revenue": NaN
    },
    "2023-02-28": {
        "Tax Effect Of Unusual Items": NaN,
        "Tax Rate For Calcs": NaN,
        "Normalized EBITDA": NaN,
        "Total Unusual Items": NaN,
        "Total Unusual Items Excluding Goodwill": NaN,
        "Net Income From Continuing Operation Net Minority Interest": NaN,
        "Reconciled Depreciation": NaN,
        "EBITDA": NaN,
        "EBIT": NaN,
        "Net Interest Income": NaN,
        "Interest Expense": NaN,
        "Interest Income": NaN,
        "Normalized Income": NaN,
        "Net Income From Continuing And Discontinued Operation": NaN,
        "Total Expenses": NaN,
        "Diluted Average Shares": NaN,
        "Basic Average Shares": NaN,
        "Diluted EPS": NaN,
        "Basic EPS": NaN,
        "Diluted NI Availto Com Stockholders": NaN,
        "Net Income Common Stockholders": NaN,
        "Net Income": NaN,
        "Net Income Including Noncontrolling Interests": NaN,
        "Net Income Continuous Operations": NaN,
        "Pretax Income": NaN,
        "Other Income Expense": NaN,
        "Special Income Charges": 9979934.0,
        "Gain On Sale Of Ppe": 9979934.0,
        "Gain On Sale Of Security": NaN,
        "Net Non Operating Interest Income Expense": NaN,
        "Total Other Finance Cost": 11763.0,
        "Interest Expense Non Operating": NaN,
        "Interest Income Non Operating": NaN,
        "Operating Income": NaN,
        "Operating Expense": NaN,
        "Depreciation Amortization Depletion Income Statement": NaN,
        "Depreciation And Amortization In Income Statement": NaN,
        "Amortization": NaN,
        "Amortization Of Intangibles Income Statement": NaN,
        "Depreciation Income Statement": NaN,
        "Research And Development": NaN,
        "Selling General And Administration": NaN,
        "General And Administrative Expense": NaN,
        "Other Gand A": NaN,
        "Insurance And Claims": NaN,
        "Salaries And Wages": NaN,
        "Total Revenue": NaN,
        "Operating Revenue": NaN
    },
    "2022-11-30": {
        "Tax Effect Of Unusual Items": NaN,
        "Tax Rate For Calcs": NaN,
        "Normalized EBITDA": NaN,
        "Total Unusual Items": NaN,
        "Total Unusual Items Excluding Goodwill": NaN,
        "Net Income From Continuing Operation Net Minority Interest": NaN,
        "Reconciled Depreciation": NaN,
        "EBITDA": NaN,
        "EBIT": NaN,
        "Net Interest Income": NaN,
        "Interest Expense": NaN,
        "Interest Income": NaN,
        "Normalized Income": NaN,
        "Net Income From Continuing And Discontinued Operation": NaN,
        "Total Expenses": NaN,
        "Diluted Average Shares": 47416340.0,
        "Basic Average Shares": 47416340.0,
        "Diluted EPS": -0.02,
        "Basic EPS": -0.02,
        "Diluted NI Availto Com Stockholders": NaN,
        "Net Income Common Stockholders": NaN,
        "Net Income": NaN,
        "Net Income Including Noncontrolling Interests": NaN,
        "Net Income Continuous Operations": NaN,
        "Pretax Income": NaN,
        "Other Income Expense": NaN,
        "Special Income Charges": 6704000.0,
        "Gain On Sale Of Ppe": 6704000.0,
        "Gain On Sale Of Security": NaN,
        "Net Non Operating Interest Income Expense": NaN,
        "Total Other Finance Cost": 16404.0,
        "Interest Expense Non Operating": NaN,
        "Interest Income Non Operating": NaN,
        "Operating Income": NaN,
        "Operating Expense": NaN,
        "Depreciation Amortization Depletion Income Statement": NaN,
        "Depreciation And Amortization In Income Statement": NaN,
        "Amortization": NaN,
        "Amortization Of Intangibles Income Statement": NaN,
        "Depreciation Income Statement": NaN,
        "Research And Development": NaN,
        "Selling General And Administration": NaN,
        "General And Administrative Expense": NaN,
        "Other Gand A": NaN,
        "Insurance And Claims": NaN,
        "Salaries And Wages": NaN,
        "Total Revenue": NaN,
        "Operating Revenue": NaN
    },
    "2022-08-31": {
        "Tax Effect Of Unusual Items": NaN,
        "Tax Rate For Calcs": NaN,
        "Normalized EBITDA": NaN,
        "Total Unusual Items": NaN,
        "Total Unusual Items Excluding Goodwill": NaN,
        "Net Income From Continuing Operation Net Minority Interest": NaN,
        "Reconciled Depreciation": NaN,
        "EBITDA": NaN,
        "EBIT": NaN,
        "Net Interest Income": NaN,
        "Interest Expense": NaN,
        "Interest Income": NaN,
        "Normalized Income": NaN,
        "Net Income From Continuing And Discontinued Operation": NaN,
        "Total Expenses": NaN,
        "Diluted Average Shares": 47400709.0,
        "Basic Average Shares": 47400709.0,
        "Diluted EPS": -0.16,
        "Basic EPS": -0.16,
        "Diluted NI Availto Com Stockholders": NaN,
        "Net Income Common Stockholders": NaN,
        "Net Income": NaN,
        "Net Income Including Noncontrolling Interests": NaN,
        "Net Income Continuous Operations": NaN,
        "Pretax Income": NaN,
        "Other Income Expense": NaN,
        "Special Income Charges": NaN,
        "Gain On Sale Of Ppe": NaN,
        "Gain On Sale Of Security": NaN,
        "Net Non Operating Interest Income Expense": NaN,
        "Total Other Finance Cost": 3518.0,
        "Interest Expense Non Operating": NaN,
        "Interest Income Non Operating": NaN,
        "Operating Income": NaN,
        "Operating Expense": NaN,
        "Depreciation Amortization Depletion Income Statement": NaN,
        "Depreciation And Amortization In Income Statement": NaN,
        "Research And Development": NaN,
        "Selling General And Administration": NaN,
        "General And Administrative Expense": NaN,
        "Other Gand A": NaN,
        "Insurance And Claims": NaN,
        "Salaries And Wages": NaN,
        "Total Revenue": NaN,
        "Operating Revenue": NaN
    },
    "2022-05-31": {
        "Tax Effect Of Unusual Items": 0.0,
        "Tax Rate For Calcs": 0.0,
        "Normalized EBITDA": -17825467.0,
        "Total Unusual Items": -2137.0,
        "Total Unusual Items Excluding Goodwill": -2137.0,
        "Net Income From Continuing Operation Net Minority Interest": -18005939.0,
        "Reconciled Depreciation": 138541.0,
        "EBIT": -17966145.0,
        "Net Interest Income": -28136.0,
        "Interest Expense": 39794.0,
        "Interest Income": 13193.0,
        "Normalized Income": -18003802.0,
        "Net Income From Continuing And Discontinued Operation": -18005939.0,
        "Total Expenses": 17975666.0,
        "Diluted Average Shares": 47400571.0,
        "Basic Average Shares": 47400571.0,
        "Diluted EPS": -0.38,
        "Basic EPS": -0.38,
        "Diluted NI Availto Com Stockholders": -18005939.0,
        "Net Income Common Stockholders": -18005939.0,
        "Net Income": -18005939.0,
        "Net Income Including Noncontrolling Interests": -18005939.0,
        "Net Income Continuous Operations": -18005939.0,
        "Pretax Income": -18005939.0,
        "Other Income Expense": -2137.0,
        "Special Income Charges": NaN,
        "Gain On Sale Of Ppe": NaN,
        "Gain On Sale Of Security": -2137.0,
        "Net Non Operating Interest Income Expense": -28136.0,
        "Total Other Finance Cost": 1535.0,
        "Interest Expense Non Operating": 39794.0,
        "Interest Income Non Operating": 13193.0,
        "Operating Income": -17975666.0,
        "Operating Expense": 17975666.0,
        "Depreciation Amortization Depletion Income Statement": 138541.0,
        "Depreciation And Amortization In Income Statement": 138541.0,
        "Research And Development": 6800484.0,
        "Selling General And Administration": 11036641.0,
        "General And Administrative Expense": 11036641.0,
        "Other Gand A": 1149547.0,
        "Insurance And Claims": 1102541.0,
        "Salaries And Wages": 8784553.0,
        "Total Revenue": 0.0,
        "Operating Revenue": 0.0
    },
    "2022-02-28": {
        "Diluted EPS": -0.3,
        "Total Revenue": NaN,
        "Gross Profit": NaN,
        "Operating Income": -13,
        "EBIT": -13,
        "Net Income": -14
    },
    "2021-11-30": {
        "Diluted EPS": -0.21,
        "Total Revenue": NaN,
        "Gross Profit": NaN,
        "Operating Income": -10,
        "EBIT": -10,
        "Net Income": -10
    },
    "2021-08-31": {
        "Diluted EPS": -0.19,
        "Total Revenue": NaN,
        "Gross Profit": NaN,
        "Operating Income": -9,
        "EBIT": -8,
        "Net Income": -8
    },
    "2021-05-31": {
        "Diluted EPS": -0.29,
        "Total Revenue": NaN,
        "Gross Profit": NaN,
        "Operating Income": -12,
        "EBIT": -12,
        "Net Income": -12
    },
    "2021-02-28": {
        "Diluted EPS": -0.32,
        "Total Revenue": NaN,
        "Gross Profit": NaN,
        "Operating Income": -13,
        "EBIT": -13,
        "Net Income": -13
    },
    "2020-11-30": {
        "Diluted EPS": -0.34,
        "Total Revenue": NaN,
        "Gross Profit": NaN,
        "Operating Income": -9,
        "EBIT": -9,
        "Net Income": -14
    },
    "2020-08-31": {
        "Diluted EPS": -0.13,
        "Total Revenue": NaN,
        "Gross Profit": NaN,
        "Operating Income": -5,
        "EBIT": -5,
        "Net Income": -5
    },
    "2020-05-31": {
        "Diluted EPS": -0.1,
        "Total Revenue": NaN,
        "Gross Profit": NaN,
        "Operating Income": -4,
        "EBIT": -3,
        "Net Income": -4
    },
    "2020-02-29": {
        "Diluted EPS": -0.08,
        "Total Revenue": NaN,
        "Gross Profit": NaN,
        "Operating Income": -3,
        "EBIT": -3,
        "Net Income": -4
    },
    "2019-11-30": {
        "Diluted EPS": -0.1,
        "Total Revenue": NaN,
        "Gross Profit": NaN,
        "Operating Income": -3,
        "EBIT": -3,
        "Net Income": -4
    },
    "2019-08-31": {
        "Diluted EPS": -0.09,
        "Total Revenue": NaN,
        "Gross Profit": NaN,
        "Operating Income": -3,
        "EBIT": -3,
        "Net Income": -3
    },
    "2019-05-31": {
        "Diluted EPS": -0.11,
        "Total Revenue": NaN,
        "Gross Profit": NaN,
        "Operating Income": -3,
        "EBIT": -3,
        "Net Income": -4
    },
    "2019-02-28": {
        "Diluted EPS": -0.22,
        "Total Revenue": NaN,
        "Gross Profit": NaN,
        "Operating Income": -7,
        "EBIT": -7,
        "Net Income": -8
    },
    "2018-11-30": {
        "Diluted EPS": -0.09,
        "Total Revenue": NaN,
        "Gross Profit": NaN,
        "Operating Income": -3,
        "EBIT": -3,
        "Net Income": -3
    },
    "2018-08-31": {
        "Diluted EPS": -0.1,
        "Total Revenue": NaN,
        "Gross Profit": NaN,
        "Operating Income": -4,
        "EBIT": -3,
        "Net Income": -4
    },
    "2018-05-31": {
        "Diluted EPS": -0.11,
        "Total Revenue": NaN,
        "Gross Profit": NaN,
        "Operating Income": -4,
        "EBIT": -3,
        "Net Income": -4
    },
    "2018-02-28": {
        "Diluted EPS": -0.11,
        "Total Revenue": NaN,
        "Gross Profit": NaN,
        "Operating Income": -4,
        "EBIT": -4,
        "Net Income": -4
    },
    "2017-11-30": {
        "Diluted EPS": -0.2,
        "Total Revenue": NaN,
        "Gross Profit": NaN,
        "Operating Income": -7,
        "EBIT": -7,
        "Net Income": -7
    },
    "2017-08-31": {
        "Diluted EPS": -0.07,
        "Total Revenue": NaN,
        "Gross Profit": NaN,
        "Operating Income": -2,
        "EBIT": -2,
        "Net Income": -2
    },
    "2017-05-31": {
        "Diluted EPS": -0.05,
        "Total Revenue": NaN,
        "Gross Profit": NaN,
        "Operating Income": -1,
        "EBIT": -1,
        "Net Income": -2
    },
    "2017-02-28": {
        "Diluted EPS": 0.0,
        "Total Revenue": NaN,
        "Gross Profit": NaN,
        "Operating Income": NaN,
        "EBIT": NaN,
        "Net Income": NaN
    },
    "2023-08-31": {
        "Tax Effect Of Unusual Items": NaN,
        "Tax Rate For Calcs": NaN,
        "Normalized EBITDA": NaN,
        "Total Unusual Items": NaN,
        "Total Unusual Items Excluding Goodwill": NaN,
        "Net Income From Continuing Operation Net Minority Interest": NaN,
        "Reconciled Depreciation": NaN,
        "EBITDA": NaN,
        "EBIT": NaN,
        "Net Interest Income": NaN,
        "Interest Expense": NaN,
        "Interest Income": NaN,
        "Normalized Income": NaN,
        "Net Income From Continuing And Discontinued Operation": NaN,
        "Total Expenses": NaN,
        "Diluted Average Shares": 47521187.0,
        "Basic Average Shares": 47521187.0,
        "Diluted EPS": -0.1,
        "Basic EPS": -0.1,
        "Diluted NI Availto Com Stockholders": NaN,
        "Net Income Common Stockholders": NaN,
        "Net Income": NaN,
        "Net Income Including Noncontrolling Interests": NaN,
        "Net Income Continuous Operations": NaN,
        "Pretax Income": NaN,
        "Other Income Expense": NaN,
        "Special Income Charges": NaN,
        "Gain On Sale Of Ppe": NaN,
        "Impairment Of Capital Assets": NaN,
        "Gain On Sale Of Security": NaN,
        "Net Non Operating Interest Income Expense": NaN,
        "Total Other Finance Cost": NaN,
        "Interest Expense Non Operating": NaN,
        "Interest Income Non Operating": NaN,
        "Operating Income": NaN,
        "Operating Expense": NaN,
        "Depreciation Amortization Depletion Income Statement": NaN,
        "Depreciation And Amortization In Income Statement": NaN,
        "Amortization": 35000.0,
        "Amortization Of Intangibles Income Statement": 35000.0,
        "Depreciation Income Statement": 101000.0,
        "Research And Development": NaN,
        "Selling General And Administration": NaN,
        "General And Administrative Expense": NaN,
        "Other Gand A": NaN,
        "Insurance And Claims": NaN,
        "Salaries And Wages": NaN,
        "Total Revenue": NaN,
        "Operating Revenue": NaN
    },
    "2023-11-30": {
        "Tax Effect Of Unusual Items": 0.0,
        "Tax Rate For Calcs": 0.0,
        "Normalized EBITDA": -4098000.0,
        "Total Unusual Items": 28000.0,
        "Total Unusual Items Excluding Goodwill": 28000.0,
        "Net Income From Continuing Operation Net Minority Interest": -4244000.0,
        "Reconciled Depreciation": 132000.0,
        "EBITDA": -4070000.0,
        "EBIT": -4202000.0,
        "Net Interest Income": 124000.0,
        "Interest Expense": 42000.0,
        "Interest Income": 166000.0,
        "Normalized Income": -4272000.0,
        "Net Income From Continuing And Discontinued Operation": -4244000.0,
        "Total Expenses": 4422000.0,
        "Diluted Average Shares": 47523817.0,
        "Basic Average Shares": 47523817.0,
        "Diluted EPS": -0.09,
        "Basic EPS": -0.09,
        "Diluted NI Availto Com Stockholders": -4244000.0,
        "Net Income Common Stockholders": -4244000.0,
        "Net Income": -4244000.0,
        "Net Income Including Noncontrolling Interests": -4244000.0,
        "Net Income Continuous Operations": -4244000.0,
        "Pretax Income": -4244000.0,
        "Other Income Expense": 28000.0,
        "Special Income Charges": 0.0,
        "Gain On Sale Of Ppe": 0.0,
        "Impairment Of Capital Assets": 0.0,
        "Gain On Sale Of Security": 28000.0,
        "Net Non Operating Interest Income Expense": 124000.0,
        "Total Other Finance Cost": NaN,
        "Interest Expense Non Operating": 42000.0,
        "Interest Income Non Operating": 166000.0,
        "Operating Income": -4396000.0,
        "Operating Expense": 4422000.0,
        "Depreciation Amortization Depletion Income Statement": 131000.0,
        "Depreciation And Amortization In Income Statement": 131000.0,
        "Amortization": NaN,
        "Amortization Of Intangibles Income Statement": NaN,
        "Depreciation Income Statement": NaN,
        "Research And Development": 1833000.0,
        "Selling General And Administration": 2458000.0,
        "General And Administrative Expense": 2458000.0,
        "Other Gand A": 978000.0,
        "Insurance And Claims": 645000.0,
        "Salaries And Wages": 835000.0,
        "Total Revenue": 26000.0,
        "Operating Revenue": 26000.0
    },
    "2024-02-29": {
        "Tax Effect Of Unusual Items": 0.0,
        "Tax Rate For Calcs": 0.0,
        "Normalized EBITDA": -4875000.0,
        "Total Unusual Items": -18000.0,
        "Total Unusual Items Excluding Goodwill": -18000.0,
        "Net Income From Continuing Operation Net Minority Interest": -5092000.0,
        "Reconciled Depreciation": 135000.0,
        "EBITDA": -4893000.0,
        "EBIT": -5028000.0,
        "Net Interest Income": 296000.0,
        "Interest Expense": 23000.0,
        "Interest Income": 115000.0,
        "Normalized Income": -5074000.0,
        "Net Income From Continuing And Discontinued Operation": -5092000.0,
        "Total Expenses": 5374000.0,
        "Diluted Average Shares": NaN,
        "Basic Average Shares": NaN,
        "Diluted EPS": NaN,
        "Basic EPS": NaN,
        "Diluted NI Availto Com Stockholders": -5092000.0,
        "Net Income Common Stockholders": -5092000.0,
        "Net Income": -5092000.0,
        "Net Income Including Noncontrolling Interests": -5051000.0,
        "Net Income Continuous Operations": -5051000.0,
        "Pretax Income": -5051000.0,
        "Other Income Expense": -18000.0,
        "Special Income Charges": 0.0,
        "Gain On Sale Of Ppe": 0.0,
        "Impairment Of Capital Assets": NaN,
        "Gain On Sale Of Security": -18000.0,
        "Net Non Operating Interest Income Expense": 296000.0,
        "Total Other Finance Cost": NaN,
        "Interest Expense Non Operating": 23000.0,
        "Interest Income Non Operating": 115000.0,
        "Operating Income": -5329000.0,
        "Operating Expense": 5374000.0,
        "Depreciation Amortization Depletion Income Statement": 135000.0,
        "Depreciation And Amortization In Income Statement": 135000.0,
        "Amortization": NaN,
        "Amortization Of Intangibles Income Statement": NaN,
        "Depreciation Income Statement": NaN,
        "Research And Development": 3018000.0,
        "Selling General And Administration": 2221000.0,
        "General And Administrative Expense": 2221000.0,
        "Other Gand A": 924000.0,
        "Insurance And Claims": 622000.0,
        "Salaries And Wages": 675000.0,
        "Total Revenue": 45000.0,
        "Operating Revenue": 45000.0
    },
    "2024-05-31": {
        "Tax Effect Of Unusual Items": 0.0,
        "Tax Rate For Calcs": 0.0,
        "Normalized EBITDA": -5032000.0,
        "Total Unusual Items": 24000.0,
        "Total Unusual Items Excluding Goodwill": 24000.0,
        "Net Income From Continuing Operation Net Minority Interest": -5189000.0,
        "Reconciled Depreciation": 137000.0,
        "EBITDA": -5008000.0,
        "EBIT": -5145000.0,
        "Net Interest Income": 66000.0,
        "Interest Expense": 44000.0,
        "Interest Income": 126000.0,
        "Normalized Income": -5213000.0,
        "Net Income From Continuing And Discontinued Operation": -5189000.0,
        "Total Expenses": 5285000.0,
        "Diluted Average Shares": 47535413.0,
        "Basic Average Shares": 47535413.0,
        "Diluted EPS": -0.11,
        "Basic EPS": -0.11,
        "Diluted NI Availto Com Stockholders": -5189000.0,
        "Net Income Common Stockholders": -5189000.0,
        "Net Income": -5189000.0,
        "Net Income Including Noncontrolling Interests": -5189000.0,
        "Net Income Continuous Operations": -5189000.0,
        "Pretax Income": -5189000.0,
        "Other Income Expense": 24000.0,
        "Special Income Charges": NaN,
        "Gain On Sale Of Ppe": NaN,
        "Impairment Of Capital Assets": NaN,
        "Gain On Sale Of Security": 24000.0,
        "Net Non Operating Interest Income Expense": 66000.0,
        "Total Other Finance Cost": 16000.0,
        "Interest Expense Non Operating": 44000.0,
        "Interest Income Non Operating": 126000.0,
        "Operating Income": -5279000.0,
        "Operating Expense": 5285000.0,
        "Depreciation Amortization Depletion Income Statement": 137000.0,
        "Depreciation And Amortization In Income Statement": 137000.0,
        "Amortization": 46000.0,
        "Amortization Of Intangibles Income Statement": 46000.0,
        "Depreciation Income Statement": 91000.0,
        "Research And Development": 2237000.0,
        "Selling General And Administration": 2911000.0,
        "General And Administrative Expense": 2911000.0,
        "Other Gand A": 1543000.0,
        "Insurance And Claims": 492000.0,
        "Salaries And Wages": 876000.0,
        "Total Revenue": 6000.0,
        "Operating Revenue": 6000.0
    },
    "2024-08-31": {
        "Tax Effect Of Unusual Items": 0.0,
        "Tax Rate For Calcs": 0.0,
        "Normalized EBITDA": -4511000.0,
        "Total Unusual Items": -80000.0,
        "Total Unusual Items Excluding Goodwill": -80000.0,
        "Net Income From Continuing Operation Net Minority Interest": -4839000.0,
        "Reconciled Depreciation": 129000.0,
        "EBITDA": -4591000.0,
        "EBIT": -4720000.0,
        "Net Interest Income": -113000.0,
        "Interest Expense": 119000.0,
        "Interest Income": 6000.0,
        "Normalized Income": -4759000.0,
        "Net Income From Continuing And Discontinued Operation": -4839000.0,
        "Total Expenses": 4669000.0,
        "Diluted Average Shares": 47573302.0,
        "Basic Average Shares": 47573302.0,
        "Diluted EPS": -0.1,
        "Basic EPS": -0.1,
        "Diluted NI Availto Com Stockholders": -4839000.0,
        "Net Income Common Stockholders": -4839000.0,
        "Net Income": -4839000.0,
        "Net Income Including Noncontrolling Interests": -4839000.0,
        "Net Income Continuous Operations": -4839000.0,
        "Pretax Income": -4839000.0,
        "Other Income Expense": -80000.0,
        "Special Income Charges": NaN,
        "Gain On Sale Of Ppe": NaN,
        "Impairment Of Capital Assets": NaN,
        "Gain On Sale Of Security": -80000.0,
        "Net Non Operating Interest Income Expense": -113000.0,
        "Total Other Finance Cost": NaN,
        "Interest Expense Non Operating": 119000.0,
        "Interest Income Non Operating": 6000.0,
        "Operating Income": -4646000.0,
        "Operating Expense": 4669000.0,
        "Depreciation Amortization Depletion Income Statement": 129000.0,
        "Depreciation And Amortization In Income Statement": 129000.0,
        "Amortization": 50000.0,
        "Amortization Of Intangibles Income Statement": 50000.0,
        "Depreciation Income Statement": 79000.0,
        "Research And Development": 1945000.0,
        "Selling General And Administration": 2595000.0,
        "General And Administrative Expense": 2595000.0,
        "Other Gand A": 1303000.0,
        "Insurance And Claims": 476000.0,
        "Salaries And Wages": 816000.0,
        "Total Revenue": 23000.0,
        "Operating Revenue": 23000.0
    },
    "2024-11-30": {
        "Tax Effect Of Unusual Items": 0.0,
        "Tax Rate For Calcs": 0.0,
        "Normalized EBITDA": -3450000.0,
        "Total Unusual Items": -8220000.0,
        "Total Unusual Items Excluding Goodwill": -8220000.0,
        "Net Income From Continuing Operation Net Minority Interest": -11912000.0,
        "Reconciled Depreciation": 132000.0,
        "EBITDA": -11670000.0,
        "EBIT": -11802000.0,
        "Net Interest Income": -87000.0,
        "Interest Expense": 110000.0,
        "Interest Income": 23000.0,
        "Normalized Income": -3692000.0,
        "Net Income From Continuing And Discontinued Operation": -11912000.0,
        "Total Expenses": 3657000.0,
        "Diluted Average Shares": 47620263.0,
        "Basic Average Shares": 47620263.0,
        "Diluted EPS": -0.25,
        "Basic EPS": -0.25,
        "Diluted NI Availto Com Stockholders": -11912000.0,
        "Net Income Common Stockholders": -11912000.0,
        "Net Income": -11912000.0,
        "Net Income Including Noncontrolling Interests": -11912000.0,
        "Net Income Continuous Operations": -11912000.0,
        "Pretax Income": -11912000.0,
        "Other Income Expense": -8220000.0,
        "Special Income Charges": -8460000.0,
        "Gain On Sale Of Ppe": NaN,
        "Impairment Of Capital Assets": 8460000.0,
        "Gain On Sale Of Security": 240000.0,
        "Net Non Operating Interest Income Expense": -87000.0,
        "Total Other Finance Cost": NaN,
        "Interest Expense Non Operating": 110000.0,
        "Interest Income Non Operating": 23000.0,
        "Operating Income": -3605000.0,
        "Operating Expense": 3657000.0,
        "Depreciation Amortization Depletion Income Statement": 132000.0,
        "Depreciation And Amortization In Income Statement": 132000.0,
        "Amortization": NaN,
        "Amortization Of Intangibles Income Statement": NaN,
        "Depreciation Income Statement": NaN,
        "Research And Development": 1377000.0,
        "Selling General And Administration": 2148000.0,
        "General And Administrative Expense": 2148000.0,
        "Other Gand A": 896000.0,
        "Insurance And Claims": 453000.0,
        "Salaries And Wages": 799000.0,
        "Total Revenue": 52000.0,
        "Operating Revenue": 52000.0
    }
}