{
    "2023-04-30": {
        "Tax Effect Of Unusual Items": 0.0,
        "Tax Rate For Calcs": 0.231,
        "Normalized EBITDA": 3769000000.0,
        "Net Income From Continuing Operation Net Minority Interest": 2260000000.0,
        "Reconciled Depreciation": 465000000.0,
        "Reconciled Cost Of Revenue": 14770000000.0,
        "EBITDA": 3769000000.0,
        "EBIT": 3304000000.0,
        "Net Interest Income": -349000000.0,
        "Interest Expense": 365000000.0,
        "Interest Income": 16000000.0,
        "Normalized Income": 2260000000.0,
        "Net Income From Continuing And Discontinued Operation": 2260000000.0,
        "Total Expenses": 19059000000.0,
        "Total Operating Income As Reported": 3288000000.0,
        "Diluted Average Shares": 597000000.0,
        "Basic Average Shares": 596000000.0,
        "Diluted EPS": 3.77,
        "Basic EPS": 3.78,
        "Diluted NI Availto Com Stockholders": 2254000000.0,
        "Net Income Common Stockholders": 2254000000.0,
        "Otherunder Preferred Stock Dividend": 6000000.0,
        "Net Income": 2260000000.0,
        "Net Income Including Noncontrolling Interests": 2260000000.0,
        "Net Income Continuous Operations": 2260000000.0,
        "Tax Provision": 679000000.0,
        "Pretax Income": 2939000000.0,
        "Net Non Operating Interest Income Expense": -349000000.0,
        "Interest Expense Non Operating": 365000000.0,
        "Interest Income Non Operating": 16000000.0,
        "Operating Income": 3288000000.0,
        "Operating Expense": 4239000000.0,
        "Depreciation Amortization Depletion Income Statement": 415000000.0,
        "Depreciation And Amortization In Income Statement": 415000000.0,
        "Selling General And Administration": 3824000000.0,
        "Gross Profit": 7527000000.0,
        "Cost Of Revenue": 14820000000.0,
        "Total Revenue": 22347000000.0,
        "Operating Revenue": 22100000000.0
    },
    "2023-01-31": {
        "Tax Effect Of Unusual Items": 0.0,
        "Tax Rate For Calcs": 0.307303,
        "Normalized EBITDA": 2192000000.0,
        "Net Income From Continuing Operation Net Minority Interest": 958000000.0,
        "Reconciled Depreciation": 472000000.0,
        "Reconciled Cost Of Revenue": 15137000000.0,
        "EBITDA": 2192000000.0,
        "EBIT": 1720000000.0,
        "Net Interest Income": -321000000.0,
        "Interest Expense": 337000000.0,
        "Interest Income": 16000000.0,
        "Normalized Income": 958000000.0,
        "Net Income From Continuing And Discontinued Operation": 958000000.0,
        "Total Expenses": 20741000000.0,
        "Total Operating Income As Reported": 1704000000.0,
        "Diluted Average Shares": 605000000.0,
        "Basic Average Shares": 603000000.0,
        "Diluted EPS": 1.58,
        "Basic EPS": 1.58,
        "Diluted NI Availto Com Stockholders": 954000000.0,
        "Net Income Common Stockholders": 954000000.0,
        "Otherunder Preferred Stock Dividend": 4000000.0,
        "Net Income": 958000000.0,
        "Net Income Including Noncontrolling Interests": 958000000.0,
        "Net Income Continuous Operations": 958000000.0,
        "Tax Provision": 425000000.0,
        "Pretax Income": 1383000000.0,
        "Net Non Operating Interest Income Expense": -321000000.0,
        "Interest Expense Non Operating": 337000000.0,
        "Interest Income Non Operating": 16000000.0,
        "Operating Income": 1704000000.0,
        "Operating Expense": 5553000000.0,
        "Depreciation Amortization Depletion Income Statement": 421000000.0,
        "Depreciation And Amortization In Income Statement": 421000000.0,
        "Selling General And Administration": 5132000000.0,
        "Gross Profit": 7257000000.0,
        "Cost Of Revenue": 15188000000.0,
        "Total Revenue": 22445000000.0,
        "Operating Revenue": 22006000000.0
    },
    "2022-10-31": {
        "Tax Effect Of Unusual Items": 0.0,
        "Tax Rate For Calcs": 0.21,
        "Normalized EBITDA": 1440000000.0,
        "Net Income From Continuing Operation Net Minority Interest": 154000000.0,
        "Reconciled Depreciation": 502000000.0,
        "Reconciled Cost Of Revenue": 15610000000.0,
        "EBITDA": 1440000000.0,
        "EBIT": 938000000.0,
        "Net Interest Income": -295000000.0,
        "Interest Expense": 309000000.0,
        "Interest Income": 14000000.0,
        "Normalized Income": 154000000.0,
        "Net Income From Continuing And Discontinued Operation": 154000000.0,
        "Total Expenses": 22555000000.0,
        "Total Operating Income As Reported": 924000000.0,
        "Diluted Average Shares": 620000000.0,
        "Basic Average Shares": 618000000.0,
        "Diluted EPS": 0.25,
        "Basic EPS": 0.25,
        "Diluted NI Availto Com Stockholders": 152000000.0,
        "Net Income Common Stockholders": 152000000.0,
        "Otherunder Preferred Stock Dividend": 2000000.0,
        "Net Income": 154000000.0,
        "Net Income Including Noncontrolling Interests": 154000000.0,
        "Net Income Continuous Operations": 154000000.0,
        "Tax Provision": 475000000.0,
        "Pretax Income": 629000000.0,
        "Net Non Operating Interest Income Expense": -295000000.0,
        "Interest Expense Non Operating": 309000000.0,
        "Interest Income Non Operating": 14000000.0,
        "Operating Income": 924000000.0,
        "Operating Expense": 6894000000.0,
        "Depreciation Amortization Depletion Income Statement": 451000000.0,
        "Depreciation And Amortization In Income Statement": 451000000.0,
        "Selling General And Administration": 6443000000.0,
        "Gross Profit": 7818000000.0,
        "Cost Of Revenue": 15661000000.0,
        "Total Revenue": 23479000000.0,
        "Operating Revenue": 23079000000.0
    },
    "2022-07-31": {
        "Tax Effect Of Unusual Items": 0.0,
        "Tax Rate For Calcs": 0.245397,
        "Normalized EBITDA": 4733000000.0,
        "Net Income From Continuing Operation Net Minority Interest": 2992000000.0,
        "Reconciled Depreciation": 504000000.0,
        "Reconciled Cost Of Revenue": 18288000000.0,
        "EBITDA": 4733000000.0,
        "EBIT": 4229000000.0,
        "Net Interest Income": -264000000.0,
        "Interest Expense": 269000000.0,
        "Interest Income": 5000000.0,
        "Normalized Income": 2992000000.0,
        "Net Income From Continuing And Discontinued Operation": 2992000000.0,
        "Total Expenses": 23247000000.0,
        "Total Operating Income As Reported": 4229000000.0,
        "Diluted Average Shares": 639000000.0,
        "Basic Average Shares": 638000000.0,
        "Diluted EPS": 4.67,
        "Basic EPS": 4.68,
        "Diluted NI Availto Com Stockholders": 2983000000.0,
        "Net Income Common Stockholders": 2983000000.0,
        "Otherunder Preferred Stock Dividend": 9000000.0,
        "Net Income": 2992000000.0,
        "Net Income Including Noncontrolling Interests": 2992000000.0,
        "Net Income Continuous Operations": 2992000000.0,
        "Tax Provision": 973000000.0,
        "Pretax Income": 3965000000.0,
        "Net Non Operating Interest Income Expense": -264000000.0,
        "Total Other Finance Cost": 264000000.0,
        "Interest Expense Non Operating": 269000000.0,
        "Interest Income Non Operating": 5000000.0,
        "Operating Income": 4229000000.0,
        "Operating Expense": 4904000000.0,
        "Depreciation Amortization Depletion Income Statement": 449000000.0,
        "Depreciation And Amortization In Income Statement": 449000000.0,
        "Selling General And Administration": 4455000000.0,
        "Gross Profit": 9133000000.0,
        "Cost Of Revenue": 18343000000.0,
        "Total Revenue": 27476000000.0,
        "Operating Revenue": 27476000000.0
    },
    "2022-04-30": {
        "Diluted EPS": 3.51,
        "Total Revenue": NaN,
        "Gross Profit": NaN,
        "Operating Income": NaN,
        "EBIT": NaN,
        "Net Income": NaN
    },
    "2022-01-31": {
        "Diluted EPS": 1.85,
        "Total Revenue": NaN,
        "Gross Profit": NaN,
        "Operating Income": NaN,
        "EBIT": NaN,
        "Net Income": NaN
    },
    "2021-10-31": {
        "Diluted EPS": 2.73,
        "Total Revenue": NaN,
        "Gross Profit": NaN,
        "Operating Income": NaN,
        "EBIT": NaN,
        "Net Income": NaN
    },
    "2021-07-31": {
        "Diluted EPS": 4.25,
        "Total Revenue": NaN,
        "Gross Profit": NaN,
        "Operating Income": NaN,
        "EBIT": NaN,
        "Net Income": NaN
    },
    "2021-04-30": {
        "Diluted EPS": 3.21,
        "Total Revenue": NaN,
        "Gross Profit": NaN,
        "Operating Income": NaN,
        "EBIT": NaN,
        "Net Income": NaN
    },
    "2021-01-31": {
        "Diluted EPS": 1.34,
        "Total Revenue": NaN,
        "Gross Profit": NaN,
        "Operating Income": NaN,
        "EBIT": NaN,
        "Net Income": 973
    },
    "2020-10-31": {
        "Diluted EPS": 0.91,
        "Total Revenue": NaN,
        "Gross Profit": NaN,
        "Operating Income": NaN,
        "EBIT": NaN,
        "Net Income": 689
    },
    "2020-07-31": {
        "Diluted EPS": 3.74,
        "Total Revenue": NaN,
        "Gross Profit": NaN,
        "Operating Income": NaN,
        "EBIT": NaN,
        "Net Income": NaN
    },
    "2020-04-30": {
        "Diluted EPS": 1.76,
        "Total Revenue": NaN,
        "Gross Profit": NaN,
        "Operating Income": NaN,
        "EBIT": NaN,
        "Net Income": NaN
    },
    "2020-01-31": {
        "Diluted EPS": 0.68,
        "Total Revenue": NaN,
        "Gross Profit": NaN,
        "Operating Income": 958,
        "EBIT": NaN,
        "Net Income": 509
    },
    "2019-10-31": {
        "Diluted EPS": 1.36,
        "Total Revenue": NaN,
        "Gross Profit": NaN,
        "Operating Income": NaN,
        "EBIT": NaN,
        "Net Income": NaN
    },
    "2019-07-31": {
        "Diluted EPS": 2.14,
        "Total Revenue": NaN,
        "Gross Profit": NaN,
        "Operating Income": NaN,
        "EBIT": NaN,
        "Net Income": NaN
    },
    "2019-04-30": {
        "Diluted EPS": 1.31,
        "Total Revenue": NaN,
        "Gross Profit": NaN,
        "Operating Income": NaN,
        "EBIT": NaN,
        "Net Income": NaN
    },
    "2019-01-31": {
        "Diluted EPS": -0.99,
        "Total Revenue": NaN,
        "Gross Profit": NaN,
        "Operating Income": -567,
        "EBIT": 786,
        "Net Income": -821
    },
    "2018-10-31": {
        "Diluted EPS": 0.78,
        "Total Revenue": NaN,
        "Gross Profit": NaN,
        "Operating Income": 957,
        "EBIT": NaN,
        "Net Income": 628
    },
    "2018-07-31": {
        "Diluted EPS": 1.86,
        "Total Revenue": NaN,
        "Gross Profit": NaN,
        "Operating Income": NaN,
        "EBIT": NaN,
        "Net Income": NaN
    },
    "2018-04-30": {
        "Diluted EPS": 1.19,
        "Total Revenue": NaN,
        "Gross Profit": NaN,
        "Operating Income": NaN,
        "EBIT": NaN,
        "Net Income": 985
    },
    "2018-01-31": {
        "Diluted EPS": 0.66,
        "Total Revenue": NaN,
        "Gross Profit": NaN,
        "Operating Income": NaN,
        "EBIT": NaN,
        "Net Income": 553
    },
    "2017-10-31": {
        "Diluted EPS": 1.05,
        "Total Revenue": NaN,
        "Gross Profit": NaN,
        "Operating Income": NaN,
        "EBIT": NaN,
        "Net Income": 870
    },
    "2017-07-31": {
        "Diluted EPS": 1.68,
        "Total Revenue": NaN,
        "Gross Profit": NaN,
        "Operating Income": NaN,
        "EBIT": NaN,
        "Net Income": NaN
    },
    "2017-04-30": {
        "Diluted EPS": 0.7,
        "Total Revenue": NaN,
        "Gross Profit": NaN,
        "Operating Income": NaN,
        "EBIT": NaN,
        "Net Income": 600
    },
    "2017-01-31": {
        "Diluted EPS": 0.75,
        "Total Revenue": NaN,
        "Gross Profit": NaN,
        "Operating Income": NaN,
        "EBIT": NaN,
        "Net Income": 646
    },
    "2016-10-31": {
        "Diluted EPS": 0.43,
        "Total Revenue": NaN,
        "Gross Profit": NaN,
        "Operating Income": 939,
        "EBIT": NaN,
        "Net Income": 376
    },
    "2016-07-31": {
        "Diluted EPS": 1.31,
        "Total Revenue": NaN,
        "Gross Profit": NaN,
        "Operating Income": NaN,
        "EBIT": NaN,
        "Net Income": NaN
    },
    "2016-04-30": {
        "Diluted EPS": 0.98,
        "Total Revenue": NaN,
        "Gross Profit": NaN,
        "Operating Income": NaN,
        "EBIT": NaN,
        "Net Income": 880
    },
    "2016-01-31": {
        "Diluted EPS": 0.03,
        "Total Revenue": NaN,
        "Gross Profit": NaN,
        "Operating Income": 847,
        "EBIT": NaN,
        "Net Income": 10
    },
    "2015-10-31": {
        "Diluted EPS": 0.8,
        "Total Revenue": NaN,
        "Gross Profit": NaN,
        "Operating Income": NaN,
        "EBIT": NaN,
        "Net Income": 733
    },
    "2015-07-31": {
        "Diluted EPS": 1.2,
        "Total Revenue": NaN,
        "Gross Profit": NaN,
        "Operating Income": NaN,
        "EBIT": NaN,
        "Net Income": NaN
    },
    "2015-04-30": {
        "Diluted EPS": 0.7,
        "Total Revenue": NaN,
        "Gross Profit": NaN,
        "Operating Income": NaN,
        "EBIT": NaN,
        "Net Income": 670
    },
    "2015-01-31": {
        "Diluted EPS": 0.47,
        "Total Revenue": NaN,
        "Gross Profit": NaN,
        "Operating Income": NaN,
        "EBIT": NaN,
        "Net Income": 447
    },
    "2014-10-31": {
        "Diluted EPS": 0.59,
        "Total Revenue": NaN,
        "Gross Profit": NaN,
        "Operating Income": 954,
        "EBIT": NaN,
        "Net Income": 582
    },
    "2014-07-31": {
        "Diluted EPS": 1.04,
        "Total Revenue": NaN,
        "Gross Profit": NaN,
        "Operating Income": NaN,
        "EBIT": NaN,
        "Net Income": NaN
    },
    "2014-04-30": {
        "Diluted EPS": 0.61,
        "Total Revenue": NaN,
        "Gross Profit": NaN,
        "Operating Income": 942,
        "EBIT": NaN,
        "Net Income": 620
    },
    "2014-01-31": {
        "Diluted EPS": 0.3,
        "Total Revenue": NaN,
        "Gross Profit": NaN,
        "Operating Income": 500,
        "EBIT": NaN,
        "Net Income": 303
    },
    "2013-10-31": {
        "Diluted EPS": 0.47,
        "Total Revenue": NaN,
        "Gross Profit": NaN,
        "Operating Income": 799,
        "EBIT": NaN,
        "Net Income": 495
    },
    "2013-07-31": {
        "Diluted EPS": 0.88,
        "Total Revenue": NaN,
        "Gross Profit": NaN,
        "Operating Income": NaN,
        "EBIT": NaN,
        "Net Income": 935
    },
    "2013-04-30": {
        "Diluted EPS": 0.49,
        "Total Revenue": NaN,
        "Gross Profit": NaN,
        "Operating Income": 868,
        "EBIT": NaN,
        "Net Income": 537
    },
    "2013-01-31": {
        "Diluted EPS": 0.27,
        "Total Revenue": NaN,
        "Gross Profit": NaN,
        "Operating Income": 455,
        "EBIT": NaN,
        "Net Income": 286
    },
    "2012-10-31": {
        "Diluted EPS": 0.35,
        "Total Revenue": NaN,
        "Gross Profit": NaN,
        "Operating Income": 635,
        "EBIT": NaN,
        "Net Income": 393
    },
    "2012-07-31": {
        "Diluted EPS": 0.64,
        "Total Revenue": NaN,
        "Gross Profit": NaN,
        "Operating Income": NaN,
        "EBIT": NaN,
        "Net Income": 742
    },
    "2012-04-30": {
        "Diluted EPS": 0.43,
        "Total Revenue": NaN,
        "Gross Profit": NaN,
        "Operating Income": 850,
        "EBIT": NaN,
        "Net Income": 524
    },
    "2012-01-31": {
        "Diluted EPS": 0.27,
        "Total Revenue": NaN,
        "Gross Profit": NaN,
        "Operating Income": 485,
        "EBIT": 995,
        "Net Income": 320
    },
    "2011-10-31": {
        "Diluted EPS": 0.18,
        "Total Revenue": NaN,
        "Gross Profit": NaN,
        "Operating Income": 352,
        "EBIT": 828,
        "Net Income": 223
    },
    "2011-07-31": {
        "Diluted EPS": 0.64,
        "Total Revenue": NaN,
        "Gross Profit": NaN,
        "Operating Income": NaN,
        "EBIT": NaN,
        "Net Income": 823
    },
    "2011-04-30": {
        "Diluted EPS": 0.34,
        "Total Revenue": NaN,
        "Gross Profit": NaN,
        "Operating Income": 740,
        "EBIT": NaN,
        "Net Income": 458
    },
    "2011-01-31": {
        "Diluted EPS": 0.21,
        "Total Revenue": NaN,
        "Gross Profit": NaN,
        "Operating Income": 456,
        "EBIT": 954,
        "Net Income": 283
    },
    "2010-10-31": {
        "Diluted EPS": 0.29,
        "Total Revenue": NaN,
        "Gross Profit": NaN,
        "Operating Income": 651,
        "EBIT": NaN,
        "Net Income": 400
    },
    "2010-07-31": {
        "Diluted EPS": 0.58,
        "Total Revenue": NaN,
        "Gross Profit": NaN,
        "Operating Income": NaN,
        "EBIT": NaN,
        "Net Income": 825
    },
    "2010-04-30": {
        "Diluted EPS": 0.34,
        "Total Revenue": NaN,
        "Gross Profit": NaN,
        "Operating Income": 786,
        "EBIT": NaN,
        "Net Income": 485
    },
    "2010-01-31": {
        "Diluted EPS": 0.15,
        "Total Revenue": NaN,
        "Gross Profit": NaN,
        "Operating Income": 321,
        "EBIT": 807,
        "Net Income": 204
    },
    "2009-10-31": {
        "Diluted EPS": 0.23,
        "Total Revenue": NaN,
        "Gross Profit": NaN,
        "Operating Income": 528,
        "EBIT": NaN,
        "Net Income": 341
    },
    "2009-07-31": {
        "Diluted EPS": 0.51,
        "Total Revenue": NaN,
        "Gross Profit": NaN,
        "Operating Income": NaN,
        "EBIT": NaN,
        "Net Income": 753
    },
    "2009-04-30": {
        "Diluted EPS": 0.32,
        "Total Revenue": NaN,
        "Gross Profit": NaN,
        "Operating Income": 760,
        "EBIT": NaN,
        "Net Income": 472
    },
    "2009-01-31": {
        "Diluted EPS": 0.12,
        "Total Revenue": NaN,
        "Gross Profit": NaN,
        "Operating Income": 259,
        "EBIT": 764,
        "Net Income": 161
    },
    "2023-07-31": {
        "Tax Effect Of Unusual Items": 0.0,
        "Tax Rate For Calcs": 0.246,
        "Normalized EBITDA": 4397000000.0,
        "Net Income From Continuing Operation Net Minority Interest": 2673000000.0,
        "Reconciled Depreciation": 476000000.0,
        "Reconciled Cost Of Revenue": 16508000000.0,
        "EBITDA": 4397000000.0,
        "EBIT": 3921000000.0,
        "Net Interest Income": -341000000.0,
        "Interest Expense": 376000000.0,
        "Interest Income": 35000000.0,
        "Normalized Income": 2673000000.0,
        "Net Income From Continuing And Discontinued Operation": 2673000000.0,
        "Total Expenses": 21070000000.0,
        "Total Operating Income As Reported": 3886000000.0,
        "Diluted Average Shares": 585000000.0,
        "Basic Average Shares": 584000000.0,
        "Diluted EPS": 4.56,
        "Basic EPS": 4.56,
        "Diluted NI Availto Com Stockholders": 2666000000.0,
        "Net Income Common Stockholders": 2666000000.0,
        "Otherunder Preferred Stock Dividend": 7000000.0,
        "Net Income": 2673000000.0,
        "Net Income Including Noncontrolling Interests": 2673000000.0,
        "Net Income Continuous Operations": 2673000000.0,
        "Tax Provision": 872000000.0,
        "Pretax Income": 3545000000.0,
        "Net Non Operating Interest Income Expense": -341000000.0,
        "Interest Expense Non Operating": 376000000.0,
        "Interest Income Non Operating": 35000000.0,
        "Operating Income": 3886000000.0,
        "Operating Expense": 4513000000.0,
        "Depreciation Amortization Depletion Income Statement": 427000000.0,
        "Depreciation And Amortization In Income Statement": 427000000.0,
        "Selling General And Administration": 4086000000.0,
        "Gross Profit": 8399000000.0,
        "Cost Of Revenue": 16557000000.0,
        "Total Revenue": 24956000000.0,
        "Operating Revenue": 24613000000.0
    },
    "2023-10-31": {
        "Tax Effect Of Unusual Items": 0.0,
        "Tax Rate For Calcs": 0.246,
        "Normalized EBITDA": 3209000000.0,
        "Net Income From Continuing Operation Net Minority Interest": 1773000000.0,
        "Reconciled Depreciation": 486000000.0,
        "Reconciled Cost Of Revenue": 13528000000.0,
        "EBITDA": 3209000000.0,
        "EBIT": 2723000000.0,
        "Net Interest Income": -345000000.0,
        "Interest Expense": 372000000.0,
        "Interest Income": 27000000.0,
        "Normalized Income": 1773000000.0,
        "Net Income From Continuing And Discontinued Operation": 1773000000.0,
        "Total Expenses": 17775000000.0,
        "Total Operating Income As Reported": 2696000000.0,
        "Diluted Average Shares": 577000000.0,
        "Basic Average Shares": 576000000.0,
        "Diluted EPS": 3.06,
        "Basic EPS": 3.07,
        "Diluted NI Availto Com Stockholders": 1769000000.0,
        "Net Income Common Stockholders": 1769000000.0,
        "Otherunder Preferred Stock Dividend": 4000000.0,
        "Net Income": 1773000000.0,
        "Net Income Including Noncontrolling Interests": 1773000000.0,
        "Net Income Continuous Operations": 1773000000.0,
        "Tax Provision": 578000000.0,
        "Pretax Income": 2351000000.0,
        "Net Non Operating Interest Income Expense": -345000000.0,
        "Interest Expense Non Operating": 372000000.0,
        "Interest Income Non Operating": 27000000.0,
        "Operating Income": 2696000000.0,
        "Operating Expense": 4195000000.0,
        "Depreciation Amortization Depletion Income Statement": 434000000.0,
        "Depreciation And Amortization In Income Statement": 434000000.0,
        "Selling General And Administration": 3761000000.0,
        "Gross Profit": 6891000000.0,
        "Cost Of Revenue": 13580000000.0,
        "Total Revenue": 20471000000.0,
        "Operating Revenue": 20116000000.0
    },
    "2024-01-31": {
        "Tax Effect Of Unusual Items": 0.0,
        "Tax Rate For Calcs": 0.238237,
        "Normalized EBITDA": 2207000000.0,
        "Net Income From Continuing Operation Net Minority Interest": 1020000000.0,
        "Reconciled Depreciation": 496000000.0,
        "Reconciled Cost Of Revenue": 12521000000.0,
        "EBITDA": 2207000000.0,
        "EBIT": 1711000000.0,
        "Net Interest Income": -349000000.0,
        "Interest Expense": 372000000.0,
        "Interest Income": 23000000.0,
        "Normalized Income": 1020000000.0,
        "Net Income From Continuing And Discontinued Operation": 1020000000.0,
        "Total Expenses": 16914000000.0,
        "Total Operating Income As Reported": 1688000000.0,
        "Diluted Average Shares": 575000000.0,
        "Basic Average Shares": 574000000.0,
        "Diluted EPS": 1.77,
        "Basic EPS": 1.77,
        "Diluted NI Availto Com Stockholders": 1018000000.0,
        "Net Income Common Stockholders": 1018000000.0,
        "Otherunder Preferred Stock Dividend": 2000000.0,
        "Net Income": 1020000000.0,
        "Net Income Including Noncontrolling Interests": 1020000000.0,
        "Net Income Continuous Operations": 1020000000.0,
        "Tax Provision": 319000000.0,
        "Pretax Income": 1339000000.0,
        "Net Non Operating Interest Income Expense": -349000000.0,
        "Interest Expense Non Operating": 372000000.0,
        "Interest Income Non Operating": 23000000.0,
        "Operating Income": 1688000000.0,
        "Operating Expense": 4339000000.0,
        "Depreciation Amortization Depletion Income Statement": 442000000.0,
        "Depreciation And Amortization In Income Statement": 442000000.0,
        "Selling General And Administration": 3897000000.0,
        "Gross Profit": 6027000000.0,
        "Cost Of Revenue": 12575000000.0,
        "Total Revenue": 18602000000.0,
        "Operating Revenue": 18272000000.0
    },
    "2024-04-30": {
        "Tax Effect Of Unusual Items": 0.0,
        "Tax Rate For Calcs": 0.237,
        "Normalized EBITDA": 3160000000.0,
        "Net Income From Continuing Operation Net Minority Interest": 1755000000.0,
        "Reconciled Depreciation": 486000000.0,
        "Reconciled Cost Of Revenue": 14216000000.0,
        "EBITDA": 3160000000.0,
        "EBIT": 2674000000.0,
        "Net Interest Income": -352000000.0,
        "Interest Expense": 373000000.0,
        "Interest Income": 21000000.0,
        "Normalized Income": 1755000000.0,
        "Net Income From Continuing And Discontinued Operation": 1755000000.0,
        "Total Expenses": 18711000000.0,
        "Total Operating Income As Reported": 2653000000.0,
        "Diluted Average Shares": 572000000.0,
        "Basic Average Shares": 571000000.0,
        "Diluted EPS": 3.06,
        "Basic EPS": 3.06,
        "Diluted NI Availto Com Stockholders": 1750000000.0,
        "Net Income Common Stockholders": 1750000000.0,
        "Otherunder Preferred Stock Dividend": 5000000.0,
        "Net Income": 1755000000.0,
        "Net Income Including Noncontrolling Interests": 1755000000.0,
        "Net Income Continuous Operations": 1755000000.0,
        "Tax Provision": 546000000.0,
        "Pretax Income": 2301000000.0,
        "Net Non Operating Interest Income Expense": -352000000.0,
        "Interest Expense Non Operating": 373000000.0,
        "Interest Income Non Operating": 21000000.0,
        "Operating Income": 2653000000.0,
        "Operating Expense": 4437000000.0,
        "Depreciation Amortization Depletion Income Statement": 428000000.0,
        "Depreciation And Amortization In Income Statement": 428000000.0,
        "Selling General And Administration": 4009000000.0,
        "Gross Profit": 7090000000.0,
        "Cost Of Revenue": 14274000000.0,
        "Total Revenue": 21364000000.0,
        "Operating Revenue": 21223000000.0
    },
    "2024-07-31": {
        "Tax Effect Of Unusual Items": 0.0,
        "Tax Rate For Calcs": 0.239,
        "Normalized EBITDA": 3980000000.0,
        "Net Income From Continuing Operation Net Minority Interest": 2383000000.0,
        "Reconciled Depreciation": 481000000.0,
        "Reconciled Cost Of Revenue": 15633000000.0,
        "EBITDA": 3980000000.0,
        "EBIT": 3499000000.0,
        "Net Interest Income": -317000000.0,
        "Interest Expense": 369000000.0,
        "Interest Income": 52000000.0,
        "Normalized Income": 2383000000.0,
        "Net Income From Continuing And Discontinued Operation": 2383000000.0,
        "Total Expenses": 20139000000.0,
        "Total Operating Income As Reported": 3447000000.0,
        "Diluted Average Shares": 570000000.0,
        "Basic Average Shares": 568000000.0,
        "Diluted EPS": 4.17,
        "Basic EPS": 4.18,
        "Diluted NI Availto Com Stockholders": 2377000000.0,
        "Net Income Common Stockholders": 2377000000.0,
        "Otherunder Preferred Stock Dividend": 6000000.0,
        "Net Income": 2383000000.0,
        "Net Income Including Noncontrolling Interests": 2383000000.0,
        "Net Income Continuous Operations": 2383000000.0,
        "Tax Provision": 747000000.0,
        "Pretax Income": 3130000000.0,
        "Net Non Operating Interest Income Expense": -317000000.0,
        "Interest Expense Non Operating": 369000000.0,
        "Interest Income Non Operating": 52000000.0,
        "Operating Income": 3447000000.0,
        "Operating Expense": 4448000000.0,
        "Depreciation Amortization Depletion Income Statement": 423000000.0,
        "Depreciation And Amortization In Income Statement": 423000000.0,
        "Selling General And Administration": 4025000000.0,
        "Gross Profit": 7895000000.0,
        "Cost Of Revenue": 15691000000.0,
        "Total Revenue": 23586000000.0,
        "Operating Revenue": 23257000000.0
    },
    "2024-10-31": {
        "Tax Effect Of Unusual Items": 0.0,
        "Tax Rate For Calcs": 0.236,
        "Normalized EBITDA": 3080000000.0,
        "Net Income From Continuing Operation Net Minority Interest": 1695000000.0,
        "Reconciled Depreciation": 494000000.0,
        "Reconciled Cost Of Revenue": 13313000000.0,
        "EBITDA": 3080000000.0,
        "EBIT": 2586000000.0,
        "Net Interest Income": -317000000.0,
        "Interest Expense": 367000000.0,
        "Interest Income": 50000000.0,
        "Normalized Income": 1695000000.0,
        "Net Income From Continuing And Discontinued Operation": 1695000000.0,
        "Total Expenses": 17634000000.0,
        "Total Operating Income As Reported": 2536000000.0,
        "Diluted Average Shares": 566000000.0,
        "Basic Average Shares": 565000000.0,
        "Diluted EPS": 2.99,
        "Basic EPS": 2.99,
        "Diluted NI Availto Com Stockholders": 1691000000.0,
        "Net Income Common Stockholders": 1691000000.0,
        "Otherunder Preferred Stock Dividend": 4000000.0,
        "Net Income": 1695000000.0,
        "Net Income Including Noncontrolling Interests": 1695000000.0,
        "Net Income Continuous Operations": 1695000000.0,
        "Tax Provision": 524000000.0,
        "Pretax Income": 2219000000.0,
        "Net Non Operating Interest Income Expense": -317000000.0,
        "Interest Expense Non Operating": 367000000.0,
        "Interest Income Non Operating": 50000000.0,
        "Operating Income": 2536000000.0,
        "Operating Expense": 4260000000.0,
        "Depreciation Amortization Depletion Income Statement": 433000000.0,
        "Depreciation And Amortization In Income Statement": 433000000.0,
        "Selling General And Administration": 3827000000.0,
        "Gross Profit": 6796000000.0,
        "Cost Of Revenue": 13374000000.0,
        "Total Revenue": 20170000000.0,
        "Operating Revenue": 19836000000.0
    }
}