{
    "2023-03-31": {
        "Tax Effect Of Unusual Items": 20608.14,
        "Tax Rate For Calcs": 0.21,
        "Normalized EBITDA": -4431948.0,
        "Total Unusual Items": 98134.0,
        "Total Unusual Items Excluding Goodwill": 98134.0,
        "Net Income From Continuing Operation Net Minority Interest": -3870230.0,
        "Reconciled Depreciation": 4819.0,
        "Reconciled Cost Of Revenue": NaN,
        "EBITDA": -4333814.0,
        "EBIT": -4338633.0,
        "Net Interest Income": 370469.0,
        "Interest Expense": 0.0,
        "Interest Income": 370469.0,
        "Normalized Income": -3947755.86,
        "Net Income From Continuing And Discontinued Operation": -3870230.0,
        "Total Expenses": 4393623.0,
        "Total Operating Income As Reported": -4338633.0,
        "Diluted Average Shares": 5234830.0,
        "Basic Average Shares": 5234830.0,
        "Diluted EPS": -0.76,
        "Basic EPS": -0.74,
        "Diluted NI Availto Com Stockholders": -3870319.0,
        "Net Income Common Stockholders": -3870319.0,
        "Preferred Stock Dividends": 89.0,
        "Net Income": -3870230.0,
        "Net Income Including Noncontrolling Interests": -3870230.0,
        "Net Income Continuous Operations": -3870230.0,
        "Tax Provision": 200.0,
        "Pretax Income": -3870030.0,
        "Other Income Expense": 98134.0,
        "Special Income Charges": NaN,
        "Gain On Sale Of Security": 98134.0,
        "Net Non Operating Interest Income Expense": 370469.0,
        "Interest Expense Non Operating": 0.0,
        "Interest Income Non Operating": 370469.0,
        "Operating Income": -4338633.0,
        "Operating Expense": 4393623.0,
        "Research And Development": 3106310.0,
        "Selling General And Administration": 1287313.0,
        "General And Administrative Expense": 1287313.0,
        "Other Gand A": 1287313.0,
        "Salaries And Wages": NaN,
        "Gross Profit": NaN,
        "Cost Of Revenue": NaN,
        "Total Revenue": 54990.0,
        "Operating Revenue": 54990.0
    },
    "2022-12-31": {
        "Tax Effect Of Unusual Items": 7191.03,
        "Tax Rate For Calcs": 0.21,
        "Normalized EBITDA": -2261097.0,
        "Total Unusual Items": 34243.0,
        "Total Unusual Items Excluding Goodwill": 34243.0,
        "Net Income From Continuing Operation Net Minority Interest": -2229913.0,
        "Reconciled Depreciation": 2578.0,
        "Reconciled Cost Of Revenue": 1670490.0,
        "EBITDA": -2226854.0,
        "EBIT": -2229432.0,
        "Net Interest Income": 297158.0,
        "Interest Expense": 0.0,
        "Interest Income": 297158.0,
        "Normalized Income": -2256964.97,
        "Net Income From Continuing And Discontinued Operation": -2229913.0,
        "Total Expenses": 2560833.0,
        "Total Operating Income As Reported": -2560833.0,
        "Diluted Average Shares": NaN,
        "Basic Average Shares": NaN,
        "Diluted EPS": NaN,
        "Basic EPS": NaN,
        "Diluted NI Availto Com Stockholders": -2229913.0,
        "Net Income Common Stockholders": -2229913.0,
        "Preferred Stock Dividends": NaN,
        "Net Income": -2229913.0,
        "Net Income Including Noncontrolling Interests": -2229913.0,
        "Net Income Continuous Operations": -2229913.0,
        "Tax Provision": 481.0,
        "Pretax Income": -2229432.0,
        "Other Income Expense": 34243.0,
        "Special Income Charges": 0.0,
        "Other Special Charges": 0.0,
        "Gain On Sale Of Security": 34243.0,
        "Net Non Operating Interest Income Expense": 297158.0,
        "Interest Expense Non Operating": 0.0,
        "Interest Income Non Operating": 297158.0,
        "Operating Income": -2560833.0,
        "Operating Expense": 890343.0,
        "Research And Development": NaN,
        "Selling General And Administration": 890343.0,
        "General And Administrative Expense": 890343.0,
        "Other Gand A": 890343.0,
        "Salaries And Wages": NaN,
        "Gross Profit": -1670490.0,
        "Cost Of Revenue": 1670490.0,
        "Total Revenue": 0.0,
        "Operating Revenue": 0.0
    },
    "2022-09-30": {
        "Tax Effect Of Unusual Items": 0.0,
        "Tax Rate For Calcs": 0.0,
        "Normalized EBITDA": -2732827.0,
        "Total Unusual Items": 326240.0,
        "Total Unusual Items Excluding Goodwill": 326240.0,
        "Net Income From Continuing Operation Net Minority Interest": -2409165.0,
        "Reconciled Depreciation": 2578.0,
        "Reconciled Cost Of Revenue": 2100432.0,
        "EBITDA": -2406587.0,
        "EBIT": -2409165.0,
        "Net Interest Income": 163966.0,
        "Interest Expense": 0.0,
        "Interest Income": 163966.0,
        "Normalized Income": -2735405.0,
        "Net Income From Continuing And Discontinued Operation": -2409165.0,
        "Total Expenses": 2899371.0,
        "Total Operating Income As Reported": -2899371.0,
        "Diluted Average Shares": 5250179.0,
        "Basic Average Shares": 5234576.0,
        "Diluted EPS": -0.52,
        "Basic EPS": -0.46,
        "Diluted NI Availto Com Stockholders": -2409165.0,
        "Net Income Common Stockholders": -2409165.0,
        "Preferred Stock Dividends": NaN,
        "Net Income": -2409165.0,
        "Net Income Including Noncontrolling Interests": -2409165.0,
        "Net Income Continuous Operations": -2409165.0,
        "Tax Provision": 0.0,
        "Pretax Income": -2409165.0,
        "Other Income Expense": 326240.0,
        "Special Income Charges": 0.0,
        "Other Special Charges": NaN,
        "Gain On Sale Of Security": 326240.0,
        "Net Non Operating Interest Income Expense": 163966.0,
        "Interest Expense Non Operating": 0.0,
        "Interest Income Non Operating": 163966.0,
        "Operating Income": -2899371.0,
        "Operating Expense": 798939.0,
        "Research And Development": NaN,
        "Selling General And Administration": 798939.0,
        "General And Administrative Expense": 798939.0,
        "Other Gand A": 798939.0,
        "Salaries And Wages": NaN,
        "Gross Profit": -2100432.0,
        "Cost Of Revenue": 2100432.0,
        "Total Revenue": 0.0,
        "Operating Revenue": 0.0
    },
    "2022-06-30": {
        "Tax Effect Of Unusual Items": 0.0,
        "Tax Rate For Calcs": 0.0,
        "Normalized EBITDA": -3455076.0,
        "Total Unusual Items": 833445.0,
        "Total Unusual Items Excluding Goodwill": 833445.0,
        "Net Income From Continuing Operation Net Minority Interest": -2631777.0,
        "Reconciled Depreciation": 2578.0,
        "Reconciled Cost Of Revenue": 2898012.0,
        "EBITDA": -2621631.0,
        "EBIT": -2624209.0,
        "Net Interest Income": 62309.0,
        "Interest Expense": 7568.0,
        "Interest Income": 69877.0,
        "Normalized Income": -3465222.0,
        "Net Income From Continuing And Discontinued Operation": -2631777.0,
        "Total Expenses": 4027531.0,
        "Total Operating Income As Reported": -3527531.0,
        "Diluted Average Shares": 5263389.0,
        "Basic Average Shares": 5234141.0,
        "Diluted EPS": -0.61,
        "Basic EPS": -0.5,
        "Diluted NI Availto Com Stockholders": -2631777.0,
        "Net Income Common Stockholders": -2631777.0,
        "Preferred Stock Dividends": NaN,
        "Net Income": -2631777.0,
        "Net Income Including Noncontrolling Interests": -2631777.0,
        "Net Income Continuous Operations": -2631777.0,
        "Tax Provision": 0.0,
        "Pretax Income": -2631777.0,
        "Other Income Expense": 833445.0,
        "Special Income Charges": 250000.0,
        "Other Special Charges": -250000.0,
        "Gain On Sale Of Security": 583445.0,
        "Net Non Operating Interest Income Expense": 62309.0,
        "Interest Expense Non Operating": 7568.0,
        "Interest Income Non Operating": 69877.0,
        "Operating Income": -3527531.0,
        "Operating Expense": 1129519.0,
        "Research And Development": NaN,
        "Selling General And Administration": 1129519.0,
        "General And Administrative Expense": 1129519.0,
        "Other Gand A": 1129519.0,
        "Salaries And Wages": NaN,
        "Gross Profit": -2398012.0,
        "Cost Of Revenue": 2898012.0,
        "Total Revenue": 500000.0,
        "Operating Revenue": 500000.0
    },
    "2022-03-31": {
        "Diluted EPS": -0.68,
        "Total Revenue": NaN,
        "Gross Profit": NaN,
        "Operating Income": -3,
        "EBIT": -3,
        "Net Income": -3
    },
    "2021-12-31": {
        "Diluted EPS": 2.55,
        "Total Revenue": 16,
        "Gross Profit": 16,
        "Operating Income": 13,
        "EBIT": 13,
        "Net Income": 13
    },
    "2021-09-30": {
        "Diluted EPS": -0.68,
        "Total Revenue": 0,
        "Gross Profit": 0,
        "Operating Income": -4,
        "EBIT": -3,
        "Net Income": -3
    },
    "2021-06-30": {
        "Diluted EPS": -1.36,
        "Total Revenue": NaN,
        "Gross Profit": NaN,
        "Operating Income": -3,
        "EBIT": -3,
        "Net Income": -7
    },
    "2021-03-31": {
        "Diluted EPS": -0.68,
        "Total Revenue": NaN,
        "Gross Profit": NaN,
        "Operating Income": -3,
        "EBIT": -3,
        "Net Income": -3
    },
    "2020-12-31": {
        "Diluted EPS": -0.68,
        "Total Revenue": NaN,
        "Gross Profit": NaN,
        "Operating Income": -5,
        "EBIT": -5,
        "Net Income": -5
    },
    "2020-09-30": {
        "Diluted EPS": -1.19,
        "Total Revenue": NaN,
        "Gross Profit": NaN,
        "Operating Income": -4,
        "EBIT": -4,
        "Net Income": -4
    },
    "2020-06-30": {
        "Diluted EPS": -2.21,
        "Total Revenue": NaN,
        "Gross Profit": NaN,
        "Operating Income": -4,
        "EBIT": -4,
        "Net Income": -6
    },
    "2020-03-31": {
        "Diluted EPS": -2.38,
        "Total Revenue": NaN,
        "Gross Profit": NaN,
        "Operating Income": -5,
        "EBIT": -5,
        "Net Income": -6
    },
    "2019-12-31": {
        "Diluted EPS": -1.7,
        "Total Revenue": NaN,
        "Gross Profit": NaN,
        "Operating Income": -3,
        "EBIT": -3,
        "Net Income": -3
    },
    "2019-09-30": {
        "Diluted EPS": -2.04,
        "Total Revenue": 0,
        "Gross Profit": 0,
        "Operating Income": -3,
        "EBIT": -3,
        "Net Income": -3
    },
    "2019-06-30": {
        "Diluted EPS": -2.38,
        "Total Revenue": NaN,
        "Gross Profit": NaN,
        "Operating Income": -3,
        "EBIT": -3,
        "Net Income": -3
    },
    "2019-03-31": {
        "Diluted EPS": -2.38,
        "Total Revenue": NaN,
        "Gross Profit": NaN,
        "Operating Income": -3,
        "EBIT": -3,
        "Net Income": -3
    },
    "2018-12-31": {
        "Diluted EPS": -2.55,
        "Total Revenue": NaN,
        "Gross Profit": NaN,
        "Operating Income": -3,
        "EBIT": -3,
        "Net Income": -3
    },
    "2018-09-30": {
        "Diluted EPS": -2.04,
        "Total Revenue": NaN,
        "Gross Profit": NaN,
        "Operating Income": -2,
        "EBIT": -2,
        "Net Income": -2
    },
    "2018-06-30": {
        "Diluted EPS": -2.55,
        "Total Revenue": NaN,
        "Gross Profit": NaN,
        "Operating Income": -3,
        "EBIT": -3,
        "Net Income": -3
    },
    "2018-03-31": {
        "Diluted EPS": -2.21,
        "Total Revenue": 0,
        "Gross Profit": 0,
        "Operating Income": -3,
        "EBIT": -3,
        "Net Income": -3
    },
    "2017-12-31": {
        "Diluted EPS": -4.42,
        "Total Revenue": NaN,
        "Gross Profit": NaN,
        "Operating Income": -5,
        "EBIT": -5,
        "Net Income": -5
    },
    "2017-09-30": {
        "Diluted EPS": -3.74,
        "Total Revenue": NaN,
        "Gross Profit": NaN,
        "Operating Income": -5,
        "EBIT": -5,
        "Net Income": -5
    },
    "2017-06-30": {
        "Diluted EPS": -5.27,
        "Total Revenue": NaN,
        "Gross Profit": NaN,
        "Operating Income": -6,
        "EBIT": -6,
        "Net Income": -6
    },
    "2017-03-31": {
        "Diluted EPS": -4.42,
        "Total Revenue": NaN,
        "Gross Profit": NaN,
        "Operating Income": -5,
        "EBIT": -5,
        "Net Income": -5
    },
    "2016-12-31": {
        "Diluted EPS": -2.72,
        "Total Revenue": NaN,
        "Gross Profit": NaN,
        "Operating Income": -3,
        "EBIT": -3,
        "Net Income": -3
    },
    "2016-09-30": {
        "Diluted EPS": -3.06,
        "Total Revenue": NaN,
        "Gross Profit": NaN,
        "Operating Income": -3,
        "EBIT": -3,
        "Net Income": -3
    },
    "2016-06-30": {
        "Diluted EPS": -5.44,
        "Total Revenue": NaN,
        "Gross Profit": NaN,
        "Operating Income": -6,
        "EBIT": -6,
        "Net Income": -6
    },
    "2016-03-31": {
        "Diluted EPS": -6.46,
        "Total Revenue": NaN,
        "Gross Profit": NaN,
        "Operating Income": -7,
        "EBIT": -7,
        "Net Income": -7
    },
    "2015-12-31": {
        "Diluted EPS": -4.59,
        "Total Revenue": NaN,
        "Gross Profit": NaN,
        "Operating Income": -5,
        "EBIT": -5,
        "Net Income": -5
    },
    "2015-09-30": {
        "Diluted EPS": -5.95,
        "Total Revenue": NaN,
        "Gross Profit": NaN,
        "Operating Income": -6,
        "EBIT": -6,
        "Net Income": -6
    },
    "2015-06-30": {
        "Diluted EPS": -4.42,
        "Total Revenue": NaN,
        "Gross Profit": NaN,
        "Operating Income": -4,
        "EBIT": -4,
        "Net Income": -4
    },
    "2015-03-31": {
        "Diluted EPS": -3.91,
        "Total Revenue": NaN,
        "Gross Profit": NaN,
        "Operating Income": -3,
        "EBIT": -3,
        "Net Income": -3
    },
    "2014-12-31": {
        "Diluted EPS": -5.44,
        "Total Revenue": NaN,
        "Gross Profit": NaN,
        "Operating Income": -4,
        "EBIT": -4,
        "Net Income": -4
    },
    "2014-09-30": {
        "Diluted EPS": -5.44,
        "Total Revenue": NaN,
        "Gross Profit": NaN,
        "Operating Income": -4,
        "EBIT": -4,
        "Net Income": -4
    },
    "2014-06-30": {
        "Diluted EPS": -9.35,
        "Total Revenue": NaN,
        "Gross Profit": NaN,
        "Operating Income": -7,
        "EBIT": -7,
        "Net Income": -7
    },
    "2014-03-31": {
        "Diluted EPS": -6.97,
        "Total Revenue": NaN,
        "Gross Profit": NaN,
        "Operating Income": -5,
        "EBIT": -5,
        "Net Income": -5
    },
    "2013-12-31": {
        "Diluted EPS": -7.48,
        "Total Revenue": NaN,
        "Gross Profit": NaN,
        "Operating Income": -4,
        "EBIT": -4,
        "Net Income": -4
    },
    "2013-09-30": {
        "Diluted EPS": -6.63,
        "Total Revenue": NaN,
        "Gross Profit": NaN,
        "Operating Income": -4,
        "EBIT": -4,
        "Net Income": -3
    },
    "2013-06-30": {
        "Diluted EPS": -5.27,
        "Total Revenue": NaN,
        "Gross Profit": NaN,
        "Operating Income": -1,
        "EBIT": -1,
        "Net Income": -1
    },
    "2013-03-31": {
        "Diluted EPS": -5.1,
        "Total Revenue": NaN,
        "Gross Profit": NaN,
        "Operating Income": -1,
        "EBIT": -1,
        "Net Income": -1
    },
    "2012-12-31": {
        "Diluted EPS": 18.71,
        "Total Revenue": NaN,
        "Gross Profit": NaN,
        "Operating Income": -3,
        "EBIT": -3,
        "Net Income": 5
    },
    "2012-09-30": {
        "Diluted EPS": -3.91,
        "Total Revenue": NaN,
        "Gross Profit": NaN,
        "Operating Income": -1,
        "EBIT": -1,
        "Net Income": -1
    },
    "2012-06-30": {
        "Diluted EPS": -0.34,
        "Total Revenue": NaN,
        "Gross Profit": NaN,
        "Operating Income": 0,
        "EBIT": 0,
        "Net Income": 0
    },
    "2012-03-31": {
        "Diluted EPS": 0.0,
        "Total Revenue": NaN,
        "Gross Profit": NaN,
        "Operating Income": 0,
        "EBIT": 0,
        "Net Income": 0
    },
    "2011-12-31": {
        "Diluted EPS": 0.0,
        "Total Revenue": NaN,
        "Gross Profit": NaN,
        "Operating Income": NaN,
        "EBIT": NaN,
        "Net Income": NaN
    },
    "2011-06-30": {
        "Diluted EPS": 0.0,
        "Total Revenue": NaN,
        "Gross Profit": NaN,
        "Operating Income": NaN,
        "EBIT": NaN,
        "Net Income": NaN
    },
    "2023-06-30": {
        "Tax Effect Of Unusual Items": 0.0,
        "Tax Rate For Calcs": 0.0,
        "Normalized EBITDA": -3567993.0,
        "Total Unusual Items": 27455.0,
        "Total Unusual Items Excluding Goodwill": 27455.0,
        "Net Income From Continuing Operation Net Minority Interest": -3548629.0,
        "Reconciled Depreciation": 8091.0,
        "Reconciled Cost Of Revenue": 2515211.0,
        "EBITDA": -3540538.0,
        "EBIT": -3548629.0,
        "Net Interest Income": 379521.0,
        "Interest Expense": 0.0,
        "Interest Income": 379521.0,
        "Normalized Income": -3576084.0,
        "Net Income From Continuing And Discontinued Operation": -3548629.0,
        "Total Expenses": 3955605.0,
        "Total Operating Income As Reported": -3955605.0,
        "Diluted Average Shares": 5234830.0,
        "Basic Average Shares": 5234830.0,
        "Diluted EPS": -0.68,
        "Basic EPS": -0.68,
        "Diluted NI Availto Com Stockholders": -3548629.0,
        "Net Income Common Stockholders": -3548629.0,
        "Preferred Stock Dividends": NaN,
        "Net Income": -3548629.0,
        "Net Income Including Noncontrolling Interests": -3548629.0,
        "Net Income Continuous Operations": -3548629.0,
        "Tax Provision": 0.0,
        "Pretax Income": -3548629.0,
        "Other Income Expense": 27455.0,
        "Special Income Charges": 0.0,
        "Gain On Sale Of Security": 27455.0,
        "Net Non Operating Interest Income Expense": 379521.0,
        "Interest Expense Non Operating": 0.0,
        "Interest Income Non Operating": 379521.0,
        "Operating Income": -3955605.0,
        "Operating Expense": 1440394.0,
        "Research And Development": NaN,
        "Selling General And Administration": 1440394.0,
        "General And Administrative Expense": 1440394.0,
        "Other Gand A": 1358758.0,
        "Salaries And Wages": 81636.0,
        "Gross Profit": -2515211.0,
        "Cost Of Revenue": 2515211.0,
        "Total Revenue": 0.0,
        "Operating Revenue": 0.0
    },
    "2023-09-30": {
        "Tax Effect Of Unusual Items": 0.0,
        "Tax Rate For Calcs": 0.0,
        "Normalized EBITDA": -6718049.0,
        "Total Unusual Items": 74827.0,
        "Total Unusual Items Excluding Goodwill": 74827.0,
        "Net Income From Continuing Operation Net Minority Interest": -6650970.0,
        "Reconciled Depreciation": 7748.0,
        "Reconciled Cost Of Revenue": NaN,
        "EBITDA": -6643222.0,
        "EBIT": -6650970.0,
        "Net Interest Income": 317569.0,
        "Interest Expense": 0.0,
        "Interest Income": 317569.0,
        "Normalized Income": -6725797.0,
        "Net Income From Continuing And Discontinued Operation": -6650970.0,
        "Total Expenses": 3921370.0,
        "Total Operating Income As Reported": -7043366.0,
        "Diluted Average Shares": 5292058.0,
        "Basic Average Shares": 5292058.0,
        "Diluted EPS": -1.27,
        "Basic EPS": -1.26,
        "Diluted NI Availto Com Stockholders": -6650970.0,
        "Net Income Common Stockholders": -6650970.0,
        "Preferred Stock Dividends": NaN,
        "Net Income": -6650970.0,
        "Net Income Including Noncontrolling Interests": -6650970.0,
        "Net Income Continuous Operations": -6650970.0,
        "Tax Provision": 0.0,
        "Pretax Income": -6650970.0,
        "Other Income Expense": 74827.0,
        "Special Income Charges": 0.0,
        "Gain On Sale Of Security": 74827.0,
        "Net Non Operating Interest Income Expense": 317569.0,
        "Interest Expense Non Operating": 0.0,
        "Interest Income Non Operating": 317569.0,
        "Operating Income": -7043366.0,
        "Operating Expense": 3921370.0,
        "Research And Development": 2878798.0,
        "Selling General And Administration": 1042572.0,
        "General And Administrative Expense": 1042572.0,
        "Other Gand A": 1042572.0,
        "Salaries And Wages": NaN,
        "Gross Profit": NaN,
        "Cost Of Revenue": NaN,
        "Total Revenue": -3121996.0,
        "Operating Revenue": -3121996.0
    },
    "2023-12-31": {
        "Tax Effect Of Unusual Items": 2577.54,
        "Tax Rate For Calcs": 0.21,
        "Normalized EBITDA": -2285969.0,
        "Total Unusual Items": 12274.0,
        "Total Unusual Items Excluding Goodwill": 12274.0,
        "Net Income From Continuing Operation Net Minority Interest": -2282253.0,
        "Reconciled Depreciation": 8003.0,
        "Reconciled Cost Of Revenue": NaN,
        "EBITDA": -2273695.0,
        "EBIT": -2281698.0,
        "Net Interest Income": 299379.0,
        "Interest Expense": 0.0,
        "Interest Income": 299379.0,
        "Normalized Income": -2291949.46,
        "Net Income From Continuing And Discontinued Operation": -2282253.0,
        "Total Expenses": 2809539.0,
        "Total Operating Income As Reported": -2593351.0,
        "Diluted Average Shares": NaN,
        "Basic Average Shares": NaN,
        "Diluted EPS": NaN,
        "Basic EPS": NaN,
        "Diluted NI Availto Com Stockholders": -2494943.0,
        "Net Income Common Stockholders": -2282253.0,
        "Preferred Stock Dividends": 0.0,
        "Net Income": -2282253.0,
        "Net Income Including Noncontrolling Interests": -2282253.0,
        "Net Income Continuous Operations": -2282253.0,
        "Tax Provision": 555.0,
        "Pretax Income": -2281698.0,
        "Other Income Expense": 12274.0,
        "Special Income Charges": 0.0,
        "Gain On Sale Of Security": 12274.0,
        "Net Non Operating Interest Income Expense": 299379.0,
        "Interest Expense Non Operating": 0.0,
        "Interest Income Non Operating": 299379.0,
        "Operating Income": -2593351.0,
        "Operating Expense": -7365712.0,
        "Research And Development": NaN,
        "Selling General And Administration": 1134607.0,
        "General And Administrative Expense": 1134607.0,
        "Other Gand A": 1134607.0,
        "Salaries And Wages": NaN,
        "Gross Profit": NaN,
        "Cost Of Revenue": NaN,
        "Total Revenue": 216188.0,
        "Operating Revenue": 216188.0
    },
    "2024-03-31": {
        "Tax Effect Of Unusual Items": -2.280822,
        "Tax Rate For Calcs": 5.7e-05,
        "Normalized EBITDA": 3271113.0,
        "Total Unusual Items": -40072.0,
        "Total Unusual Items Excluding Goodwill": -40072.0,
        "Net Income From Continuing Operation Net Minority Interest": 3513621.0,
        "Reconciled Depreciation": 8512.0,
        "Reconciled Cost Of Revenue": NaN,
        "EBITDA": 3231041.0,
        "EBIT": 3222529.0,
        "Net Interest Income": 331364.0,
        "Interest Expense": NaN,
        "Interest Income": 331364.0,
        "Normalized Income": 3553690.719178,
        "Net Income From Continuing And Discontinued Operation": 3513621.0,
        "Total Expenses": 4394645.0,
        "Total Operating Income As Reported": 3222529.0,
        "Diluted Average Shares": 5357530.0,
        "Basic Average Shares": 5315830.0,
        "Diluted EPS": 0.66,
        "Basic EPS": 0.66,
        "Diluted NI Availto Com Stockholders": 3513621.0,
        "Net Income Common Stockholders": 3513621.0,
        "Preferred Stock Dividends": NaN,
        "Net Income": 3513621.0,
        "Net Income Including Noncontrolling Interests": 3513621.0,
        "Net Income Continuous Operations": 3513621.0,
        "Tax Provision": 200.0,
        "Pretax Income": 3513821.0,
        "Other Income Expense": -40072.0,
        "Special Income Charges": NaN,
        "Gain On Sale Of Security": -40072.0,
        "Net Non Operating Interest Income Expense": 331364.0,
        "Interest Expense Non Operating": NaN,
        "Interest Income Non Operating": 331364.0,
        "Operating Income": 3222529.0,
        "Operating Expense": 4394645.0,
        "Research And Development": 2818926.0,
        "Selling General And Administration": 1575719.0,
        "General And Administrative Expense": 1575719.0,
        "Other Gand A": 1575719.0,
        "Salaries And Wages": NaN,
        "Gross Profit": NaN,
        "Cost Of Revenue": NaN,
        "Total Revenue": 7617174.0,
        "Operating Revenue": 7617174.0
    }
}