{
    "2023-03-31": {
        "Tax Effect Of Unusual Items": NaN,
        "Tax Rate For Calcs": NaN,
        "Normalized EBITDA": NaN,
        "Total Unusual Items": -260318000000.0,
        "Total Unusual Items Excluding Goodwill": -260318000000.0,
        "Net Income From Continuing Operation Net Minority Interest": NaN,
        "Reconciled Depreciation": NaN,
        "Reconciled Cost Of Revenue": 3841860000000.0,
        "EBITDA": NaN,
        "EBIT": NaN,
        "Net Interest Income": -117509000000.0,
        "Interest Expense": NaN,
        "Interest Income": NaN,
        "Normalized Income": NaN,
        "Net Income From Continuing And Discontinued Operation": NaN,
        "Total Expenses": 5294134000000.0,
        "Total Operating Income As Reported": -1098358000000.0,
        "Diluted Average Shares": NaN,
        "Basic Average Shares": NaN,
        "Diluted EPS": NaN,
        "Basic EPS": NaN,
        "Diluted NI Availto Com Stockholders": NaN,
        "Net Income Common Stockholders": NaN,
        "Net Income": NaN,
        "Minority Interests": NaN,
        "Net Income Including Noncontrolling Interests": NaN,
        "Net Income Continuous Operations": NaN,
        "Tax Provision": NaN,
        "Pretax Income": NaN,
        "Other Income Expense": -258972000000.0,
        "Other Non Operating Income Expenses": 1913000000.0,
        "Special Income Charges": -23712000000.0,
        "Gain On Sale Of Ppe": NaN,
        "Impairment Of Capital Assets": NaN,
        "Earnings From Equity Interest": NaN,
        "Gain On Sale Of Security": -236606000000.0,
        "Net Non Operating Interest Income Expense": -117509000000.0,
        "Total Other Finance Cost": 211000000.0,
        "Interest Expense Non Operating": NaN,
        "Interest Income Non Operating": NaN,
        "Operating Income": NaN,
        "Operating Expense": 499644000000.0,
        "Other Taxes": NaN,
        "Depreciation Amortization Depletion Income Statement": 65566000000.0,
        "Depreciation And Amortization In Income Statement": 65566000000.0,
        "Depreciation Income Statement": 65566000000.0,
        "Research And Development": NaN,
        "Selling General And Administration": 419205000000.0,
        "Selling And Marketing Expense": NaN,
        "General And Administrative Expense": 263908000000.0,
        "Other Gand A": 137582000000.0,
        "Insurance And Claims": NaN,
        "Salaries And Wages": 122725000000.0,
        "Gross Profit": NaN,
        "Cost Of Revenue": 4794490000000.0,
        "Total Revenue": NaN,
        "Operating Revenue": NaN
    },
    "2022-12-31": {
        "Tax Effect Of Unusual Items": NaN,
        "Tax Rate For Calcs": NaN,
        "Normalized EBITDA": NaN,
        "Total Unusual Items": -844712000000.0,
        "Total Unusual Items Excluding Goodwill": -844712000000.0,
        "Net Income From Continuing Operation Net Minority Interest": NaN,
        "Reconciled Depreciation": NaN,
        "Reconciled Cost Of Revenue": 7321703000000.0,
        "EBITDA": NaN,
        "EBIT": NaN,
        "Net Interest Income": -128584000000.0,
        "Interest Expense": NaN,
        "Interest Income": NaN,
        "Normalized Income": NaN,
        "Net Income From Continuing And Discontinued Operation": NaN,
        "Total Expenses": 8177370000000.0,
        "Total Operating Income As Reported": -876000000000.0,
        "Diluted Average Shares": NaN,
        "Basic Average Shares": NaN,
        "Diluted EPS": NaN,
        "Basic EPS": NaN,
        "Diluted NI Availto Com Stockholders": NaN,
        "Net Income Common Stockholders": NaN,
        "Net Income": NaN,
        "Minority Interests": NaN,
        "Net Income Including Noncontrolling Interests": NaN,
        "Net Income Continuous Operations": NaN,
        "Tax Provision": NaN,
        "Pretax Income": NaN,
        "Other Income Expense": -855582000000.0,
        "Other Non Operating Income Expenses": -13053000000.0,
        "Special Income Charges": -1382469000000.0,
        "Gain On Sale Of Ppe": NaN,
        "Impairment Of Capital Assets": NaN,
        "Earnings From Equity Interest": NaN,
        "Gain On Sale Of Security": 537757000000.0,
        "Net Non Operating Interest Income Expense": -128584000000.0,
        "Total Other Finance Cost": 21355000000.0,
        "Interest Expense Non Operating": NaN,
        "Interest Income Non Operating": NaN,
        "Operating Income": NaN,
        "Operating Expense": 855667000000.0,
        "Other Taxes": NaN,
        "Depreciation Amortization Depletion Income Statement": NaN,
        "Depreciation And Amortization In Income Statement": NaN,
        "Depreciation Income Statement": NaN,
        "Research And Development": NaN,
        "Selling General And Administration": 130132000000.0,
        "Selling And Marketing Expense": NaN,
        "General And Administrative Expense": 694267000000.0,
        "Other Gand A": 206190000000.0,
        "Insurance And Claims": NaN,
        "Salaries And Wages": NaN,
        "Gross Profit": NaN,
        "Cost Of Revenue": 7321703000000.0,
        "Total Revenue": NaN,
        "Operating Revenue": NaN
    },
    "2022-09-30": {
        "Tax Effect Of Unusual Items": NaN,
        "Tax Rate For Calcs": NaN,
        "Normalized EBITDA": NaN,
        "Total Unusual Items": NaN,
        "Total Unusual Items Excluding Goodwill": NaN,
        "Net Income From Continuing Operation Net Minority Interest": NaN,
        "Reconciled Depreciation": NaN,
        "Reconciled Cost Of Revenue": NaN,
        "EBITDA": NaN,
        "EBIT": NaN,
        "Net Interest Income": NaN,
        "Interest Expense": NaN,
        "Interest Income": NaN,
        "Normalized Income": NaN,
        "Net Income From Continuing And Discontinued Operation": NaN,
        "Total Expenses": NaN,
        "Total Operating Income As Reported": NaN,
        "Diluted Average Shares": NaN,
        "Basic Average Shares": NaN,
        "Diluted EPS": NaN,
        "Basic EPS": NaN,
        "Diluted NI Availto Com Stockholders": NaN,
        "Average Dilution Earnings": -327674576.0,
        "Net Income Common Stockholders": NaN,
        "Net Income": NaN,
        "Minority Interests": NaN,
        "Net Income Including Noncontrolling Interests": NaN,
        "Net Income Continuous Operations": NaN,
        "Tax Provision": NaN,
        "Pretax Income": NaN,
        "Other Income Expense": NaN,
        "Other Non Operating Income Expenses": NaN,
        "Special Income Charges": NaN,
        "Gain On Sale Of Ppe": NaN,
        "Other Special Charges": 2540000000.0,
        "Impairment Of Capital Assets": NaN,
        "Earnings From Equity Interest": NaN,
        "Gain On Sale Of Security": NaN,
        "Net Non Operating Interest Income Expense": NaN,
        "Total Other Finance Cost": NaN,
        "Interest Expense Non Operating": NaN,
        "Interest Income Non Operating": NaN,
        "Operating Income": NaN,
        "Operating Expense": NaN,
        "Other Taxes": NaN,
        "Depreciation Amortization Depletion Income Statement": 67142000000.0,
        "Depreciation And Amortization In Income Statement": 67142000000.0,
        "Depreciation Income Statement": NaN,
        "Research And Development": NaN,
        "Selling General And Administration": NaN,
        "Selling And Marketing Expense": NaN,
        "General And Administrative Expense": NaN,
        "Other Gand A": NaN,
        "Insurance And Claims": NaN,
        "Salaries And Wages": 121755000000.0,
        "Gross Profit": NaN,
        "Cost Of Revenue": NaN,
        "Total Revenue": NaN,
        "Operating Revenue": NaN
    },
    "2022-06-30": {
        "Tax Effect Of Unusual Items": -26468856160.33088,
        "Tax Rate For Calcs": 0.253978,
        "Normalized EBITDA": 834203000000.0,
        "Total Unusual Items": -104217000000.0,
        "Total Unusual Items Excluding Goodwill": -104217000000.0,
        "Net Income From Continuing Operation Net Minority Interest": -404604000000.0,
        "Reconciled Depreciation": 1150054000000.0,
        "Reconciled Cost Of Revenue": 5331744000000.0,
        "EBITDA": 729986000000.0,
        "EBIT": -420068000000.0,
        "Net Interest Income": -75097000000.0,
        "Interest Expense": 92023000000.0,
        "Interest Income": 18422000000.0,
        "Normalized Income": -326855856160.3309,
        "Net Income From Continuing And Discontinued Operation": -404604000000.0,
        "Total Expenses": 6095663000000.0,
        "Total Operating Income As Reported": -488345000000.0,
        "Diluted Average Shares": 800518086.0,
        "Basic Average Shares": 715631400.0,
        "Diluted EPS": -620.5,
        "Basic EPS": -565.5,
        "Diluted NI Availto Com Stockholders": -496773339399.0,
        "Average Dilution Earnings": -92168400848.0,
        "Net Income Common Stockholders": -404604000000.0,
        "Net Income": -404604000000.0,
        "Minority Interests": -22573000000.0,
        "Net Income Including Noncontrolling Interests": -382031000000.0,
        "Net Income Continuous Operations": -382031000000.0,
        "Tax Provision": -130060000000.0,
        "Pretax Income": -512091000000.0,
        "Other Income Expense": 51351000000.0,
        "Other Non Operating Income Expenses": 153526000000.0,
        "Special Income Charges": -14568000000.0,
        "Gain On Sale Of Ppe": -9390000000.0,
        "Other Special Charges": 738000000.0,
        "Impairment Of Capital Assets": 4440000000.0,
        "Earnings From Equity Interest": 2042000000.0,
        "Gain On Sale Of Security": -89649000000.0,
        "Net Non Operating Interest Income Expense": -75097000000.0,
        "Total Other Finance Cost": 1496000000.0,
        "Interest Expense Non Operating": 92023000000.0,
        "Interest Income Non Operating": 18422000000.0,
        "Operating Income": -488345000000.0,
        "Operating Expense": 763919000000.0,
        "Other Taxes": NaN,
        "Depreciation Amortization Depletion Income Statement": NaN,
        "Depreciation And Amortization In Income Statement": NaN,
        "Depreciation Income Statement": NaN,
        "Research And Development": 318180000000.0,
        "Selling General And Administration": 445739000000.0,
        "Selling And Marketing Expense": 220155000000.0,
        "General And Administrative Expense": 225584000000.0,
        "Other Gand A": 225584000000.0,
        "Insurance And Claims": NaN,
        "Salaries And Wages": NaN,
        "Gross Profit": 275574000000.0,
        "Cost Of Revenue": 5331744000000.0,
        "Total Revenue": 5607318000000.0,
        "Operating Revenue": 5647000000000.0
    },
    "2023-06-30": {
        "Tax Effect Of Unusual Items": 29167400134.52966,
        "Tax Rate For Calcs": 0.203345,
        "Normalized EBITDA": 156625000000.0,
        "Total Unusual Items": 143438000000.0,
        "Total Unusual Items Excluding Goodwill": 143438000000.0,
        "Net Income From Continuing Operation Net Minority Interest": -858125000000.0,
        "Reconciled Depreciation": 1011194000000.0,
        "Reconciled Cost Of Revenue": 3968873000000.0,
        "EBITDA": 300063000000.0,
        "EBIT": -711131000000.0,
        "Net Interest Income": -130337000000.0,
        "Interest Expense": 165999000000.0,
        "Interest Income": 40562000000.0,
        "Normalized Income": -972395599865.4703,
        "Net Income From Continuing And Discontinued Operation": -858125000000.0,
        "Total Expenses": 5620041000000.0,
        "Total Operating Income As Reported": -881470000000.0,
        "Diluted Average Shares": 761769346.0,
        "Basic Average Shares": 761769346.0,
        "Diluted EPS": -1126.5,
        "Basic EPS": -1126.5,
        "Diluted NI Availto Com Stockholders": -858125000000.0,
        "Net Income Common Stockholders": -858125000000.0,
        "Net Income": -858125000000.0,
        "Minority Interests": -159355000000.0,
        "Net Income Including Noncontrolling Interests": -698770000000.0,
        "Net Income Continuous Operations": -698770000000.0,
        "Tax Provision": -178360000000.0,
        "Pretax Income": -877130000000.0,
        "Other Income Expense": 134677000000.0,
        "Other Non Operating Income Expenses": -8393000000.0,
        "Special Income Charges": -83876000000.0,
        "Gain On Sale Of Ppe": -12961000000.0,
        "Impairment Of Capital Assets": 70915000000.0,
        "Earnings From Equity Interest": -368000000.0,
        "Gain On Sale Of Security": 227314000000.0,
        "Net Non Operating Interest Income Expense": -130337000000.0,
        "Total Other Finance Cost": 4900000000.0,
        "Interest Expense Non Operating": 165999000000.0,
        "Interest Income Non Operating": 40562000000.0,
        "Operating Income": -881470000000.0,
        "Operating Expense": 708848000000.0,
        "Other Taxes": 18112000000.0,
        "Depreciation Amortization Depletion Income Statement": 68874000000.0,
        "Depreciation And Amortization In Income Statement": 68874000000.0,
        "Depreciation Income Statement": 68874000000.0,
        "Research And Development": 339956000000.0,
        "Selling General And Administration": 281906000000.0,
        "Selling And Marketing Expense": 17732000000.0,
        "General And Administrative Expense": 264174000000.0,
        "Other Gand A": 140936000000.0,
        "Insurance And Claims": 3288000000.0,
        "Salaries And Wages": 119950000000.0,
        "Gross Profit": -172622000000.0,
        "Cost Of Revenue": 4911193000000.0,
        "Total Revenue": 4738571000000.0,
        "Operating Revenue": 4726625000000.0
    },
    "2022-03-31": {
        "Diluted EPS": 1.64,
        "Total Revenue": NaN,
        "Gross Profit": 669,
        "Operating Income": 201,
        "EBIT": 269,
        "Net Income": 134
    },
    "2021-12-31": {
        "Diluted EPS": 1.32,
        "Total Revenue": NaN,
        "Gross Profit": 643,
        "Operating Income": 164,
        "EBIT": 226,
        "Net Income": 108
    },
    "2021-09-30": {
        "Diluted EPS": 1.26,
        "Total Revenue": NaN,
        "Gross Profit": 631,
        "Operating Income": 165,
        "EBIT": 226,
        "Net Income": 103
    },
    "2021-06-30": {
        "Diluted EPS": 1.46,
        "Total Revenue": NaN,
        "Gross Profit": 602,
        "Operating Income": 187,
        "EBIT": 245,
        "Net Income": 119
    },
    "2021-03-31": {
        "Diluted EPS": 1.59,
        "Total Revenue": NaN,
        "Gross Profit": 579,
        "Operating Income": 215,
        "EBIT": 269,
        "Net Income": 130
    },
    "2020-12-31": {
        "Diluted EPS": 1.38,
        "Total Revenue": NaN,
        "Gross Profit": 534,
        "Operating Income": 171,
        "EBIT": 218,
        "Net Income": 112
    },
    "2020-09-30": {
        "Diluted EPS": 1.29,
        "Total Revenue": NaN,
        "Gross Profit": 506,
        "Operating Income": 161,
        "EBIT": 206,
        "Net Income": 104
    },
    "2020-06-30": {
        "Diluted EPS": 1.27,
        "Total Revenue": NaN,
        "Gross Profit": 488,
        "Operating Income": 164,
        "EBIT": 208,
        "Net Income": 102
    },
    "2020-03-31": {
        "Diluted EPS": 1.92,
        "Total Revenue": NaN,
        "Gross Profit": 576,
        "Operating Income": 237,
        "EBIT": 282,
        "Net Income": 156
    },
    "2019-12-31": {
        "Diluted EPS": 1.55,
        "Total Revenue": NaN,
        "Gross Profit": 538,
        "Operating Income": 200,
        "EBIT": 243,
        "Net Income": 127
    },
    "2019-09-30": {
        "Diluted EPS": 1.57,
        "Total Revenue": NaN,
        "Gross Profit": 543,
        "Operating Income": 210,
        "EBIT": 252,
        "Net Income": 132
    },
    "2019-06-30": {
        "Diluted EPS": 1.71,
        "Total Revenue": NaN,
        "Gross Profit": 536,
        "Operating Income": 229,
        "EBIT": 269,
        "Net Income": 146
    },
    "2019-03-31": {
        "Diluted EPS": 1.79,
        "Total Revenue": NaN,
        "Gross Profit": 556,
        "Operating Income": 236,
        "EBIT": 277,
        "Net Income": 155
    },
    "2018-12-31": {
        "Diluted EPS": 1.35,
        "Total Revenue": NaN,
        "Gross Profit": 508,
        "Operating Income": 194,
        "EBIT": 233,
        "Net Income": 120
    },
    "2018-09-30": {
        "Diluted EPS": 1.19,
        "Total Revenue": NaN,
        "Gross Profit": 493,
        "Operating Income": 179,
        "EBIT": 219,
        "Net Income": 107
    },
    "2018-06-30": {
        "Diluted EPS": 1.3,
        "Total Revenue": NaN,
        "Gross Profit": 483,
        "Operating Income": 195,
        "EBIT": 234,
        "Net Income": 119
    },
    "2018-03-31": {
        "Diluted EPS": 1.01,
        "Total Revenue": NaN,
        "Gross Profit": 464,
        "Operating Income": 150,
        "EBIT": 185,
        "Net Income": 94
    },
    "2017-12-31": {
        "Diluted EPS": 0.7,
        "Total Revenue": NaN,
        "Gross Profit": 403,
        "Operating Income": 109,
        "EBIT": 140,
        "Net Income": 64
    },
    "2017-09-30": {
        "Diluted EPS": 0.63,
        "Total Revenue": NaN,
        "Gross Profit": 387,
        "Operating Income": 124,
        "EBIT": 157,
        "Net Income": 58
    },
    "2017-06-30": {
        "Diluted EPS": 0.74,
        "Total Revenue": NaN,
        "Gross Profit": 389,
        "Operating Income": 139,
        "EBIT": 171,
        "Net Income": 68
    },
    "2017-03-31": {
        "Diluted EPS": 0.52,
        "Total Revenue": NaN,
        "Gross Profit": 376,
        "Operating Income": 122,
        "EBIT": 153,
        "Net Income": 48
    },
    "2016-12-31": {
        "Diluted EPS": 0.46,
        "Total Revenue": NaN,
        "Gross Profit": 347,
        "Operating Income": 90,
        "EBIT": 121,
        "Net Income": 42
    },
    "2016-09-30": {
        "Diluted EPS": 0.58,
        "Total Revenue": NaN,
        "Gross Profit": 347,
        "Operating Income": 92,
        "EBIT": 121,
        "Net Income": 52
    },
    "2016-06-30": {
        "Diluted EPS": 0.53,
        "Total Revenue": NaN,
        "Gross Profit": 345,
        "Operating Income": 104,
        "EBIT": 133,
        "Net Income": 48
    },
    "2016-03-31": {
        "Diluted EPS": 0.56,
        "Total Revenue": NaN,
        "Gross Profit": 356,
        "Operating Income": 108,
        "EBIT": 138,
        "Net Income": 50
    },
    "2015-12-31": {
        "Diluted EPS": 0.27,
        "Total Revenue": NaN,
        "Gross Profit": 322,
        "Operating Income": 64,
        "EBIT": 97,
        "Net Income": 27
    },
    "2015-09-30": {
        "Diluted EPS": 0.43,
        "Total Revenue": NaN,
        "Gross Profit": 340,
        "Operating Income": 82,
        "EBIT": 110,
        "Net Income": 41
    },
    "2015-06-30": {
        "Diluted EPS": 0.52,
        "Total Revenue": NaN,
        "Gross Profit": 340,
        "Operating Income": 97,
        "EBIT": 125,
        "Net Income": 50
    },
    "2015-03-31": {
        "Diluted EPS": 0.52,
        "Total Revenue": NaN,
        "Gross Profit": 355,
        "Operating Income": 99,
        "EBIT": 125,
        "Net Income": 51
    },
    "2014-12-31": {
        "Diluted EPS": 0.49,
        "Total Revenue": NaN,
        "Gross Profit": 335,
        "Operating Income": 97,
        "EBIT": 124,
        "Net Income": 49
    },
    "2014-09-30": {
        "Diluted EPS": 0.33,
        "Total Revenue": NaN,
        "Gross Profit": 331,
        "Operating Income": 68,
        "EBIT": 94,
        "Net Income": 33
    },
    "2014-06-30": {
        "Diluted EPS": 0.42,
        "Total Revenue": NaN,
        "Gross Profit": 329,
        "Operating Income": 84,
        "EBIT": 109,
        "Net Income": 43
    },
    "2014-03-31": {
        "Diluted EPS": 0.51,
        "Total Revenue": NaN,
        "Gross Profit": 331,
        "Operating Income": 100,
        "EBIT": 124,
        "Net Income": 53
    },
    "2013-12-31": {
        "Diluted EPS": 0.43,
        "Total Revenue": NaN,
        "Gross Profit": 320,
        "Operating Income": 78,
        "EBIT": 101,
        "Net Income": 44
    },
    "2013-09-30": {
        "Diluted EPS": 0.36,
        "Total Revenue": NaN,
        "Gross Profit": 317,
        "Operating Income": 75,
        "EBIT": 97,
        "Net Income": 38
    },
    "2013-06-30": {
        "Diluted EPS": 0.42,
        "Total Revenue": NaN,
        "Gross Profit": 306,
        "Operating Income": 96,
        "EBIT": 117,
        "Net Income": 45
    },
    "2013-03-31": {
        "Diluted EPS": 0.51,
        "Total Revenue": 975,
        "Gross Profit": 305,
        "Operating Income": 103,
        "EBIT": 124,
        "Net Income": 55
    },
    "2012-12-31": {
        "Diluted EPS": 0.34,
        "Total Revenue": 944,
        "Gross Profit": 283,
        "Operating Income": 75,
        "EBIT": 95,
        "Net Income": 37
    },
    "2012-09-30": {
        "Diluted EPS": 0.31,
        "Total Revenue": 907,
        "Gross Profit": 277,
        "Operating Income": 67,
        "EBIT": 87,
        "Net Income": 34
    },
    "2012-06-30": {
        "Diluted EPS": 0.35,
        "Total Revenue": 908,
        "Gross Profit": 278,
        "Operating Income": 81,
        "EBIT": 99,
        "Net Income": 40
    },
    "2012-03-31": {
        "Diluted EPS": 0.37,
        "Total Revenue": 902,
        "Gross Profit": 275,
        "Operating Income": 99,
        "EBIT": 118,
        "Net Income": 41
    },
    "2011-12-31": {
        "Diluted EPS": 0.35,
        "Total Revenue": 829,
        "Gross Profit": 243,
        "Operating Income": 79,
        "EBIT": 98,
        "Net Income": 38
    },
    "2011-09-30": {
        "Diluted EPS": 0.32,
        "Total Revenue": 883,
        "Gross Profit": 259,
        "Operating Income": 79,
        "EBIT": 99,
        "Net Income": 36
    },
    "2011-06-30": {
        "Diluted EPS": 0.4,
        "Total Revenue": 894,
        "Gross Profit": 260,
        "Operating Income": 94,
        "EBIT": 113,
        "Net Income": 46
    },
    "2011-03-31": {
        "Diluted EPS": 0.43,
        "Total Revenue": 874,
        "Gross Profit": 270,
        "Operating Income": 100,
        "EBIT": 119,
        "Net Income": 49
    },
    "2010-12-31": {
        "Diluted EPS": -1.23,
        "Total Revenue": 820,
        "Gross Profit": 18,
        "Operating Income": -169,
        "EBIT": -149,
        "Net Income": -117
    },
    "2010-09-30": {
        "Diluted EPS": 0.26,
        "Total Revenue": 760,
        "Gross Profit": 234,
        "Operating Income": 66,
        "EBIT": 87,
        "Net Income": 26
    },
    "2010-06-30": {
        "Diluted EPS": 0.08,
        "Total Revenue": 790,
        "Gross Profit": 234,
        "Operating Income": 74,
        "EBIT": 98,
        "Net Income": 8
    },
    "2010-03-31": {
        "Diluted EPS": 0.25,
        "Total Revenue": 743,
        "Gross Profit": 230,
        "Operating Income": 69,
        "EBIT": 96,
        "Net Income": 26
    },
    "2009-12-31": {
        "Diluted EPS": 0.33,
        "Total Revenue": 735,
        "Gross Profit": 218,
        "Operating Income": 44,
        "EBIT": 72,
        "Net Income": 19
    },
    "2009-09-30": {
        "Diluted EPS": -0.02,
        "Total Revenue": 702,
        "Gross Profit": 221,
        "Operating Income": 18,
        "EBIT": 46,
        "Net Income": -1
    },
    "2009-06-30": {
        "Diluted EPS": 0.16,
        "Total Revenue": 669,
        "Gross Profit": 205,
        "Operating Income": 58,
        "EBIT": 86,
        "Net Income": 16
    },
    "2009-03-31": {
        "Diluted EPS": 0.0,
        "Total Revenue": 643,
        "Gross Profit": 200,
        "Operating Income": 53,
        "EBIT": 81,
        "Net Income": 15
    },
    "2023-09-30": {
        "Tax Effect Of Unusual Items": -38400875700.10165,
        "Tax Rate For Calcs": 0.22958,
        "Normalized EBITDA": 404462000000.0,
        "Total Unusual Items": -167266000000.0,
        "Total Unusual Items Excluding Goodwill": -167266000000.0,
        "Net Income From Continuing Operation Net Minority Interest": -720026000000.0,
        "Reconciled Depreciation": 1044317000000.0,
        "Reconciled Cost Of Revenue": 3768797000000.0,
        "EBITDA": 237196000000.0,
        "EBIT": -807121000000.0,
        "Net Interest Income": -175882000000.0,
        "Interest Expense": 199340000000.0,
        "Interest Income": 36096000000.0,
        "Normalized Income": -591160875700.1017,
        "Net Income From Continuing And Discontinued Operation": -720026000000.0,
        "Total Expenses": 5447367000000.0,
        "Total Operating Income As Reported": -662080000000.0,
        "Diluted Average Shares": 743400442.0,
        "Basic Average Shares": 743400442.0,
        "Diluted EPS": -968.42179,
        "Basic EPS": -968.42179,
        "Diluted NI Availto Com Stockholders": -720026000000.0,
        "Net Income Common Stockholders": -720026000000.0,
        "Net Income": -720026000000.0,
        "Minority Interests": 55372000000.0,
        "Net Income Including Noncontrolling Interests": -775398000000.0,
        "Net Income Continuous Operations": -775398000000.0,
        "Tax Provision": -231063000000.0,
        "Pretax Income": -1006461000000.0,
        "Other Income Expense": -168499000000.0,
        "Other Non Operating Income Expenses": -3437000000.0,
        "Special Income Charges": -48102000000.0,
        "Gain On Sale Of Ppe": -16263000000.0,
        "Impairment Of Capital Assets": 31839000000.0,
        "Earnings From Equity Interest": 2204000000.0,
        "Gain On Sale Of Security": -119164000000.0,
        "Net Non Operating Interest Income Expense": -175882000000.0,
        "Total Other Finance Cost": 12638000000.0,
        "Interest Expense Non Operating": 199340000000.0,
        "Interest Income Non Operating": 36096000000.0,
        "Operating Income": -662080000000.0,
        "Operating Expense": 699410000000.0,
        "Other Taxes": 17671000000.0,
        "Depreciation Amortization Depletion Income Statement": 65157000000.0,
        "Depreciation And Amortization In Income Statement": 65157000000.0,
        "Depreciation Income Statement": 65157000000.0,
        "Research And Development": 346133000000.0,
        "Selling General And Administration": 270449000000.0,
        "Selling And Marketing Expense": 17741000000.0,
        "General And Administrative Expense": 252708000000.0,
        "Other Gand A": 135670000000.0,
        "Insurance And Claims": 3378000000.0,
        "Salaries And Wages": 113660000000.0,
        "Gross Profit": 37330000000.0,
        "Cost Of Revenue": 4747957000000.0,
        "Total Revenue": 4785287000000.0,
        "Operating Revenue": 4763350000000.0
    },
    "2023-12-31": {
        "Tax Effect Of Unusual Items": 25621920000.0,
        "Tax Rate For Calcs": 0.24,
        "Normalized EBITDA": 1267065000000.0,
        "Total Unusual Items": 106758000000.0,
        "Total Unusual Items Excluding Goodwill": 106758000000.0,
        "Net Income From Continuing Operation Net Minority Interest": 58186000000.0,
        "Reconciled Depreciation": 1140035000000.0,
        "Reconciled Cost Of Revenue": 5457353000000.0,
        "EBITDA": 1373823000000.0,
        "EBIT": 233788000000.0,
        "Net Interest Income": -209683000000.0,
        "Interest Expense": 214799000000.0,
        "Interest Income": 32013000000.0,
        "Normalized Income": -22950080000.0,
        "Net Income From Continuing And Discontinued Operation": 58186000000.0,
        "Total Expenses": 7264161000000.0,
        "Total Operating Income As Reported": NaN,
        "Diluted Average Shares": 779243727.0,
        "Basic Average Shares": 779243727.0,
        "Diluted EPS": 65.448073,
        "Basic EPS": 65.448073,
        "Diluted NI Availto Com Stockholders": 58186000000.0,
        "Net Income Common Stockholders": 58186000000.0,
        "Net Income": 58186000000.0,
        "Minority Interests": 7647000000.0,
        "Net Income Including Noncontrolling Interests": 50539000000.0,
        "Net Income Continuous Operations": 50539000000.0,
        "Tax Provision": -31550000000.0,
        "Pretax Income": 18989000000.0,
        "Other Income Expense": 96928000000.0,
        "Other Non Operating Income Expenses": -5500000000.0,
        "Special Income Charges": -28206000000.0,
        "Gain On Sale Of Ppe": -18810000000.0,
        "Impairment Of Capital Assets": 5712000000.0,
        "Earnings From Equity Interest": -4330000000.0,
        "Gain On Sale Of Security": 134964000000.0,
        "Net Non Operating Interest Income Expense": -209683000000.0,
        "Total Other Finance Cost": 26897000000.0,
        "Interest Expense Non Operating": 214799000000.0,
        "Interest Income Non Operating": 32013000000.0,
        "Operating Income": 131744000000.0,
        "Operating Expense": 732158000000.0,
        "Other Taxes": 14872000000.0,
        "Depreciation Amortization Depletion Income Statement": 65385000000.0,
        "Depreciation And Amortization In Income Statement": 65385000000.0,
        "Depreciation Income Statement": 65385000000.0,
        "Research And Development": 340659000000.0,
        "Selling General And Administration": 311242000000.0,
        "Selling And Marketing Expense": 23259000000.0,
        "General And Administrative Expense": 287983000000.0,
        "Other Gand A": 156495000000.0,
        "Insurance And Claims": 3343000000.0,
        "Salaries And Wages": 128145000000.0,
        "Gross Profit": 863902000000.0,
        "Cost Of Revenue": 6532003000000.0,
        "Total Revenue": 7395905000000.0,
        "Operating Revenue": 7437579000000.0
    },
    "2024-03-31": {
        "Tax Effect Of Unusual Items": 0.0,
        "Tax Rate For Calcs": 0.230528,
        "Normalized EBITDA": 508215000000.0,
        "Total Unusual Items": NaN,
        "Total Unusual Items Excluding Goodwill": NaN,
        "Net Income From Continuing Operation Net Minority Interest": -783157000000.0,
        "Reconciled Depreciation": 1279177000000.0,
        "Reconciled Cost Of Revenue": NaN,
        "EBITDA": 508215000000.0,
        "EBIT": -770962000000.0,
        "Net Interest Income": NaN,
        "Interest Expense": 218386000000.0,
        "Interest Income": 21307000000.0,
        "Normalized Income": -783157000000.0,
        "Net Income From Continuing And Discontinued Operation": -783157000000.0,
        "Total Expenses": NaN,
        "Total Operating Income As Reported": -469432000000.0,
        "Diluted Average Shares": 768755204.0,
        "Basic Average Shares": 768755204.0,
        "Diluted EPS": -1018.5,
        "Basic EPS": -1018.5,
        "Diluted NI Availto Com Stockholders": -783157000000.0,
        "Net Income Common Stockholders": -783157000000.0,
        "Net Income": -783157000000.0,
        "Minority Interests": -21881000000.0,
        "Net Income Including Noncontrolling Interests": -761276000000.0,
        "Net Income Continuous Operations": -761276000000.0,
        "Tax Provision": -228072000000.0,
        "Pretax Income": -989348000000.0,
        "Other Income Expense": NaN,
        "Other Non Operating Income Expenses": NaN,
        "Special Income Charges": NaN,
        "Gain On Sale Of Ppe": -11355000000.0,
        "Impairment Of Capital Assets": 119614000000.0,
        "Earnings From Equity Interest": 1847000000.0,
        "Gain On Sale Of Security": NaN,
        "Net Non Operating Interest Income Expense": NaN,
        "Total Other Finance Cost": NaN,
        "Interest Expense Non Operating": 218386000000.0,
        "Interest Income Non Operating": 21307000000.0,
        "Operating Income": -469432000000.0,
        "Operating Expense": NaN,
        "Other Taxes": 17362000000.0,
        "Depreciation Amortization Depletion Income Statement": NaN,
        "Depreciation And Amortization In Income Statement": NaN,
        "Depreciation Income Statement": 67680000000.0,
        "Research And Development": 339747000000.0,
        "Selling General And Administration": NaN,
        "Selling And Marketing Expense": 14287000000.0,
        "General And Administrative Expense": NaN,
        "Other Gand A": NaN,
        "Insurance And Claims": 3356000000.0,
        "Salaries And Wages": NaN,
        "Gross Profit": 217888000000.0,
        "Cost Of Revenue": NaN,
        "Total Revenue": 5252975000000.0,
        "Operating Revenue": 5238518000000.0
    },
    "2024-06-30": {
        "Tax Effect Of Unusual Items": -27187200000.0,
        "Tax Rate For Calcs": 0.24,
        "Normalized EBITDA": -10775000000.0,
        "Total Unusual Items": -113280000000.0,
        "Total Unusual Items Excluding Goodwill": -113280000000.0,
        "Net Income From Continuing Operation Net Minority Interest": -506527000000.0,
        "Reconciled Depreciation": 70523000000.0,
        "Reconciled Cost Of Revenue": 6094596000000.0,
        "EBITDA": -124055000000.0,
        "EBIT": -194578000000.0,
        "Net Interest Income": -222325000000.0,
        "Interest Expense": 238051000000.0,
        "Interest Income": 23172000000.0,
        "Normalized Income": -420434200000.0,
        "Net Income From Continuing And Discontinued Operation": -506527000000.0,
        "Total Expenses": 6801872000000.0,
        "Total Operating Income As Reported": -93673000000.0,
        "Diluted Average Shares": 1000000000.0,
        "Basic Average Shares": 1000000000.0,
        "Diluted EPS": -506.5,
        "Basic EPS": -506.5,
        "Diluted NI Availto Com Stockholders": -506527000000.0,
        "Net Income Common Stockholders": -506527000000.0,
        "Net Income": -506527000000.0,
        "Minority Interests": -35729000000.0,
        "Net Income Including Noncontrolling Interests": -470798000000.0,
        "Net Income Continuous Operations": -470798000000.0,
        "Tax Provision": 38169000000.0,
        "Pretax Income": -432629000000.0,
        "Other Income Expense": -116631000000.0,
        "Other Non Operating Income Expenses": -4792000000.0,
        "Special Income Charges": 11832000000.0,
        "Gain On Sale Of Ppe": 14731000000.0,
        "Impairment Of Capital Assets": 2899000000.0,
        "Earnings From Equity Interest": 1441000000.0,
        "Gain On Sale Of Security": -125112000000.0,
        "Net Non Operating Interest Income Expense": -222325000000.0,
        "Total Other Finance Cost": 7446000000.0,
        "Interest Expense Non Operating": 238051000000.0,
        "Interest Income Non Operating": 23172000000.0,
        "Operating Income": -93673000000.0,
        "Operating Expense": 707276000000.0,
        "Other Taxes": 15980000000.0,
        "Depreciation Amortization Depletion Income Statement": 70523000000.0,
        "Depreciation And Amortization In Income Statement": 70523000000.0,
        "Depreciation Income Statement": NaN,
        "Research And Development": 343878000000.0,
        "Selling General And Administration": 276895000000.0,
        "Selling And Marketing Expense": 16478000000.0,
        "General And Administrative Expense": 260417000000.0,
        "Other Gand A": 142830000000.0,
        "Insurance And Claims": 3722000000.0,
        "Salaries And Wages": 113865000000.0,
        "Gross Profit": 613603000000.0,
        "Cost Of Revenue": 6094596000000.0,
        "Total Revenue": 6708199000000.0,
        "Operating Revenue": 6684279000000.0
    }
}