{
    "2023-03-31": {
        "Tax Effect Of Unusual Items": 12316.92,
        "Tax Rate For Calcs": 0.21,
        "Normalized EBITDA": -300878.0,
        "Total Unusual Items": 58652.0,
        "Total Unusual Items Excluding Goodwill": 58652.0,
        "Net Income From Continuing Operation Net Minority Interest": -1163270.0,
        "Reconciled Depreciation": 778668.0,
        "Reconciled Cost Of Revenue": 4376846.0,
        "EBITDA": -242226.0,
        "EBIT": -1020894.0,
        "Net Interest Income": -77094.0,
        "Interest Expense": 77094.0,
        "Normalized Income": -1209605.08,
        "Net Income From Continuing And Discontinued Operation": -1163270.0,
        "Total Expenses": 8428514.0,
        "Total Operating Income As Reported": -960214.0,
        "Diluted Average Shares": 35124095.0,
        "Basic Average Shares": 35124095.0,
        "Diluted EPS": -0.03,
        "Basic EPS": -0.03,
        "Diluted NI Availto Com Stockholders": -1163270.0,
        "Net Income Common Stockholders": -1163270.0,
        "Net Income": -1163270.0,
        "Net Income Including Noncontrolling Interests": -1163270.0,
        "Net Income Continuous Operations": -1163270.0,
        "Tax Provision": 65282.0,
        "Pretax Income": -1097988.0,
        "Other Income Expense": -2028.0,
        "Other Non Operating Income Expenses": -60680.0,
        "Special Income Charges": 58652.0,
        "Gain On Sale Of Ppe": 58652.0,
        "Net Non Operating Interest Income Expense": -77094.0,
        "Interest Expense Non Operating": 77094.0,
        "Operating Income": -1018866.0,
        "Operating Expense": 3554270.0,
        "Depreciation Amortization Depletion Income Statement": 281270.0,
        "Depreciation And Amortization In Income Statement": 281270.0,
        "Amortization": 281270.0,
        "Amortization Of Intangibles Income Statement": 281270.0,
        "Research And Development": 513694.0,
        "Selling General And Administration": 2759306.0,
        "Gross Profit": 2535404.0,
        "Cost Of Revenue": 4874244.0,
        "Total Revenue": 7409648.0,
        "Operating Revenue": 7409648.0
    },
    "2022-12-31": {
        "Tax Effect Of Unusual Items": -575.82,
        "Tax Rate For Calcs": 0.21,
        "Normalized EBITDA": 209470.0,
        "Total Unusual Items": -2742.0,
        "Total Unusual Items Excluding Goodwill": -2742.0,
        "Net Income From Continuing Operation Net Minority Interest": -694061.0,
        "Reconciled Depreciation": 764548.0,
        "Reconciled Cost Of Revenue": 4765057.0,
        "EBITDA": 206728.0,
        "EBIT": -557820.0,
        "Net Interest Income": -81241.0,
        "Interest Expense": 81241.0,
        "Normalized Income": -691894.82,
        "Net Income From Continuing And Discontinued Operation": -694061.0,
        "Total Expenses": 9026421.0,
        "Total Operating Income As Reported": -556484.0,
        "Diluted Average Shares": 27172226.0,
        "Basic Average Shares": 27172226.0,
        "Diluted EPS": -0.03,
        "Basic EPS": -0.03,
        "Diluted NI Availto Com Stockholders": -694061.0,
        "Net Income Common Stockholders": -694061.0,
        "Net Income": -694061.0,
        "Net Income Including Noncontrolling Interests": -694061.0,
        "Net Income Continuous Operations": -694061.0,
        "Tax Provision": 55000.0,
        "Pretax Income": -639061.0,
        "Other Income Expense": -4078.0,
        "Other Non Operating Income Expenses": -1336.0,
        "Special Income Charges": -2742.0,
        "Gain On Sale Of Ppe": -2742.0,
        "Net Non Operating Interest Income Expense": -81241.0,
        "Interest Expense Non Operating": 81241.0,
        "Operating Income": -553742.0,
        "Operating Expense": 3778087.0,
        "Depreciation Amortization Depletion Income Statement": 281271.0,
        "Depreciation And Amortization In Income Statement": 281271.0,
        "Amortization": 281271.0,
        "Amortization Of Intangibles Income Statement": 281271.0,
        "Research And Development": 466163.0,
        "Selling General And Administration": 3030653.0,
        "Gross Profit": 3224345.0,
        "Cost Of Revenue": 5248334.0,
        "Total Revenue": 8472679.0,
        "Operating Revenue": 8472679.0
    },
    "2022-09-30": {
        "Tax Effect Of Unusual Items": 0.0,
        "Tax Rate For Calcs": 0.4,
        "Normalized EBITDA": -391862.0,
        "Total Unusual Items": NaN,
        "Total Unusual Items Excluding Goodwill": NaN,
        "Net Income From Continuing Operation Net Minority Interest": -1380700.0,
        "Reconciled Depreciation": 816334.0,
        "Reconciled Cost Of Revenue": 4597926.0,
        "EBITDA": -391862.0,
        "EBIT": -1208196.0,
        "Net Interest Income": -70370.0,
        "Interest Expense": 70370.0,
        "Normalized Income": -1380700.0,
        "Net Income From Continuing And Discontinued Operation": -1380700.0,
        "Total Expenses": 8602314.0,
        "Total Operating Income As Reported": -1235413.0,
        "Diluted Average Shares": 27070949.0,
        "Basic Average Shares": 27070949.0,
        "Diluted EPS": -0.05,
        "Basic EPS": -0.05,
        "Diluted NI Availto Com Stockholders": -1380700.0,
        "Net Income Common Stockholders": -1380700.0,
        "Net Income": -1380700.0,
        "Net Income Including Noncontrolling Interests": -1380700.0,
        "Net Income Continuous Operations": -1380700.0,
        "Tax Provision": 102134.0,
        "Pretax Income": -1278566.0,
        "Other Income Expense": 27217.0,
        "Other Non Operating Income Expenses": 27217.0,
        "Special Income Charges": NaN,
        "Gain On Sale Of Ppe": NaN,
        "Net Non Operating Interest Income Expense": -70370.0,
        "Interest Expense Non Operating": 70370.0,
        "Operating Income": -1235413.0,
        "Operating Expense": 3469325.0,
        "Depreciation Amortization Depletion Income Statement": 281271.0,
        "Depreciation And Amortization In Income Statement": 281271.0,
        "Amortization": 281271.0,
        "Amortization Of Intangibles Income Statement": 281271.0,
        "Research And Development": 549881.0,
        "Selling General And Administration": 2638173.0,
        "Gross Profit": 2233912.0,
        "Cost Of Revenue": 5132989.0,
        "Total Revenue": 7366901.0,
        "Operating Revenue": 7366901.0
    },
    "2022-06-30": {
        "Tax Effect Of Unusual Items": -3559.2,
        "Tax Rate For Calcs": 0.4,
        "Normalized EBITDA": -456631.0,
        "Total Unusual Items": -8898.0,
        "Total Unusual Items Excluding Goodwill": -8898.0,
        "Net Income From Continuing Operation Net Minority Interest": -1359790.0,
        "Reconciled Depreciation": 281271.0,
        "Reconciled Cost Of Revenue": 6098627.0,
        "EBITDA": -465529.0,
        "EBIT": -746800.0,
        "Net Interest Income": -78411.0,
        "Interest Expense": 78411.0,
        "Normalized Income": -1354451.2,
        "Net Income From Continuing And Discontinued Operation": -1359790.0,
        "Total Expenses": 9682761.0,
        "Total Operating Income As Reported": -784428.0,
        "Diluted Average Shares": 27042307.0,
        "Basic Average Shares": 27042307.0,
        "Diluted EPS": -0.05,
        "Basic EPS": -0.05,
        "Diluted NI Availto Com Stockholders": -1359790.0,
        "Net Income Common Stockholders": -1359790.0,
        "Net Income": -1359790.0,
        "Net Income Including Noncontrolling Interests": -1359790.0,
        "Net Income Continuous Operations": -1359790.0,
        "Tax Provision": 534579.0,
        "Pretax Income": -825211.0,
        "Other Income Expense": 28730.0,
        "Other Non Operating Income Expenses": 37628.0,
        "Special Income Charges": -8898.0,
        "Gain On Sale Of Ppe": -8898.0,
        "Net Non Operating Interest Income Expense": -78411.0,
        "Interest Expense Non Operating": 78411.0,
        "Operating Income": -775530.0,
        "Operating Expense": 3584134.0,
        "Depreciation Amortization Depletion Income Statement": 281271.0,
        "Depreciation And Amortization In Income Statement": 281271.0,
        "Amortization": 281271.0,
        "Amortization Of Intangibles Income Statement": 281271.0,
        "Research And Development": 516310.0,
        "Selling General And Administration": 2786553.0,
        "Gross Profit": 2808604.0,
        "Cost Of Revenue": 6098627.0,
        "Total Revenue": 8907231.0,
        "Operating Revenue": 8907231.0
    },
    "2022-03-31": {
        "Diluted EPS": -0.02,
        "Total Revenue": 8,
        "Gross Profit": 3,
        "Operating Income": 0,
        "EBIT": 1,
        "Net Income": 0
    },
    "2021-12-31": {
        "Diluted EPS": -0.04,
        "Total Revenue": 9,
        "Gross Profit": 3,
        "Operating Income": -1,
        "EBIT": 0,
        "Net Income": -1
    },
    "2021-09-30": {
        "Diluted EPS": -0.02,
        "Total Revenue": 9,
        "Gross Profit": 3,
        "Operating Income": 0,
        "EBIT": 1,
        "Net Income": -1
    },
    "2021-06-30": {
        "Diluted EPS": -0.1,
        "Total Revenue": 8,
        "Gross Profit": 2,
        "Operating Income": -3,
        "EBIT": -2,
        "Net Income": -3
    },
    "2021-03-31": {
        "Diluted EPS": -0.01,
        "Total Revenue": 11,
        "Gross Profit": 4,
        "Operating Income": 0,
        "EBIT": 1,
        "Net Income": 0
    },
    "2020-12-31": {
        "Diluted EPS": -0.01,
        "Total Revenue": 10,
        "Gross Profit": 4,
        "Operating Income": 0,
        "EBIT": 1,
        "Net Income": 0
    },
    "2020-09-30": {
        "Diluted EPS": 0.0,
        "Total Revenue": 10,
        "Gross Profit": 4,
        "Operating Income": 1,
        "EBIT": 2,
        "Net Income": 0
    },
    "2020-06-30": {
        "Diluted EPS": 0.02,
        "Total Revenue": 9,
        "Gross Profit": 4,
        "Operating Income": 1,
        "EBIT": 1,
        "Net Income": 1
    },
    "2020-03-31": {
        "Diluted EPS": 0.03,
        "Total Revenue": 9,
        "Gross Profit": 4,
        "Operating Income": 1,
        "EBIT": 2,
        "Net Income": 1
    },
    "2019-12-31": {
        "Diluted EPS": 0.03,
        "Total Revenue": 10,
        "Gross Profit": 4,
        "Operating Income": 1,
        "EBIT": 2,
        "Net Income": 1
    },
    "2019-09-30": {
        "Diluted EPS": -0.05,
        "Total Revenue": 8,
        "Gross Profit": 2,
        "Operating Income": -1,
        "EBIT": 0,
        "Net Income": -1
    },
    "2019-06-30": {
        "Diluted EPS": -0.07,
        "Total Revenue": 9,
        "Gross Profit": 3,
        "Operating Income": -1,
        "EBIT": 0,
        "Net Income": -2
    },
    "2019-03-31": {
        "Diluted EPS": -0.01,
        "Total Revenue": 8,
        "Gross Profit": 3,
        "Operating Income": 0,
        "EBIT": 1,
        "Net Income": 0
    },
    "2018-12-31": {
        "Diluted EPS": 0.0,
        "Total Revenue": 9,
        "Gross Profit": 4,
        "Operating Income": 0,
        "EBIT": 1,
        "Net Income": 0
    },
    "2018-09-30": {
        "Diluted EPS": -0.02,
        "Total Revenue": 9,
        "Gross Profit": 3,
        "Operating Income": 0,
        "EBIT": 1,
        "Net Income": -1
    },
    "2018-06-30": {
        "Diluted EPS": -0.03,
        "Total Revenue": 8,
        "Gross Profit": 2,
        "Operating Income": 0,
        "EBIT": 0,
        "Net Income": -1
    },
    "2018-03-31": {
        "Diluted EPS": 0.04,
        "Total Revenue": 9,
        "Gross Profit": 3,
        "Operating Income": 0,
        "EBIT": 1,
        "Net Income": 1
    },
    "2017-12-31": {
        "Diluted EPS": 0.02,
        "Total Revenue": 8,
        "Gross Profit": 4,
        "Operating Income": 0,
        "EBIT": 1,
        "Net Income": 0
    },
    "2017-09-30": {
        "Diluted EPS": 0.01,
        "Total Revenue": 8,
        "Gross Profit": 3,
        "Operating Income": 0,
        "EBIT": 1,
        "Net Income": 0
    },
    "2017-06-30": {
        "Diluted EPS": 0.29,
        "Total Revenue": 9,
        "Gross Profit": 4,
        "Operating Income": 1,
        "EBIT": 2,
        "Net Income": 6
    },
    "2017-03-31": {
        "Diluted EPS": 0.0,
        "Total Revenue": 8,
        "Gross Profit": 4,
        "Operating Income": 1,
        "EBIT": 2,
        "Net Income": 0
    },
    "2016-12-31": {
        "Diluted EPS": 0.06,
        "Total Revenue": 6,
        "Gross Profit": 3,
        "Operating Income": 1,
        "EBIT": 2,
        "Net Income": 1
    },
    "2016-09-30": {
        "Diluted EPS": 0.01,
        "Total Revenue": 5,
        "Gross Profit": 3,
        "Operating Income": 0,
        "EBIT": 1,
        "Net Income": 0
    },
    "2016-06-30": {
        "Diluted EPS": 0.03,
        "Total Revenue": 5,
        "Gross Profit": 2,
        "Operating Income": 1,
        "EBIT": 1,
        "Net Income": 0
    },
    "2016-03-31": {
        "Diluted EPS": 0.04,
        "Total Revenue": 4,
        "Gross Profit": 2,
        "Operating Income": 0,
        "EBIT": 0,
        "Net Income": 1
    },
    "2015-12-31": {
        "Diluted EPS": -0.04,
        "Total Revenue": 4,
        "Gross Profit": 2,
        "Operating Income": 1,
        "EBIT": 1,
        "Net Income": -1
    },
    "2015-09-30": {
        "Diluted EPS": 0.05,
        "Total Revenue": 4,
        "Gross Profit": 2,
        "Operating Income": 1,
        "EBIT": 1,
        "Net Income": 1
    },
    "2015-06-30": {
        "Diluted EPS": -0.03,
        "Total Revenue": 5,
        "Gross Profit": 2,
        "Operating Income": 0,
        "EBIT": 1,
        "Net Income": 0
    },
    "2015-03-31": {
        "Diluted EPS": 0.01,
        "Total Revenue": 3,
        "Gross Profit": 2,
        "Operating Income": 0,
        "EBIT": 0,
        "Net Income": 0
    },
    "2014-12-31": {
        "Diluted EPS": 0.01,
        "Total Revenue": 3,
        "Gross Profit": 1,
        "Operating Income": 0,
        "EBIT": 0,
        "Net Income": 0
    },
    "2014-09-30": {
        "Diluted EPS": -0.04,
        "Total Revenue": 3,
        "Gross Profit": 1,
        "Operating Income": -1,
        "EBIT": 0,
        "Net Income": -1
    },
    "2014-06-30": {
        "Diluted EPS": 0.01,
        "Total Revenue": 3,
        "Gross Profit": 1,
        "Operating Income": 0,
        "EBIT": 0,
        "Net Income": 0
    },
    "2014-03-31": {
        "Diluted EPS": -0.01,
        "Total Revenue": 3,
        "Gross Profit": 1,
        "Operating Income": 0,
        "EBIT": 0,
        "Net Income": 0
    },
    "2013-12-31": {
        "Diluted EPS": -0.01,
        "Total Revenue": 3,
        "Gross Profit": 1,
        "Operating Income": 0,
        "EBIT": 0,
        "Net Income": 0
    },
    "2013-09-30": {
        "Diluted EPS": -0.01,
        "Total Revenue": 3,
        "Gross Profit": 1,
        "Operating Income": 0,
        "EBIT": 0,
        "Net Income": 0
    },
    "2013-06-30": {
        "Diluted EPS": -0.02,
        "Total Revenue": 3,
        "Gross Profit": 1,
        "Operating Income": 0,
        "EBIT": 0,
        "Net Income": 0
    },
    "2013-03-31": {
        "Diluted EPS": 0.02,
        "Total Revenue": 3,
        "Gross Profit": 1,
        "Operating Income": 0,
        "EBIT": 0,
        "Net Income": 0
    },
    "2012-12-31": {
        "Diluted EPS": 0.01,
        "Total Revenue": 3,
        "Gross Profit": 1,
        "Operating Income": 0,
        "EBIT": 0,
        "Net Income": 0
    },
    "2012-09-30": {
        "Diluted EPS": 0.01,
        "Total Revenue": 3,
        "Gross Profit": 1,
        "Operating Income": 0,
        "EBIT": 0,
        "Net Income": 0
    },
    "2012-06-30": {
        "Diluted EPS": 0.02,
        "Total Revenue": 3,
        "Gross Profit": 1,
        "Operating Income": 0,
        "EBIT": 0,
        "Net Income": 0
    },
    "2012-03-31": {
        "Diluted EPS": -0.05,
        "Total Revenue": 3,
        "Gross Profit": 1,
        "Operating Income": -1,
        "EBIT": 0,
        "Net Income": -1
    },
    "2011-12-31": {
        "Diluted EPS": -0.04,
        "Total Revenue": 3,
        "Gross Profit": 1,
        "Operating Income": 0,
        "EBIT": 0,
        "Net Income": 0
    },
    "2011-09-30": {
        "Diluted EPS": -0.02,
        "Total Revenue": 3,
        "Gross Profit": 1,
        "Operating Income": 0,
        "EBIT": 0,
        "Net Income": 0
    },
    "2011-06-30": {
        "Diluted EPS": 0.0,
        "Total Revenue": 3,
        "Gross Profit": 1,
        "Operating Income": 0,
        "EBIT": 0,
        "Net Income": 0
    },
    "2011-03-31": {
        "Diluted EPS": -0.04,
        "Total Revenue": 2,
        "Gross Profit": 1,
        "Operating Income": 0,
        "EBIT": 0,
        "Net Income": 0
    },
    "2010-12-31": {
        "Diluted EPS": -0.04,
        "Total Revenue": 3,
        "Gross Profit": 1,
        "Operating Income": 0,
        "EBIT": 0,
        "Net Income": 0
    },
    "2010-09-30": {
        "Diluted EPS": -0.09,
        "Total Revenue": 2,
        "Gross Profit": 1,
        "Operating Income": 0,
        "EBIT": 0,
        "Net Income": -1
    },
    "2010-06-30": {
        "Diluted EPS": 0.02,
        "Total Revenue": 3,
        "Gross Profit": 1,
        "Operating Income": 0,
        "EBIT": 0,
        "Net Income": 0
    },
    "2010-03-31": {
        "Diluted EPS": 0.0,
        "Total Revenue": 3,
        "Gross Profit": 1,
        "Operating Income": 0,
        "EBIT": 0,
        "Net Income": 0
    },
    "2009-12-31": {
        "Diluted EPS": 0.0,
        "Total Revenue": 2,
        "Gross Profit": 1,
        "Operating Income": 0,
        "EBIT": 0,
        "Net Income": 0
    },
    "2009-09-30": {
        "Diluted EPS": -0.09,
        "Total Revenue": 2,
        "Gross Profit": 1,
        "Operating Income": -1,
        "EBIT": 0,
        "Net Income": -1
    },
    "2009-06-30": {
        "Diluted EPS": -0.03,
        "Total Revenue": 2,
        "Gross Profit": 1,
        "Operating Income": 0,
        "EBIT": 0,
        "Net Income": 0
    },
    "2009-03-31": {
        "Diluted EPS": -0.11,
        "Total Revenue": 2,
        "Gross Profit": 0,
        "Operating Income": -1,
        "EBIT": 0,
        "Net Income": -1
    },
    "2023-06-30": {
        "Tax Effect Of Unusual Items": 4717.23,
        "Tax Rate For Calcs": 0.21,
        "Normalized EBITDA": 49895.0,
        "Total Unusual Items": 22463.0,
        "Total Unusual Items Excluding Goodwill": 22463.0,
        "Net Income From Continuing Operation Net Minority Interest": -808840.0,
        "Reconciled Depreciation": 815019.0,
        "Reconciled Cost Of Revenue": 6069811.0,
        "EBITDA": 72358.0,
        "EBIT": -742661.0,
        "Net Interest Income": -54561.0,
        "Interest Expense": 54561.0,
        "Normalized Income": -826585.77,
        "Net Income From Continuing And Discontinued Operation": -808840.0,
        "Total Expenses": 10509614.0,
        "Total Operating Income As Reported": -802430.0,
        "Diluted Average Shares": 37320084.0,
        "Basic Average Shares": 37320084.0,
        "Diluted EPS": -0.02,
        "Basic EPS": -0.02,
        "Diluted NI Availto Com Stockholders": -808840.0,
        "Net Income Common Stockholders": -808840.0,
        "Net Income": -808840.0,
        "Net Income Including Noncontrolling Interests": -808840.0,
        "Net Income Continuous Operations": -808840.0,
        "Tax Provision": 11618.0,
        "Pretax Income": -797222.0,
        "Other Income Expense": 82232.0,
        "Other Non Operating Income Expenses": 59769.0,
        "Special Income Charges": 22463.0,
        "Gain On Sale Of Ppe": 22463.0,
        "Net Non Operating Interest Income Expense": -54561.0,
        "Interest Expense Non Operating": 54561.0,
        "Operating Income": -824893.0,
        "Operating Expense": 3906055.0,
        "Depreciation Amortization Depletion Income Statement": 281271.0,
        "Depreciation And Amortization In Income Statement": 281271.0,
        "Amortization": 281271.0,
        "Amortization Of Intangibles Income Statement": 281271.0,
        "Research And Development": 615675.0,
        "Selling General And Administration": 3009109.0,
        "Gross Profit": 3081162.0,
        "Cost Of Revenue": 6603559.0,
        "Total Revenue": 9684721.0,
        "Operating Revenue": 9684721.0
    },
    "2023-09-30": {
        "Tax Effect Of Unusual Items": 0.0,
        "Tax Rate For Calcs": 0.21,
        "Normalized EBITDA": -431663.0,
        "Total Unusual Items": NaN,
        "Total Unusual Items Excluding Goodwill": NaN,
        "Net Income From Continuing Operation Net Minority Interest": -1342376.0,
        "Reconciled Depreciation": 813556.0,
        "Reconciled Cost Of Revenue": 5213257.0,
        "EBITDA": -431663.0,
        "EBIT": -1245219.0,
        "Net Interest Income": -57611.0,
        "Interest Expense": 57611.0,
        "Normalized Income": -1342376.0,
        "Net Income From Continuing And Discontinued Operation": -1342376.0,
        "Total Expenses": 9327870.0,
        "Total Operating Income As Reported": -1250622.0,
        "Diluted Average Shares": 37431748.0,
        "Basic Average Shares": 37431748.0,
        "Diluted EPS": -0.04,
        "Basic EPS": -0.04,
        "Diluted NI Availto Com Stockholders": -1342376.0,
        "Net Income Common Stockholders": -1342376.0,
        "Net Income": -1342376.0,
        "Net Income Including Noncontrolling Interests": -1342376.0,
        "Net Income Continuous Operations": -1342376.0,
        "Tax Provision": 39546.0,
        "Pretax Income": -1302830.0,
        "Other Income Expense": 5403.0,
        "Other Non Operating Income Expenses": 5403.0,
        "Special Income Charges": NaN,
        "Gain On Sale Of Ppe": NaN,
        "Net Non Operating Interest Income Expense": -57611.0,
        "Interest Expense Non Operating": 57611.0,
        "Operating Income": -1250622.0,
        "Operating Expense": 3582328.0,
        "Depreciation Amortization Depletion Income Statement": 281271.0,
        "Depreciation And Amortization In Income Statement": 281271.0,
        "Amortization": 281271.0,
        "Amortization Of Intangibles Income Statement": 281271.0,
        "Research And Development": 639889.0,
        "Selling General And Administration": 2661168.0,
        "Gross Profit": 2331706.0,
        "Cost Of Revenue": 5745542.0,
        "Total Revenue": 8077248.0,
        "Operating Revenue": 8077248.0
    },
    "2023-12-31": {
        "Tax Effect Of Unusual Items": 0.0,
        "Tax Rate For Calcs": 0.21,
        "Normalized EBITDA": -454373.0,
        "Total Unusual Items": 0.0,
        "Total Unusual Items Excluding Goodwill": 0.0,
        "Net Income From Continuing Operation Net Minority Interest": -1713663.0,
        "Reconciled Depreciation": 1129444.0,
        "Reconciled Cost Of Revenue": 4503318.0,
        "EBITDA": -454373.0,
        "EBIT": -1583817.0,
        "Net Interest Income": -53788.0,
        "Interest Expense": 53788.0,
        "Normalized Income": -1713663.0,
        "Net Income From Continuing And Discontinued Operation": -1713663.0,
        "Total Expenses": 9098966.0,
        "Total Operating Income As Reported": -1783329.0,
        "Diluted Average Shares": 37501683.0,
        "Basic Average Shares": 37501683.0,
        "Diluted EPS": -0.05,
        "Basic EPS": -0.05,
        "Diluted NI Availto Com Stockholders": -1713663.0,
        "Net Income Common Stockholders": -1713663.0,
        "Net Income": -1713663.0,
        "Net Income Including Noncontrolling Interests": -1713663.0,
        "Net Income Continuous Operations": -1713663.0,
        "Tax Provision": 76058.0,
        "Pretax Income": -1637605.0,
        "Other Income Expense": 199512.0,
        "Other Non Operating Income Expenses": 199512.0,
        "Special Income Charges": 0.0,
        "Gain On Sale Of Ppe": 0.0,
        "Net Non Operating Interest Income Expense": -53788.0,
        "Interest Expense Non Operating": 53788.0,
        "Operating Income": -1783329.0,
        "Operating Expense": 3951650.0,
        "Depreciation Amortization Depletion Income Statement": 485446.0,
        "Depreciation And Amortization In Income Statement": 485446.0,
        "Amortization": 485446.0,
        "Amortization Of Intangibles Income Statement": 485446.0,
        "Research And Development": 607747.0,
        "Selling General And Administration": 2858457.0,
        "Gross Profit": 2168321.0,
        "Cost Of Revenue": 5147316.0,
        "Total Revenue": 7315637.0,
        "Operating Revenue": 7315637.0
    }
}