{
    "2023-03-31": {
        "Tax Effect Of Unusual Items": NaN,
        "Tax Rate For Calcs": NaN,
        "Normalized EBITDA": NaN,
        "Total Unusual Items": NaN,
        "Total Unusual Items Excluding Goodwill": NaN,
        "Net Income From Continuing Operation Net Minority Interest": NaN,
        "Reconciled Depreciation": NaN,
        "EBITDA": NaN,
        "EBIT": NaN,
        "Net Interest Income": NaN,
        "Interest Expense": 0.0,
        "Interest Income": NaN,
        "Normalized Income": NaN,
        "Net Income From Continuing And Discontinued Operation": NaN,
        "Total Expenses": NaN,
        "Total Operating Income As Reported": NaN,
        "Diluted Average Shares": NaN,
        "Basic Average Shares": NaN,
        "Diluted EPS": NaN,
        "Basic EPS": NaN,
        "Diluted NI Availto Com Stockholders": NaN,
        "Net Income Common Stockholders": NaN,
        "Otherunder Preferred Stock Dividend": NaN,
        "Net Income": NaN,
        "Net Income Including Noncontrolling Interests": NaN,
        "Net Income Continuous Operations": NaN,
        "Tax Provision": NaN,
        "Pretax Income": NaN,
        "Other Income Expense": NaN,
        "Gain On Sale Of Security": NaN,
        "Net Non Operating Interest Income Expense": NaN,
        "Interest Expense Non Operating": 0.0,
        "Interest Income Non Operating": NaN,
        "Operating Income": NaN,
        "Operating Expense": NaN,
        "Other Operating Expenses": NaN,
        "Research And Development": NaN,
        "Selling General And Administration": NaN,
        "General And Administrative Expense": NaN,
        "Other Gand A": NaN,
        "Total Revenue": NaN,
        "Operating Revenue": NaN
    },
    "2022-12-31": {
        "Tax Effect Of Unusual Items": NaN,
        "Tax Rate For Calcs": NaN,
        "Normalized EBITDA": NaN,
        "Total Unusual Items": NaN,
        "Total Unusual Items Excluding Goodwill": NaN,
        "Net Income From Continuing Operation Net Minority Interest": NaN,
        "Reconciled Depreciation": NaN,
        "EBITDA": NaN,
        "EBIT": NaN,
        "Net Interest Income": NaN,
        "Interest Expense": 5000.0,
        "Interest Income": NaN,
        "Normalized Income": NaN,
        "Net Income From Continuing And Discontinued Operation": NaN,
        "Total Expenses": NaN,
        "Total Operating Income As Reported": NaN,
        "Diluted Average Shares": NaN,
        "Basic Average Shares": NaN,
        "Diluted EPS": NaN,
        "Basic EPS": NaN,
        "Diluted NI Availto Com Stockholders": NaN,
        "Net Income Common Stockholders": NaN,
        "Otherunder Preferred Stock Dividend": NaN,
        "Net Income": NaN,
        "Net Income Including Noncontrolling Interests": NaN,
        "Net Income Continuous Operations": NaN,
        "Pretax Income": NaN,
        "Other Income Expense": NaN,
        "Gain On Sale Of Security": NaN,
        "Net Non Operating Interest Income Expense": NaN,
        "Interest Expense Non Operating": 5000.0,
        "Interest Income Non Operating": NaN,
        "Operating Income": NaN,
        "Operating Expense": NaN,
        "Other Operating Expenses": NaN,
        "Research And Development": NaN,
        "Selling General And Administration": NaN,
        "General And Administrative Expense": NaN,
        "Other Gand A": NaN,
        "Total Revenue": NaN,
        "Operating Revenue": NaN
    },
    "2022-09-30": {
        "Tax Effect Of Unusual Items": 0.0,
        "Tax Rate For Calcs": 0.0,
        "Normalized EBITDA": -14272000.0,
        "Total Unusual Items": -807000.0,
        "Total Unusual Items Excluding Goodwill": -807000.0,
        "Net Income From Continuing Operation Net Minority Interest": -15094000.0,
        "Reconciled Depreciation": 4000.0,
        "EBITDA": -15079000.0,
        "EBIT": -15083000.0,
        "Net Interest Income": 349000.0,
        "Interest Expense": 11000.0,
        "Interest Income": 360000.0,
        "Normalized Income": -14287000.0,
        "Net Income From Continuing And Discontinued Operation": -15094000.0,
        "Total Expenses": 14636000.0,
        "Total Operating Income As Reported": -15288000.0,
        "Diluted Average Shares": 11323909.0,
        "Basic Average Shares": 11323909.0,
        "Diluted EPS": -1.33,
        "Basic EPS": -1.33,
        "Diluted NI Availto Com Stockholders": -15094000.0,
        "Net Income Common Stockholders": -15094000.0,
        "Net Income": -15094000.0,
        "Net Income Including Noncontrolling Interests": -15094000.0,
        "Net Income Continuous Operations": -15094000.0,
        "Tax Provision": NaN,
        "Pretax Income": -15094000.0,
        "Other Income Expense": -807000.0,
        "Gain On Sale Of Security": -807000.0,
        "Net Non Operating Interest Income Expense": 349000.0,
        "Interest Expense Non Operating": 11000.0,
        "Interest Income Non Operating": 360000.0,
        "Operating Income": -14636000.0,
        "Operating Expense": 14636000.0,
        "Other Operating Expenses": -652000.0,
        "Research And Development": 12102000.0,
        "Selling General And Administration": 3186000.0,
        "General And Administrative Expense": 3186000.0,
        "Other Gand A": 3186000.0,
        "Total Revenue": 0.0,
        "Operating Revenue": 0.0
    },
    "2022-06-30": {
        "Tax Effect Of Unusual Items": 0.0,
        "Tax Rate For Calcs": 0.0,
        "Normalized EBITDA": -16270000.0,
        "Total Unusual Items": -733000.0,
        "Total Unusual Items Excluding Goodwill": -733000.0,
        "Net Income From Continuing Operation Net Minority Interest": -17024000.0,
        "Reconciled Depreciation": 4000.0,
        "EBITDA": -17003000.0,
        "EBIT": -17007000.0,
        "Net Interest Income": 22000.0,
        "Interest Expense": 17000.0,
        "Interest Income": 39000.0,
        "Normalized Income": -16291000.0,
        "Net Income From Continuing And Discontinued Operation": -17024000.0,
        "Total Expenses": 16313000.0,
        "Total Operating Income As Reported": -16900000.0,
        "Diluted Average Shares": 11324893.0,
        "Basic Average Shares": 11324893.0,
        "Diluted EPS": -1.5,
        "Basic EPS": -1.5,
        "Diluted NI Availto Com Stockholders": -17024000.0,
        "Net Income Common Stockholders": -17024000.0,
        "Net Income": -17024000.0,
        "Net Income Including Noncontrolling Interests": -17024000.0,
        "Net Income Continuous Operations": -17024000.0,
        "Tax Provision": NaN,
        "Pretax Income": -17024000.0,
        "Other Income Expense": -733000.0,
        "Gain On Sale Of Security": -733000.0,
        "Net Non Operating Interest Income Expense": 22000.0,
        "Interest Expense Non Operating": 17000.0,
        "Interest Income Non Operating": 39000.0,
        "Operating Income": -16313000.0,
        "Operating Expense": 16313000.0,
        "Other Operating Expenses": -587000.0,
        "Research And Development": 14045000.0,
        "Selling General And Administration": 2855000.0,
        "General And Administrative Expense": 2855000.0,
        "Other Gand A": 2855000.0,
        "Total Revenue": 0.0,
        "Operating Revenue": 0.0
    },
    "2022-03-31": {
        "Diluted EPS": -0.9,
        "Total Revenue": NaN,
        "Gross Profit": NaN,
        "Operating Income": -11,
        "EBIT": -11,
        "Net Income": -10
    },
    "2021-12-31": {
        "Diluted EPS": -0.9,
        "Total Revenue": 0,
        "Gross Profit": 0,
        "Operating Income": -10,
        "EBIT": -10,
        "Net Income": -11
    },
    "2021-09-30": {
        "Diluted EPS": -1.4,
        "Total Revenue": 0,
        "Gross Profit": 0,
        "Operating Income": -12,
        "EBIT": -12,
        "Net Income": -11
    },
    "2021-06-30": {
        "Diluted EPS": -1.2,
        "Total Revenue": 0,
        "Gross Profit": 0,
        "Operating Income": -10,
        "EBIT": -10,
        "Net Income": -10
    },
    "2021-03-31": {
        "Diluted EPS": -1.2,
        "Total Revenue": 0,
        "Gross Profit": 0,
        "Operating Income": -9,
        "EBIT": -9,
        "Net Income": -9
    },
    "2020-12-31": {
        "Diluted EPS": 1.3,
        "Total Revenue": 0,
        "Gross Profit": 0,
        "Operating Income": -7,
        "EBIT": -7,
        "Net Income": -7
    },
    "2020-09-30": {
        "Diluted EPS": -0.9,
        "Total Revenue": 0,
        "Gross Profit": 0,
        "Operating Income": -8,
        "EBIT": -7,
        "Net Income": -7
    },
    "2020-06-30": {
        "Diluted EPS": -1.2,
        "Total Revenue": 0,
        "Gross Profit": 0,
        "Operating Income": -7,
        "EBIT": -8,
        "Net Income": -7
    },
    "2020-03-31": {
        "Diluted EPS": -5.5,
        "Total Revenue": 0,
        "Gross Profit": 0,
        "Operating Income": -6,
        "EBIT": -6,
        "Net Income": -17
    },
    "2019-12-31": {
        "Diluted EPS": -3.0,
        "Total Revenue": NaN,
        "Gross Profit": NaN,
        "Operating Income": -8,
        "EBIT": -9,
        "Net Income": -8
    },
    "2019-09-30": {
        "Diluted EPS": -3.3,
        "Total Revenue": NaN,
        "Gross Profit": NaN,
        "Operating Income": -8,
        "EBIT": -8,
        "Net Income": -8
    },
    "2019-06-30": {
        "Diluted EPS": -3.7,
        "Total Revenue": NaN,
        "Gross Profit": NaN,
        "Operating Income": -8,
        "EBIT": -8,
        "Net Income": -8
    },
    "2019-03-31": {
        "Diluted EPS": -4.7,
        "Total Revenue": NaN,
        "Gross Profit": NaN,
        "Operating Income": -9,
        "EBIT": -9,
        "Net Income": -9
    },
    "2018-12-31": {
        "Diluted EPS": -2.1,
        "Total Revenue": NaN,
        "Gross Profit": NaN,
        "Operating Income": -9,
        "EBIT": -9,
        "Net Income": 1
    },
    "2018-09-30": {
        "Diluted EPS": -5.5,
        "Total Revenue": NaN,
        "Gross Profit": NaN,
        "Operating Income": -9,
        "EBIT": -9,
        "Net Income": -7
    },
    "2018-06-30": {
        "Diluted EPS": -5.0,
        "Total Revenue": NaN,
        "Gross Profit": NaN,
        "Operating Income": -7,
        "EBIT": -7,
        "Net Income": -7
    },
    "2018-03-31": {
        "Diluted EPS": -8.5,
        "Total Revenue": NaN,
        "Gross Profit": NaN,
        "Operating Income": -6,
        "EBIT": -6,
        "Net Income": -11
    },
    "2017-12-31": {
        "Diluted EPS": -4.5,
        "Total Revenue": NaN,
        "Gross Profit": NaN,
        "Operating Income": -7,
        "EBIT": -7,
        "Net Income": -7
    },
    "2017-09-30": {
        "Diluted EPS": -7.3,
        "Total Revenue": NaN,
        "Gross Profit": NaN,
        "Operating Income": -9,
        "EBIT": -9,
        "Net Income": -7
    },
    "2017-06-30": {
        "Diluted EPS": -7.4,
        "Total Revenue": NaN,
        "Gross Profit": NaN,
        "Operating Income": -7,
        "EBIT": -7,
        "Net Income": -7
    },
    "2017-03-31": {
        "Diluted EPS": -13.9,
        "Total Revenue": NaN,
        "Gross Profit": NaN,
        "Operating Income": -10,
        "EBIT": -10,
        "Net Income": -10
    },
    "2016-12-31": {
        "Diluted EPS": 0.0,
        "Total Revenue": NaN,
        "Gross Profit": NaN,
        "Operating Income": -8,
        "EBIT": -8,
        "Net Income": -6
    },
    "2016-09-30": {
        "Diluted EPS": 0.0,
        "Total Revenue": NaN,
        "Gross Profit": NaN,
        "Operating Income": -7,
        "EBIT": -7,
        "Net Income": -7
    },
    "2016-06-30": {
        "Diluted EPS": 0.0,
        "Total Revenue": NaN,
        "Gross Profit": NaN,
        "Operating Income": -7,
        "EBIT": -7,
        "Net Income": -7
    },
    "2016-03-31": {
        "Diluted EPS": 0.0,
        "Total Revenue": NaN,
        "Gross Profit": NaN,
        "Operating Income": -5,
        "EBIT": -5,
        "Net Income": -5
    },
    "2015-12-31": {
        "Diluted EPS": 0.0,
        "Total Revenue": NaN,
        "Gross Profit": NaN,
        "Operating Income": NaN,
        "EBIT": NaN,
        "Net Income": NaN
    },
    "2023-06-30": {
        "Tax Effect Of Unusual Items": NaN,
        "Tax Rate For Calcs": NaN,
        "Normalized EBITDA": NaN,
        "Total Unusual Items": NaN,
        "Total Unusual Items Excluding Goodwill": NaN,
        "Net Income From Continuing Operation Net Minority Interest": NaN,
        "Reconciled Depreciation": NaN,
        "EBITDA": NaN,
        "EBIT": NaN,
        "Net Interest Income": NaN,
        "Interest Expense": 0.0,
        "Interest Income": NaN,
        "Normalized Income": NaN,
        "Net Income From Continuing And Discontinued Operation": NaN,
        "Total Expenses": NaN,
        "Total Operating Income As Reported": NaN,
        "Diluted Average Shares": 14710375.0,
        "Basic Average Shares": 14710375.0,
        "Diluted EPS": -0.91,
        "Basic EPS": -0.91,
        "Diluted NI Availto Com Stockholders": NaN,
        "Net Income Common Stockholders": NaN,
        "Otherunder Preferred Stock Dividend": 0.0,
        "Net Income": NaN,
        "Net Income Including Noncontrolling Interests": NaN,
        "Net Income Continuous Operations": NaN,
        "Tax Provision": NaN,
        "Pretax Income": NaN,
        "Other Income Expense": NaN,
        "Gain On Sale Of Security": NaN,
        "Net Non Operating Interest Income Expense": NaN,
        "Interest Expense Non Operating": 0.0,
        "Interest Income Non Operating": NaN,
        "Operating Income": NaN,
        "Operating Expense": NaN,
        "Other Operating Expenses": NaN,
        "Research And Development": NaN,
        "Selling General And Administration": NaN,
        "General And Administrative Expense": NaN,
        "Other Gand A": NaN,
        "Total Revenue": NaN,
        "Operating Revenue": NaN
    },
    "2023-09-30": {
        "Tax Effect Of Unusual Items": 0.0,
        "Tax Rate For Calcs": 0.0,
        "Normalized EBITDA": -13778000.0,
        "Total Unusual Items": -501000.0,
        "Total Unusual Items Excluding Goodwill": -501000.0,
        "Net Income From Continuing Operation Net Minority Interest": -13696000.0,
        "Reconciled Depreciation": -199000.0,
        "EBITDA": -14279000.0,
        "EBIT": -14279000.0,
        "Net Interest Income": 1084000.0,
        "Interest Expense": 0.0,
        "Interest Income": 1084000.0,
        "Normalized Income": -13195000.0,
        "Net Income From Continuing And Discontinued Operation": -13696000.0,
        "Total Expenses": 14279000.0,
        "Total Operating Income As Reported": -14833000.0,
        "Diluted Average Shares": 26987182.0,
        "Basic Average Shares": 26987182.0,
        "Diluted EPS": -0.51,
        "Basic EPS": -0.51,
        "Diluted NI Availto Com Stockholders": -13696000.0,
        "Net Income Common Stockholders": -13696000.0,
        "Otherunder Preferred Stock Dividend": 0.0,
        "Net Income": -13696000.0,
        "Net Income Including Noncontrolling Interests": -13696000.0,
        "Net Income Continuous Operations": -13696000.0,
        "Tax Provision": 0.0,
        "Pretax Income": -13696000.0,
        "Other Income Expense": -501000.0,
        "Gain On Sale Of Security": -501000.0,
        "Net Non Operating Interest Income Expense": 1084000.0,
        "Interest Expense Non Operating": 0.0,
        "Interest Income Non Operating": 1084000.0,
        "Operating Income": -14279000.0,
        "Operating Expense": 14279000.0,
        "Other Operating Expenses": -554000.0,
        "Research And Development": 11503000.0,
        "Selling General And Administration": 3330000.0,
        "General And Administrative Expense": 3330000.0,
        "Other Gand A": 3330000.0,
        "Total Revenue": 0.0,
        "Operating Revenue": 0.0
    },
    "2023-12-31": {
        "Tax Effect Of Unusual Items": 0.0,
        "Tax Rate For Calcs": 0.0,
        "Normalized EBITDA": -13401000.0,
        "Total Unusual Items": 940000.0,
        "Total Unusual Items Excluding Goodwill": 940000.0,
        "Net Income From Continuing Operation Net Minority Interest": -12465000.0,
        "Reconciled Depreciation": 4000.0,
        "EBITDA": -12461000.0,
        "EBIT": -12465000.0,
        "Net Interest Income": 938000.0,
        "Interest Expense": 0.0,
        "Interest Income": 938000.0,
        "Normalized Income": -13405000.0,
        "Net Income From Continuing And Discontinued Operation": -12465000.0,
        "Total Expenses": 14843000.0,
        "Total Operating Income As Reported": -14820000.0,
        "Diluted Average Shares": NaN,
        "Basic Average Shares": NaN,
        "Diluted EPS": NaN,
        "Basic EPS": NaN,
        "Diluted NI Availto Com Stockholders": -12465000.0,
        "Net Income Common Stockholders": -12465000.0,
        "Otherunder Preferred Stock Dividend": NaN,
        "Net Income": -12465000.0,
        "Net Income Including Noncontrolling Interests": -12465000.0,
        "Net Income Continuous Operations": -12465000.0,
        "Tax Provision": NaN,
        "Pretax Income": -12465000.0,
        "Other Income Expense": 1440000.0,
        "Gain On Sale Of Security": 940000.0,
        "Net Non Operating Interest Income Expense": 938000.0,
        "Interest Expense Non Operating": 0.0,
        "Interest Income Non Operating": 938000.0,
        "Operating Income": -14843000.0,
        "Operating Expense": 14843000.0,
        "Other Operating Expenses": 23000.0,
        "Research And Development": 11685000.0,
        "Selling General And Administration": 3135000.0,
        "General And Administrative Expense": 3135000.0,
        "Other Gand A": 3135000.0,
        "Total Revenue": 0.0,
        "Operating Revenue": 0.0
    },
    "2024-03-31": {
        "Tax Effect Of Unusual Items": 0.0,
        "Tax Rate For Calcs": 0.0,
        "Normalized EBITDA": -14558000.0,
        "Total Unusual Items": -16000.0,
        "Total Unusual Items Excluding Goodwill": -16000.0,
        "Net Income From Continuing Operation Net Minority Interest": -13820000.0,
        "Reconciled Depreciation": 5000.0,
        "EBITDA": -14574000.0,
        "EBIT": -14579000.0,
        "Net Interest Income": 775000.0,
        "Interest Expense": NaN,
        "Interest Income": 775000.0,
        "Normalized Income": -13804000.0,
        "Net Income From Continuing And Discontinued Operation": -13820000.0,
        "Total Expenses": 14579000.0,
        "Total Operating Income As Reported": -14825000.0,
        "Diluted Average Shares": 27014100.0,
        "Basic Average Shares": 27014100.0,
        "Diluted EPS": -0.51,
        "Basic EPS": -0.51,
        "Diluted NI Availto Com Stockholders": -13820000.0,
        "Net Income Common Stockholders": -13820000.0,
        "Otherunder Preferred Stock Dividend": NaN,
        "Net Income": -13820000.0,
        "Net Income Including Noncontrolling Interests": -13820000.0,
        "Net Income Continuous Operations": -13820000.0,
        "Tax Provision": NaN,
        "Pretax Income": -13820000.0,
        "Other Income Expense": -16000.0,
        "Gain On Sale Of Security": -16000.0,
        "Net Non Operating Interest Income Expense": 775000.0,
        "Interest Expense Non Operating": NaN,
        "Interest Income Non Operating": 775000.0,
        "Operating Income": -14579000.0,
        "Operating Expense": 14579000.0,
        "Other Operating Expenses": -246000.0,
        "Research And Development": 11299000.0,
        "Selling General And Administration": 3526000.0,
        "General And Administrative Expense": 3526000.0,
        "Other Gand A": 3526000.0,
        "Total Revenue": 0.0,
        "Operating Revenue": 0.0
    },
    "2024-06-30": {
        "Tax Effect Of Unusual Items": 0.0,
        "Tax Rate For Calcs": 0.0,
        "Normalized EBITDA": -20803000.0,
        "Total Unusual Items": 6000.0,
        "Total Unusual Items Excluding Goodwill": 6000.0,
        "Net Income From Continuing Operation Net Minority Interest": -20128000.0,
        "Reconciled Depreciation": 202000.0,
        "EBITDA": -20797000.0,
        "EBIT": -20999000.0,
        "Net Interest Income": 865000.0,
        "Interest Expense": NaN,
        "Interest Income": 865000.0,
        "Normalized Income": -20134000.0,
        "Net Income From Continuing And Discontinued Operation": -20128000.0,
        "Total Expenses": 20999000.0,
        "Total Operating Income As Reported": -21252000.0,
        "Diluted Average Shares": 39122662.0,
        "Basic Average Shares": 39122662.0,
        "Diluted EPS": -0.52,
        "Basic EPS": -0.52,
        "Diluted NI Availto Com Stockholders": -20362000.0,
        "Net Income Common Stockholders": -20362000.0,
        "Otherunder Preferred Stock Dividend": 234000.0,
        "Net Income": -20128000.0,
        "Net Income Including Noncontrolling Interests": -20128000.0,
        "Net Income Continuous Operations": -20128000.0,
        "Tax Provision": NaN,
        "Pretax Income": -20128000.0,
        "Other Income Expense": 6000.0,
        "Gain On Sale Of Security": 6000.0,
        "Net Non Operating Interest Income Expense": 865000.0,
        "Interest Expense Non Operating": NaN,
        "Interest Income Non Operating": 865000.0,
        "Operating Income": -20999000.0,
        "Operating Expense": 20999000.0,
        "Other Operating Expenses": -253000.0,
        "Research And Development": 17885000.0,
        "Selling General And Administration": 3367000.0,
        "General And Administrative Expense": 3367000.0,
        "Other Gand A": 3367000.0,
        "Total Revenue": 0.0,
        "Operating Revenue": 0.0
    },
    "2024-09-30": {
        "Tax Effect Of Unusual Items": -1680.0,
        "Tax Rate For Calcs": 0.21,
        "Normalized EBITDA": -18346000.0,
        "Total Unusual Items": -8000.0,
        "Total Unusual Items Excluding Goodwill": -8000.0,
        "Net Income From Continuing Operation Net Minority Interest": -18176000.0,
        "Reconciled Depreciation": -202000.0,
        "EBITDA": -18354000.0,
        "EBIT": -18354000.0,
        "Net Interest Income": 894000.0,
        "Interest Expense": NaN,
        "Interest Income": 894000.0,
        "Normalized Income": -18169680.0,
        "Net Income From Continuing And Discontinued Operation": -18176000.0,
        "Total Expenses": 18354000.0,
        "Total Operating Income As Reported": -17855000.0,
        "Diluted Average Shares": 41209639.0,
        "Basic Average Shares": 41209639.0,
        "Diluted EPS": -0.44,
        "Basic EPS": -0.44,
        "Diluted NI Availto Com Stockholders": -18176000.0,
        "Net Income Common Stockholders": -18176000.0,
        "Otherunder Preferred Stock Dividend": 0.0,
        "Net Income": -18176000.0,
        "Net Income Including Noncontrolling Interests": -18176000.0,
        "Net Income Continuous Operations": -18176000.0,
        "Tax Provision": 708000.0,
        "Pretax Income": -17468000.0,
        "Other Income Expense": -8000.0,
        "Gain On Sale Of Security": -8000.0,
        "Net Non Operating Interest Income Expense": 894000.0,
        "Interest Expense Non Operating": NaN,
        "Interest Income Non Operating": 894000.0,
        "Operating Income": -18354000.0,
        "Operating Expense": 18354000.0,
        "Other Operating Expenses": 499000.0,
        "Research And Development": 14915000.0,
        "Selling General And Administration": 2940000.0,
        "General And Administrative Expense": 2940000.0,
        "Other Gand A": 2940000.0,
        "Total Revenue": 0.0,
        "Operating Revenue": 0.0
    }
}