{
    "2023-03-31": {
        "Tax Effect Of Unusual Items": NaN,
        "Tax Rate For Calcs": NaN,
        "Normalized EBITDA": NaN,
        "Total Unusual Items": NaN,
        "Total Unusual Items Excluding Goodwill": NaN,
        "Net Income From Continuing Operation Net Minority Interest": NaN,
        "Reconciled Depreciation": NaN,
        "Reconciled Cost Of Revenue": NaN,
        "EBITDA": NaN,
        "EBIT": NaN,
        "Net Interest Income": NaN,
        "Interest Expense": NaN,
        "Interest Income": NaN,
        "Normalized Income": NaN,
        "Net Income From Continuing And Discontinued Operation": NaN,
        "Total Expenses": NaN,
        "Total Operating Income As Reported": NaN,
        "Diluted Average Shares": 64656424.0,
        "Basic Average Shares": 64656424.0,
        "Diluted EPS": -0.18,
        "Basic EPS": -0.18,
        "Diluted NI Availto Com Stockholders": NaN,
        "Net Income Common Stockholders": NaN,
        "Net Income": NaN,
        "Net Income Including Noncontrolling Interests": NaN,
        "Net Income Continuous Operations": NaN,
        "Pretax Income": NaN,
        "Other Income Expense": -2311000.0,
        "Special Income Charges": NaN,
        "Other Special Charges": 2311000.0,
        "Net Non Operating Interest Income Expense": NaN,
        "Interest Expense Non Operating": NaN,
        "Interest Income Non Operating": NaN,
        "Operating Income": NaN,
        "Operating Expense": NaN,
        "Research And Development": NaN,
        "Selling General And Administration": NaN,
        "General And Administrative Expense": NaN,
        "Other Gand A": NaN,
        "Gross Profit": NaN,
        "Cost Of Revenue": NaN,
        "Total Revenue": NaN,
        "Operating Revenue": NaN
    },
    "2022-12-31": {
        "Tax Effect Of Unusual Items": NaN,
        "Tax Rate For Calcs": NaN,
        "Normalized EBITDA": NaN,
        "Total Unusual Items": NaN,
        "Total Unusual Items Excluding Goodwill": NaN,
        "Net Income From Continuing Operation Net Minority Interest": NaN,
        "Reconciled Depreciation": NaN,
        "Reconciled Cost Of Revenue": NaN,
        "EBITDA": NaN,
        "EBIT": NaN,
        "Net Interest Income": NaN,
        "Interest Expense": NaN,
        "Interest Income": NaN,
        "Normalized Income": NaN,
        "Net Income From Continuing And Discontinued Operation": NaN,
        "Total Expenses": NaN,
        "Total Operating Income As Reported": NaN,
        "Diluted Average Shares": NaN,
        "Basic Average Shares": NaN,
        "Diluted EPS": NaN,
        "Basic EPS": NaN,
        "Diluted NI Availto Com Stockholders": NaN,
        "Net Income Common Stockholders": NaN,
        "Net Income": NaN,
        "Net Income Including Noncontrolling Interests": NaN,
        "Net Income Continuous Operations": NaN,
        "Pretax Income": NaN,
        "Other Income Expense": 0.0,
        "Special Income Charges": NaN,
        "Other Special Charges": 0.0,
        "Net Non Operating Interest Income Expense": NaN,
        "Interest Expense Non Operating": NaN,
        "Interest Income Non Operating": NaN,
        "Operating Income": NaN,
        "Operating Expense": NaN,
        "Research And Development": NaN,
        "Selling General And Administration": NaN,
        "General And Administrative Expense": NaN,
        "Other Gand A": NaN,
        "Gross Profit": NaN,
        "Cost Of Revenue": NaN,
        "Total Revenue": NaN,
        "Operating Revenue": NaN
    },
    "2022-09-30": {
        "Tax Effect Of Unusual Items": NaN,
        "Tax Rate For Calcs": NaN,
        "Normalized EBITDA": NaN,
        "Total Unusual Items": NaN,
        "Total Unusual Items Excluding Goodwill": NaN,
        "Net Income From Continuing Operation Net Minority Interest": NaN,
        "Reconciled Depreciation": NaN,
        "Reconciled Cost Of Revenue": NaN,
        "EBITDA": NaN,
        "EBIT": NaN,
        "Net Interest Income": NaN,
        "Interest Expense": NaN,
        "Interest Income": NaN,
        "Normalized Income": NaN,
        "Net Income From Continuing And Discontinued Operation": NaN,
        "Total Expenses": NaN,
        "Total Operating Income As Reported": NaN,
        "Diluted Average Shares": 64458741.0,
        "Basic Average Shares": 64458741.0,
        "Diluted EPS": -0.14,
        "Basic EPS": -0.14,
        "Diluted NI Availto Com Stockholders": NaN,
        "Net Income Common Stockholders": NaN,
        "Net Income": NaN,
        "Net Income Including Noncontrolling Interests": NaN,
        "Net Income Continuous Operations": NaN,
        "Pretax Income": NaN,
        "Other Income Expense": NaN,
        "Special Income Charges": NaN,
        "Other Special Charges": NaN,
        "Net Non Operating Interest Income Expense": NaN,
        "Interest Expense Non Operating": NaN,
        "Interest Income Non Operating": NaN,
        "Operating Income": NaN,
        "Operating Expense": NaN,
        "Research And Development": NaN,
        "Selling General And Administration": NaN,
        "General And Administrative Expense": NaN,
        "Other Gand A": NaN,
        "Gross Profit": NaN,
        "Cost Of Revenue": NaN,
        "Total Revenue": NaN,
        "Operating Revenue": NaN
    },
    "2022-06-30": {
        "Tax Effect Of Unusual Items": 0.0,
        "Tax Rate For Calcs": 0.0,
        "Normalized EBITDA": -7899000.0,
        "Total Unusual Items": 0.0,
        "Total Unusual Items Excluding Goodwill": 0.0,
        "Net Income From Continuing Operation Net Minority Interest": -9447000.0,
        "Reconciled Depreciation": 1006000.0,
        "Reconciled Cost Of Revenue": 731000.0,
        "EBITDA": -7899000.0,
        "EBIT": -8905000.0,
        "Net Interest Income": -477000.0,
        "Interest Expense": 542000.0,
        "Interest Income": 65000.0,
        "Normalized Income": -9447000.0,
        "Net Income From Continuing And Discontinued Operation": -9447000.0,
        "Total Expenses": 12888000.0,
        "Total Operating Income As Reported": -8970000.0,
        "Diluted Average Shares": 62179305.0,
        "Basic Average Shares": 62179305.0,
        "Diluted EPS": -0.15,
        "Basic EPS": -0.15,
        "Diluted NI Availto Com Stockholders": -9447000.0,
        "Net Income Common Stockholders": -9447000.0,
        "Net Income": -9447000.0,
        "Net Income Including Noncontrolling Interests": -9447000.0,
        "Net Income Continuous Operations": -9447000.0,
        "Pretax Income": -9447000.0,
        "Other Income Expense": NaN,
        "Special Income Charges": 0.0,
        "Other Special Charges": NaN,
        "Net Non Operating Interest Income Expense": -477000.0,
        "Interest Expense Non Operating": 542000.0,
        "Interest Income Non Operating": 65000.0,
        "Operating Income": -8970000.0,
        "Operating Expense": 12157000.0,
        "Research And Development": 5219000.0,
        "Selling General And Administration": 6938000.0,
        "General And Administrative Expense": 6938000.0,
        "Other Gand A": 6938000.0,
        "Gross Profit": 3187000.0,
        "Cost Of Revenue": 731000.0,
        "Total Revenue": 3918000.0,
        "Operating Revenue": 3918000.0
    },
    "2022-03-31": {
        "Diluted EPS": -0.3,
        "Total Revenue": 3,
        "Gross Profit": 3,
        "Operating Income": -14,
        "EBIT": -14,
        "Net Income": -16
    },
    "2021-12-31": {
        "Diluted EPS": -0.22,
        "Total Revenue": 3,
        "Gross Profit": 2,
        "Operating Income": -11,
        "EBIT": -10,
        "Net Income": -12
    },
    "2021-09-30": {
        "Diluted EPS": -0.14,
        "Total Revenue": 3,
        "Gross Profit": 2,
        "Operating Income": -7,
        "EBIT": -6,
        "Net Income": -7
    },
    "2021-06-30": {
        "Diluted EPS": -0.13,
        "Total Revenue": 3,
        "Gross Profit": 3,
        "Operating Income": -6,
        "EBIT": -5,
        "Net Income": -7
    },
    "2021-03-31": {
        "Diluted EPS": -0.21,
        "Total Revenue": 3,
        "Gross Profit": 2,
        "Operating Income": -9,
        "EBIT": -7,
        "Net Income": -9
    },
    "2020-12-31": {
        "Diluted EPS": -0.35,
        "Total Revenue": NaN,
        "Gross Profit": NaN,
        "Operating Income": -17,
        "EBIT": -16,
        "Net Income": -16
    },
    "2020-09-30": {
        "Diluted EPS": -0.4,
        "Total Revenue": NaN,
        "Gross Profit": NaN,
        "Operating Income": -15,
        "EBIT": -14,
        "Net Income": -15
    },
    "2020-06-30": {
        "Diluted EPS": -0.49,
        "Total Revenue": NaN,
        "Gross Profit": NaN,
        "Operating Income": -14,
        "EBIT": -13,
        "Net Income": -14
    },
    "2020-03-31": {
        "Diluted EPS": -0.52,
        "Total Revenue": NaN,
        "Gross Profit": NaN,
        "Operating Income": -15,
        "EBIT": -14,
        "Net Income": -15
    },
    "2019-12-31": {
        "Diluted EPS": -0.67,
        "Total Revenue": NaN,
        "Gross Profit": NaN,
        "Operating Income": -14,
        "EBIT": -13,
        "Net Income": -14
    },
    "2019-09-30": {
        "Diluted EPS": -0.72,
        "Total Revenue": NaN,
        "Gross Profit": NaN,
        "Operating Income": -13,
        "EBIT": -13,
        "Net Income": -13
    },
    "2019-06-30": {
        "Diluted EPS": -0.31,
        "Total Revenue": 8,
        "Gross Profit": 7,
        "Operating Income": -6,
        "EBIT": -5,
        "Net Income": -6
    },
    "2019-03-31": {
        "Diluted EPS": -0.87,
        "Total Revenue": NaN,
        "Gross Profit": NaN,
        "Operating Income": -14,
        "EBIT": -13,
        "Net Income": -14
    },
    "2018-12-31": {
        "Diluted EPS": 47.52,
        "Total Revenue": 1,
        "Gross Profit": 1,
        "Operating Income": -10,
        "EBIT": -9,
        "Net Income": -10
    },
    "2018-09-30": {
        "Diluted EPS": -0.84,
        "Total Revenue": 0,
        "Gross Profit": 0,
        "Operating Income": -9,
        "EBIT": -9,
        "Net Income": -10
    },
    "2018-06-30": {
        "Diluted EPS": -9.86,
        "Total Revenue": 1,
        "Gross Profit": 1,
        "Operating Income": -7,
        "EBIT": -7,
        "Net Income": -6
    },
    "2018-03-31": {
        "Diluted EPS": -44.33,
        "Total Revenue": 1,
        "Gross Profit": 1,
        "Operating Income": -9,
        "EBIT": 9,
        "Net Income": -28
    },
    "2017-12-31": {
        "Diluted EPS": 0.0,
        "Total Revenue": NaN,
        "Gross Profit": NaN,
        "Operating Income": NaN,
        "EBIT": NaN,
        "Net Income": NaN
    },
    "2017-09-30": {
        "Diluted EPS": -34.91,
        "Total Revenue": 2,
        "Gross Profit": 2,
        "Operating Income": -8,
        "EBIT": -5,
        "Net Income": -19
    },
    "2017-06-30": {
        "Diluted EPS": -14.75,
        "Total Revenue": 2,
        "Gross Profit": 2,
        "Operating Income": -6,
        "EBIT": -6,
        "Net Income": -8
    },
    "2023-06-30": {
        "Tax Effect Of Unusual Items": 0.0,
        "Tax Rate For Calcs": 0.0,
        "Normalized EBITDA": -21502000.0,
        "Total Unusual Items": 0.0,
        "Total Unusual Items Excluding Goodwill": 0.0,
        "Net Income From Continuing Operation Net Minority Interest": -23517000.0,
        "Reconciled Depreciation": 589000.0,
        "Reconciled Cost Of Revenue": 671000.0,
        "EBITDA": -21502000.0,
        "EBIT": -22091000.0,
        "Net Interest Income": -692000.0,
        "Interest Expense": 1426000.0,
        "Interest Income": 734000.0,
        "Normalized Income": -23517000.0,
        "Net Income From Continuing And Discontinued Operation": -23517000.0,
        "Total Expenses": 27611000.0,
        "Total Operating Income As Reported": -22825000.0,
        "Diluted Average Shares": 64788482.0,
        "Basic Average Shares": 64788482.0,
        "Diluted EPS": -0.36,
        "Basic EPS": -0.36,
        "Diluted NI Availto Com Stockholders": -23517000.0,
        "Net Income Common Stockholders": -23517000.0,
        "Net Income": -23517000.0,
        "Net Income Including Noncontrolling Interests": -23517000.0,
        "Net Income Continuous Operations": -23517000.0,
        "Pretax Income": -23517000.0,
        "Other Income Expense": NaN,
        "Special Income Charges": 0.0,
        "Other Special Charges": NaN,
        "Net Non Operating Interest Income Expense": -692000.0,
        "Interest Expense Non Operating": 1426000.0,
        "Interest Income Non Operating": 734000.0,
        "Operating Income": -22825000.0,
        "Operating Expense": 26940000.0,
        "Research And Development": 17695000.0,
        "Selling General And Administration": 9245000.0,
        "General And Administrative Expense": 9245000.0,
        "Other Gand A": 9245000.0,
        "Gross Profit": 4115000.0,
        "Cost Of Revenue": 671000.0,
        "Total Revenue": 4786000.0,
        "Operating Revenue": 4786000.0
    },
    "2023-09-30": {
        "Tax Effect Of Unusual Items": 0.0,
        "Tax Rate For Calcs": 0.0,
        "Normalized EBITDA": -13515000.0,
        "Total Unusual Items": 0.0,
        "Total Unusual Items Excluding Goodwill": 0.0,
        "Net Income From Continuing Operation Net Minority Interest": -15790000.0,
        "Reconciled Depreciation": 514000.0,
        "Reconciled Cost Of Revenue": 570000.0,
        "EBITDA": -13515000.0,
        "EBIT": -14029000.0,
        "Net Interest Income": -899000.0,
        "Interest Expense": 1761000.0,
        "Interest Income": 862000.0,
        "Normalized Income": -15790000.0,
        "Net Income From Continuing And Discontinued Operation": -15790000.0,
        "Total Expenses": 18569000.0,
        "Total Operating Income As Reported": -14891000.0,
        "Diluted Average Shares": 64857508.0,
        "Basic Average Shares": 64857508.0,
        "Diluted EPS": -0.24,
        "Basic EPS": -0.24,
        "Diluted NI Availto Com Stockholders": -15790000.0,
        "Net Income Common Stockholders": -15790000.0,
        "Net Income": -15790000.0,
        "Net Income Including Noncontrolling Interests": -15790000.0,
        "Net Income Continuous Operations": -15790000.0,
        "Pretax Income": -15790000.0,
        "Other Income Expense": NaN,
        "Special Income Charges": 0.0,
        "Other Special Charges": NaN,
        "Net Non Operating Interest Income Expense": -899000.0,
        "Interest Expense Non Operating": 1761000.0,
        "Interest Income Non Operating": 862000.0,
        "Operating Income": -14891000.0,
        "Operating Expense": 17999000.0,
        "Research And Development": 7440000.0,
        "Selling General And Administration": 10559000.0,
        "General And Administrative Expense": 10559000.0,
        "Other Gand A": 10559000.0,
        "Gross Profit": 3108000.0,
        "Cost Of Revenue": 570000.0,
        "Total Revenue": 3678000.0,
        "Operating Revenue": 3678000.0
    },
    "2023-12-31": {
        "Tax Effect Of Unusual Items": 0.0,
        "Tax Rate For Calcs": 0.0,
        "Normalized EBITDA": -24982000.0,
        "Total Unusual Items": 0.0,
        "Total Unusual Items Excluding Goodwill": 0.0,
        "Net Income From Continuing Operation Net Minority Interest": -27450000.0,
        "Reconciled Depreciation": 506000.0,
        "Reconciled Cost Of Revenue": 993000.0,
        "EBITDA": -24982000.0,
        "EBIT": -25488000.0,
        "Net Interest Income": -1014000.0,
        "Interest Expense": 1962000.0,
        "Interest Income": 948000.0,
        "Normalized Income": -27450000.0,
        "Net Income From Continuing And Discontinued Operation": -27450000.0,
        "Total Expenses": 30967000.0,
        "Total Operating Income As Reported": -26436000.0,
        "Diluted Average Shares": NaN,
        "Basic Average Shares": NaN,
        "Diluted EPS": NaN,
        "Basic EPS": NaN,
        "Diluted NI Availto Com Stockholders": -27450000.0,
        "Net Income Common Stockholders": -27450000.0,
        "Net Income": -27450000.0,
        "Net Income Including Noncontrolling Interests": -27450000.0,
        "Net Income Continuous Operations": -27450000.0,
        "Pretax Income": -27450000.0,
        "Other Income Expense": 0.0,
        "Special Income Charges": 0.0,
        "Other Special Charges": 0.0,
        "Net Non Operating Interest Income Expense": -1014000.0,
        "Interest Expense Non Operating": 1962000.0,
        "Interest Income Non Operating": 948000.0,
        "Operating Income": -26436000.0,
        "Operating Expense": 29974000.0,
        "Research And Development": 12829000.0,
        "Selling General And Administration": 17145000.0,
        "General And Administrative Expense": 17145000.0,
        "Other Gand A": 17145000.0,
        "Gross Profit": 3538000.0,
        "Cost Of Revenue": 993000.0,
        "Total Revenue": 4531000.0,
        "Operating Revenue": 4531000.0
    },
    "2024-03-31": {
        "Tax Effect Of Unusual Items": 0.0,
        "Tax Rate For Calcs": 0.0,
        "Normalized EBITDA": -26432000.0,
        "Total Unusual Items": -11483000.0,
        "Total Unusual Items Excluding Goodwill": -11483000.0,
        "Net Income From Continuing Operation Net Minority Interest": -40928000.0,
        "Reconciled Depreciation": 489000.0,
        "Reconciled Cost Of Revenue": 1467000.0,
        "EBITDA": -37915000.0,
        "EBIT": -38404000.0,
        "Net Interest Income": -644000.0,
        "Interest Expense": 2524000.0,
        "Interest Income": 1880000.0,
        "Normalized Income": -29445000.0,
        "Net Income From Continuing And Discontinued Operation": -40928000.0,
        "Total Expenses": 31773000.0,
        "Total Operating Income As Reported": -28801000.0,
        "Diluted Average Shares": 75393907.0,
        "Basic Average Shares": 75393907.0,
        "Diluted EPS": -0.54,
        "Basic EPS": -0.54,
        "Diluted NI Availto Com Stockholders": -40928000.0,
        "Net Income Common Stockholders": -40928000.0,
        "Net Income": -40928000.0,
        "Net Income Including Noncontrolling Interests": -40928000.0,
        "Net Income Continuous Operations": -40928000.0,
        "Pretax Income": -40928000.0,
        "Other Income Expense": -11483000.0,
        "Special Income Charges": -11483000.0,
        "Other Special Charges": 11483000.0,
        "Net Non Operating Interest Income Expense": -644000.0,
        "Interest Expense Non Operating": 2524000.0,
        "Interest Income Non Operating": 1880000.0,
        "Operating Income": -28801000.0,
        "Operating Expense": 30306000.0,
        "Research And Development": 10057000.0,
        "Selling General And Administration": 20249000.0,
        "General And Administrative Expense": 20249000.0,
        "Other Gand A": 20249000.0,
        "Gross Profit": 1505000.0,
        "Cost Of Revenue": 1467000.0,
        "Total Revenue": 2972000.0,
        "Operating Revenue": 2972000.0
    },
    "2024-06-30": {
        "Tax Effect Of Unusual Items": 0.0,
        "Tax Rate For Calcs": 0.0,
        "Normalized EBITDA": -24762000.0,
        "Total Unusual Items": 0.0,
        "Total Unusual Items Excluding Goodwill": 0.0,
        "Net Income From Continuing Operation Net Minority Interest": -27942000.0,
        "Reconciled Depreciation": 580000.0,
        "Reconciled Cost Of Revenue": 1493000.0,
        "EBITDA": -24762000.0,
        "EBIT": -25342000.0,
        "Net Interest Income": -745000.0,
        "Interest Expense": 2600000.0,
        "Interest Income": 1855000.0,
        "Normalized Income": -27942000.0,
        "Net Income From Continuing And Discontinued Operation": -27942000.0,
        "Total Expenses": 30856000.0,
        "Total Operating Income As Reported": -27197000.0,
        "Diluted Average Shares": 76435831.0,
        "Basic Average Shares": 76435831.0,
        "Diluted EPS": -0.37,
        "Basic EPS": -0.37,
        "Diluted NI Availto Com Stockholders": -27942000.0,
        "Net Income Common Stockholders": -27942000.0,
        "Net Income": -27942000.0,
        "Net Income Including Noncontrolling Interests": -27942000.0,
        "Net Income Continuous Operations": -27942000.0,
        "Pretax Income": -27942000.0,
        "Other Income Expense": NaN,
        "Special Income Charges": 0.0,
        "Other Special Charges": NaN,
        "Net Non Operating Interest Income Expense": -745000.0,
        "Interest Expense Non Operating": 2600000.0,
        "Interest Income Non Operating": 1855000.0,
        "Operating Income": -27197000.0,
        "Operating Expense": 29363000.0,
        "Research And Development": 9420000.0,
        "Selling General And Administration": 19943000.0,
        "General And Administrative Expense": 19943000.0,
        "Other Gand A": 19943000.0,
        "Gross Profit": 2166000.0,
        "Cost Of Revenue": 1493000.0,
        "Total Revenue": 3659000.0,
        "Operating Revenue": 3659000.0
    }
}