{
    "2023-03-31": {
        "Tax Effect Of Unusual Items": 0.0,
        "Tax Rate For Calcs": 0.0,
        "Normalized EBITDA": -7559000.0,
        "Net Income From Continuing Operation Net Minority Interest": -6526000.0,
        "Reconciled Depreciation": 78000.0,
        "EBITDA": -7559000.0,
        "EBIT": -7637000.0,
        "Normalized Income": -6526000.0,
        "Net Income From Continuing And Discontinued Operation": -6526000.0,
        "Total Expenses": 7637000.0,
        "Total Operating Income As Reported": -7637000.0,
        "Diluted Average Shares": 43897603.0,
        "Basic Average Shares": 43897603.0,
        "Diluted EPS": -0.15,
        "Basic EPS": -0.15,
        "Diluted NI Availto Com Stockholders": -6526000.0,
        "Net Income Common Stockholders": -6526000.0,
        "Net Income": -6526000.0,
        "Net Income Including Noncontrolling Interests": -6526000.0,
        "Net Income Continuous Operations": -6526000.0,
        "Pretax Income": -6526000.0,
        "Other Income Expense": 1111000.0,
        "Other Non Operating Income Expenses": 1111000.0,
        "Operating Income": -7637000.0,
        "Operating Expense": 7637000.0,
        "Research And Development": 4562000.0,
        "Selling General And Administration": 3075000.0,
        "General And Administrative Expense": 3075000.0,
        "Other Gand A": 3075000.0,
        "Total Revenue": 0.0,
        "Operating Revenue": 0.0
    },
    "2022-12-31": {
        "Tax Effect Of Unusual Items": 0.0,
        "Tax Rate For Calcs": 0.0,
        "Normalized EBITDA": -10361000.0,
        "Net Income From Continuing Operation Net Minority Interest": -9425000.0,
        "Reconciled Depreciation": 78000.0,
        "EBITDA": -10361000.0,
        "EBIT": -10439000.0,
        "Normalized Income": -9425000.0,
        "Net Income From Continuing And Discontinued Operation": -9425000.0,
        "Total Expenses": 10439000.0,
        "Total Operating Income As Reported": -10439000.0,
        "Diluted Average Shares": 43897603.0,
        "Basic Average Shares": 43897603.0,
        "Diluted EPS": -0.21,
        "Basic EPS": -0.21,
        "Diluted NI Availto Com Stockholders": -9425000.0,
        "Net Income Common Stockholders": -9425000.0,
        "Net Income": -9425000.0,
        "Net Income Including Noncontrolling Interests": -9425000.0,
        "Net Income Continuous Operations": -9425000.0,
        "Pretax Income": -9425000.0,
        "Other Income Expense": 1014000.0,
        "Other Non Operating Income Expenses": 1014000.0,
        "Operating Income": -10439000.0,
        "Operating Expense": 10439000.0,
        "Research And Development": 7218000.0,
        "Selling General And Administration": 3221000.0,
        "General And Administrative Expense": 3221000.0,
        "Other Gand A": 3221000.0,
        "Total Revenue": 0.0,
        "Operating Revenue": 0.0
    },
    "2022-09-30": {
        "Tax Effect Of Unusual Items": 0.0,
        "Tax Rate For Calcs": 0.0,
        "Normalized EBITDA": -8436000.0,
        "Net Income From Continuing Operation Net Minority Interest": -8320000.0,
        "Reconciled Depreciation": 77000.0,
        "EBITDA": -8436000.0,
        "EBIT": -8513000.0,
        "Normalized Income": -8320000.0,
        "Net Income From Continuing And Discontinued Operation": -8320000.0,
        "Total Expenses": 8513000.0,
        "Total Operating Income As Reported": -8513000.0,
        "Diluted Average Shares": 22228228.0,
        "Basic Average Shares": 22228228.0,
        "Diluted EPS": -0.37,
        "Basic EPS": -0.37,
        "Diluted NI Availto Com Stockholders": -8320000.0,
        "Net Income Common Stockholders": -8320000.0,
        "Net Income": -8320000.0,
        "Net Income Including Noncontrolling Interests": -8320000.0,
        "Net Income Continuous Operations": -8320000.0,
        "Pretax Income": -8320000.0,
        "Other Income Expense": 193000.0,
        "Other Non Operating Income Expenses": 193000.0,
        "Operating Income": -8513000.0,
        "Operating Expense": 8513000.0,
        "Research And Development": 5582000.0,
        "Selling General And Administration": 2931000.0,
        "General And Administrative Expense": 2931000.0,
        "Other Gand A": 2931000.0,
        "Total Revenue": 0.0,
        "Operating Revenue": 0.0
    },
    "2022-06-30": {
        "Tax Effect Of Unusual Items": 0.0,
        "Tax Rate For Calcs": 0.0,
        "Normalized EBITDA": -8606000.0,
        "Net Income From Continuing Operation Net Minority Interest": -8667000.0,
        "Reconciled Depreciation": 81000.0,
        "EBITDA": -8606000.0,
        "EBIT": -8687000.0,
        "Normalized Income": -8667000.0,
        "Net Income From Continuing And Discontinued Operation": -8667000.0,
        "Total Expenses": 8687000.0,
        "Total Operating Income As Reported": -8687000.0,
        "Diluted Average Shares": 18338853.0,
        "Basic Average Shares": 18338853.0,
        "Diluted EPS": -0.47,
        "Basic EPS": -0.47,
        "Diluted NI Availto Com Stockholders": -8667000.0,
        "Net Income Common Stockholders": -8667000.0,
        "Net Income": -8667000.0,
        "Net Income Including Noncontrolling Interests": -8667000.0,
        "Net Income Continuous Operations": -8667000.0,
        "Pretax Income": -8667000.0,
        "Other Income Expense": 20000.0,
        "Other Non Operating Income Expenses": 20000.0,
        "Operating Income": -8687000.0,
        "Operating Expense": 8687000.0,
        "Research And Development": 5644000.0,
        "Selling General And Administration": 3043000.0,
        "General And Administrative Expense": 3043000.0,
        "Other Gand A": 3043000.0,
        "Total Revenue": 0.0,
        "Operating Revenue": 0.0
    },
    "2022-03-31": {
        "Diluted EPS": -0.49,
        "Total Revenue": NaN,
        "Gross Profit": NaN,
        "Operating Income": -9,
        "EBIT": -9,
        "Net Income": -9
    },
    "2021-12-31": {
        "Diluted EPS": -0.48,
        "Total Revenue": NaN,
        "Gross Profit": NaN,
        "Operating Income": -9,
        "EBIT": -9,
        "Net Income": -9
    },
    "2021-09-30": {
        "Diluted EPS": -0.92,
        "Total Revenue": NaN,
        "Gross Profit": NaN,
        "Operating Income": -17,
        "EBIT": -17,
        "Net Income": -17
    },
    "2021-06-30": {
        "Diluted EPS": -0.79,
        "Total Revenue": NaN,
        "Gross Profit": NaN,
        "Operating Income": -13,
        "EBIT": -12,
        "Net Income": -13
    },
    "2021-03-31": {
        "Diluted EPS": -0.76,
        "Total Revenue": NaN,
        "Gross Profit": NaN,
        "Operating Income": -12,
        "EBIT": -12,
        "Net Income": -12
    },
    "2020-12-31": {
        "Diluted EPS": -0.62,
        "Total Revenue": NaN,
        "Gross Profit": NaN,
        "Operating Income": -14,
        "EBIT": -14,
        "Net Income": -14
    },
    "2020-09-30": {
        "Diluted EPS": -0.64,
        "Total Revenue": NaN,
        "Gross Profit": NaN,
        "Operating Income": -10,
        "EBIT": -10,
        "Net Income": -10
    },
    "2020-06-30": {
        "Diluted EPS": -1.21,
        "Total Revenue": NaN,
        "Gross Profit": NaN,
        "Operating Income": -11,
        "EBIT": -11,
        "Net Income": -11
    },
    "2020-03-31": {
        "Diluted EPS": -1.1,
        "Total Revenue": NaN,
        "Gross Profit": NaN,
        "Operating Income": -7,
        "EBIT": -7,
        "Net Income": -7
    },
    "2019-12-31": {
        "Diluted EPS": 2.43,
        "Total Revenue": NaN,
        "Gross Profit": NaN,
        "Operating Income": 2,
        "EBIT": 2,
        "Net Income": 2
    },
    "2019-09-30": {
        "Diluted EPS": -1.42,
        "Total Revenue": NaN,
        "Gross Profit": NaN,
        "Operating Income": -9,
        "EBIT": -9,
        "Net Income": -9
    },
    "2019-06-30": {
        "Diluted EPS": -0.61,
        "Total Revenue": NaN,
        "Gross Profit": NaN,
        "Operating Income": -4,
        "EBIT": -3,
        "Net Income": -4
    },
    "2019-03-31": {
        "Diluted EPS": -4.2,
        "Total Revenue": NaN,
        "Gross Profit": NaN,
        "Operating Income": -13,
        "EBIT": -14,
        "Net Income": -13
    },
    "2018-12-31": {
        "Diluted EPS": -4.08,
        "Total Revenue": NaN,
        "Gross Profit": NaN,
        "Operating Income": -15,
        "EBIT": -15,
        "Net Income": -15
    },
    "2018-09-30": {
        "Diluted EPS": -4.92,
        "Total Revenue": NaN,
        "Gross Profit": NaN,
        "Operating Income": -15,
        "EBIT": -15,
        "Net Income": -15
    },
    "2018-06-30": {
        "Diluted EPS": -6.84,
        "Total Revenue": NaN,
        "Gross Profit": NaN,
        "Operating Income": -16,
        "EBIT": -16,
        "Net Income": -16
    },
    "2018-03-31": {
        "Diluted EPS": -6.96,
        "Total Revenue": NaN,
        "Gross Profit": NaN,
        "Operating Income": -16,
        "EBIT": -16,
        "Net Income": -16
    },
    "2017-12-31": {
        "Diluted EPS": -5.64,
        "Total Revenue": NaN,
        "Gross Profit": NaN,
        "Operating Income": -13,
        "EBIT": -13,
        "Net Income": -13
    },
    "2017-09-30": {
        "Diluted EPS": -5.52,
        "Total Revenue": NaN,
        "Gross Profit": NaN,
        "Operating Income": -13,
        "EBIT": -13,
        "Net Income": -13
    },
    "2017-06-30": {
        "Diluted EPS": -5.88,
        "Total Revenue": NaN,
        "Gross Profit": NaN,
        "Operating Income": -14,
        "EBIT": -13,
        "Net Income": -13
    },
    "2017-03-31": {
        "Diluted EPS": -5.76,
        "Total Revenue": NaN,
        "Gross Profit": NaN,
        "Operating Income": -13,
        "EBIT": -13,
        "Net Income": -13
    },
    "2016-12-31": {
        "Diluted EPS": -4.56,
        "Total Revenue": NaN,
        "Gross Profit": NaN,
        "Operating Income": -10,
        "EBIT": -10,
        "Net Income": -10
    },
    "2016-09-30": {
        "Diluted EPS": -6.48,
        "Total Revenue": NaN,
        "Gross Profit": NaN,
        "Operating Income": -15,
        "EBIT": -15,
        "Net Income": -15
    },
    "2016-06-30": {
        "Diluted EPS": -6.6,
        "Total Revenue": NaN,
        "Gross Profit": NaN,
        "Operating Income": -15,
        "EBIT": -15,
        "Net Income": -15
    },
    "2016-03-31": {
        "Diluted EPS": -7.8,
        "Total Revenue": NaN,
        "Gross Profit": NaN,
        "Operating Income": -18,
        "EBIT": -17,
        "Net Income": -18
    },
    "2015-12-31": {
        "Diluted EPS": -10.32,
        "Total Revenue": NaN,
        "Gross Profit": NaN,
        "Operating Income": -23,
        "EBIT": -23,
        "Net Income": -23
    },
    "2015-09-30": {
        "Diluted EPS": -8.76,
        "Total Revenue": NaN,
        "Gross Profit": NaN,
        "Operating Income": -20,
        "EBIT": -19,
        "Net Income": -20
    },
    "2015-06-30": {
        "Diluted EPS": -7.92,
        "Total Revenue": NaN,
        "Gross Profit": NaN,
        "Operating Income": -18,
        "EBIT": -17,
        "Net Income": -18
    },
    "2015-03-31": {
        "Diluted EPS": -6.36,
        "Total Revenue": NaN,
        "Gross Profit": NaN,
        "Operating Income": -13,
        "EBIT": -13,
        "Net Income": -13
    },
    "2014-12-31": {
        "Diluted EPS": 81.51,
        "Total Revenue": NaN,
        "Gross Profit": NaN,
        "Operating Income": -11,
        "EBIT": -11,
        "Net Income": -11
    },
    "2014-09-30": {
        "Diluted EPS": -7.8,
        "Total Revenue": NaN,
        "Gross Profit": NaN,
        "Operating Income": -14,
        "EBIT": -14,
        "Net Income": -15
    },
    "2014-06-30": {
        "Diluted EPS": -35.53,
        "Total Revenue": NaN,
        "Gross Profit": NaN,
        "Operating Income": -6,
        "EBIT": -6,
        "Net Income": -6
    },
    "2014-03-31": {
        "Diluted EPS": -74.19,
        "Total Revenue": NaN,
        "Gross Profit": NaN,
        "Operating Income": -5,
        "EBIT": -5,
        "Net Income": -5
    },
    "2013-12-31": {
        "Diluted EPS": -64.23,
        "Total Revenue": NaN,
        "Gross Profit": NaN,
        "Operating Income": -4,
        "EBIT": -4,
        "Net Income": -4
    },
    "2013-09-30": {
        "Diluted EPS": -58.58,
        "Total Revenue": NaN,
        "Gross Profit": NaN,
        "Operating Income": -4,
        "EBIT": -4,
        "Net Income": -4
    },
    "2013-06-30": {
        "Diluted EPS": -52.46,
        "Total Revenue": NaN,
        "Gross Profit": NaN,
        "Operating Income": -3,
        "EBIT": -3,
        "Net Income": -3
    },
    "2013-03-31": {
        "Diluted EPS": -59.3,
        "Total Revenue": NaN,
        "Gross Profit": NaN,
        "Operating Income": -4,
        "EBIT": -4,
        "Net Income": -4
    },
    "2012-12-31": {
        "Diluted EPS": 0.0,
        "Total Revenue": NaN,
        "Gross Profit": NaN,
        "Operating Income": NaN,
        "EBIT": NaN,
        "Net Income": NaN
    },
    "2011-12-31": {
        "Diluted EPS": 0.0,
        "Total Revenue": NaN,
        "Gross Profit": NaN,
        "Operating Income": NaN,
        "EBIT": NaN,
        "Net Income": NaN
    },
    "2023-06-30": {
        "Tax Effect Of Unusual Items": 0.0,
        "Tax Rate For Calcs": 0.0,
        "Normalized EBITDA": -9544000.0,
        "Net Income From Continuing Operation Net Minority Interest": -8366000.0,
        "Reconciled Depreciation": 76000.0,
        "EBITDA": -9544000.0,
        "EBIT": -9620000.0,
        "Normalized Income": -8366000.0,
        "Net Income From Continuing And Discontinued Operation": -8366000.0,
        "Total Expenses": 9620000.0,
        "Total Operating Income As Reported": -9620000.0,
        "Diluted Average Shares": 43897603.0,
        "Basic Average Shares": 43897603.0,
        "Diluted EPS": -0.19,
        "Basic EPS": -0.19,
        "Diluted NI Availto Com Stockholders": -8366000.0,
        "Net Income Common Stockholders": -8366000.0,
        "Net Income": -8366000.0,
        "Net Income Including Noncontrolling Interests": -8366000.0,
        "Net Income Continuous Operations": -8366000.0,
        "Pretax Income": -8366000.0,
        "Other Income Expense": 1254000.0,
        "Other Non Operating Income Expenses": 1254000.0,
        "Operating Income": -9620000.0,
        "Operating Expense": 9620000.0,
        "Research And Development": 5875000.0,
        "Selling General And Administration": 3745000.0,
        "General And Administrative Expense": 3745000.0,
        "Other Gand A": 3745000.0,
        "Total Revenue": 0.0,
        "Operating Revenue": 0.0
    },
    "2023-09-30": {
        "Tax Effect Of Unusual Items": 0.0,
        "Tax Rate For Calcs": 0.0,
        "Normalized EBITDA": -10263000.0,
        "Net Income From Continuing Operation Net Minority Interest": -9064000.0,
        "Reconciled Depreciation": 76000.0,
        "EBITDA": -10263000.0,
        "EBIT": -10339000.0,
        "Normalized Income": -9064000.0,
        "Net Income From Continuing And Discontinued Operation": -9064000.0,
        "Total Expenses": 10339000.0,
        "Total Operating Income As Reported": -10339000.0,
        "Diluted Average Shares": 43903738.0,
        "Basic Average Shares": 43903738.0,
        "Diluted EPS": -0.21,
        "Basic EPS": -0.21,
        "Diluted NI Availto Com Stockholders": -9064000.0,
        "Net Income Common Stockholders": -9064000.0,
        "Net Income": -9064000.0,
        "Net Income Including Noncontrolling Interests": -9064000.0,
        "Net Income Continuous Operations": -9064000.0,
        "Pretax Income": -9064000.0,
        "Other Income Expense": 1275000.0,
        "Other Non Operating Income Expenses": 1275000.0,
        "Operating Income": -10339000.0,
        "Operating Expense": 10339000.0,
        "Research And Development": 6585000.0,
        "Selling General And Administration": 3754000.0,
        "General And Administrative Expense": 3754000.0,
        "Other Gand A": 3754000.0,
        "Total Revenue": 0.0,
        "Operating Revenue": 0.0
    }
}