{
    "2023-03-31": {
        "Tax Effect Of Unusual Items": 0.0,
        "Tax Rate For Calcs": 0.0,
        "Normalized EBITDA": -7466000.0,
        "Total Unusual Items": 670000.0,
        "Total Unusual Items Excluding Goodwill": 670000.0,
        "Net Income From Continuing Operation Net Minority Interest": -6187000.0,
        "Reconciled Depreciation": 48000.0,
        "EBITDA": -6796000.0,
        "EBIT": -6844000.0,
        "Normalized Income": -6857000.0,
        "Net Income From Continuing And Discontinued Operation": -6187000.0,
        "Total Expenses": 6844000.0,
        "Total Operating Income As Reported": -6844000.0,
        "Diluted Average Shares": 7987000.0,
        "Basic Average Shares": 7987000.0,
        "Diluted EPS": -0.77,
        "Basic EPS": -0.77,
        "Diluted NI Availto Com Stockholders": -6187000.0,
        "Net Income Common Stockholders": -6187000.0,
        "Net Income": -6187000.0,
        "Minority Interests": 0.0,
        "Net Income Including Noncontrolling Interests": -6187000.0,
        "Net Income Continuous Operations": -6187000.0,
        "Tax Provision": 0.0,
        "Pretax Income": -6187000.0,
        "Other Income Expense": 657000.0,
        "Other Non Operating Income Expenses": -13000.0,
        "Gain On Sale Of Security": 670000.0,
        "Operating Income": -6844000.0,
        "Operating Expense": 6844000.0,
        "Research And Development": 3179000.0,
        "Selling General And Administration": 3665000.0,
        "General And Administrative Expense": NaN,
        "Other Gand A": NaN,
        "Total Revenue": 0.0,
        "Operating Revenue": 0.0
    },
    "2022-12-31": {
        "Tax Effect Of Unusual Items": 0.0,
        "Tax Rate For Calcs": 0.0,
        "Normalized EBITDA": -7049000.0,
        "Total Unusual Items": 556000.0,
        "Total Unusual Items Excluding Goodwill": 556000.0,
        "Net Income From Continuing Operation Net Minority Interest": -5990000.0,
        "Reconciled Depreciation": 47000.0,
        "EBITDA": -6493000.0,
        "EBIT": -6540000.0,
        "Normalized Income": -6546000.0,
        "Net Income From Continuing And Discontinued Operation": -5990000.0,
        "Total Expenses": 6540000.0,
        "Total Operating Income As Reported": -6540000.0,
        "Diluted Average Shares": 7900000.0,
        "Basic Average Shares": 7900000.0,
        "Diluted EPS": -0.758228,
        "Basic EPS": -0.758228,
        "Diluted NI Availto Com Stockholders": -5990000.0,
        "Net Income Common Stockholders": -5990000.0,
        "Net Income": -5990000.0,
        "Minority Interests": NaN,
        "Net Income Including Noncontrolling Interests": -5990000.0,
        "Net Income Continuous Operations": -5990000.0,
        "Tax Provision": 0.0,
        "Pretax Income": -5990000.0,
        "Other Income Expense": 550000.0,
        "Other Non Operating Income Expenses": -6000.0,
        "Gain On Sale Of Security": 556000.0,
        "Operating Income": -6540000.0,
        "Operating Expense": 6540000.0,
        "Research And Development": 3169000.0,
        "Selling General And Administration": 3371000.0,
        "General And Administrative Expense": 3371000.0,
        "Other Gand A": 3371000.0,
        "Total Revenue": 0.0,
        "Operating Revenue": 0.0
    },
    "2022-09-30": {
        "Tax Effect Of Unusual Items": 0.0,
        "Tax Rate For Calcs": 0.0,
        "Normalized EBITDA": -38049000.0,
        "Total Unusual Items": 337000.0,
        "Total Unusual Items Excluding Goodwill": 337000.0,
        "Net Income From Continuing Operation Net Minority Interest": -37383000.0,
        "Reconciled Depreciation": 8000.0,
        "EBITDA": -37712000.0,
        "EBIT": -37720000.0,
        "Normalized Income": -37720000.0,
        "Net Income From Continuing And Discontinued Operation": -37383000.0,
        "Total Expenses": 37720000.0,
        "Total Operating Income As Reported": -37720000.0,
        "Diluted Average Shares": 4747000.0,
        "Basic Average Shares": 4747000.0,
        "Diluted EPS": -7.88,
        "Basic EPS": -7.88,
        "Diluted NI Availto Com Stockholders": -37383000.0,
        "Net Income Common Stockholders": -37383000.0,
        "Net Income": -37383000.0,
        "Minority Interests": NaN,
        "Net Income Including Noncontrolling Interests": -37383000.0,
        "Net Income Continuous Operations": -37383000.0,
        "Tax Provision": 0.0,
        "Pretax Income": -37383000.0,
        "Other Income Expense": 337000.0,
        "Other Non Operating Income Expenses": NaN,
        "Gain On Sale Of Security": 337000.0,
        "Operating Income": -37720000.0,
        "Operating Expense": 37720000.0,
        "Research And Development": 33773000.0,
        "Selling General And Administration": 3947000.0,
        "General And Administrative Expense": 3947000.0,
        "Other Gand A": 3947000.0,
        "Total Revenue": 0.0,
        "Operating Revenue": 0.0
    },
    "2022-06-30": {
        "Tax Effect Of Unusual Items": 0.0,
        "Tax Rate For Calcs": 0.0,
        "Normalized EBITDA": -6807000.0,
        "Total Unusual Items": 94000.0,
        "Total Unusual Items Excluding Goodwill": 94000.0,
        "Net Income From Continuing Operation Net Minority Interest": -6626000.0,
        "Reconciled Depreciation": 7000.0,
        "EBITDA": -6713000.0,
        "EBIT": -6720000.0,
        "Normalized Income": -6720000.0,
        "Net Income From Continuing And Discontinued Operation": -6626000.0,
        "Total Expenses": 6720000.0,
        "Total Operating Income As Reported": -6720000.0,
        "Diluted Average Shares": 4035000.0,
        "Basic Average Shares": 4035000.0,
        "Diluted EPS": -1.64,
        "Basic EPS": -1.64,
        "Diluted NI Availto Com Stockholders": -6626000.0,
        "Net Income Common Stockholders": -6626000.0,
        "Net Income": -6626000.0,
        "Minority Interests": NaN,
        "Net Income Including Noncontrolling Interests": -6626000.0,
        "Net Income Continuous Operations": -6626000.0,
        "Tax Provision": 0.0,
        "Pretax Income": -6626000.0,
        "Other Income Expense": 94000.0,
        "Other Non Operating Income Expenses": NaN,
        "Gain On Sale Of Security": 94000.0,
        "Operating Income": -6720000.0,
        "Operating Expense": 6720000.0,
        "Research And Development": 3239000.0,
        "Selling General And Administration": 3481000.0,
        "General And Administrative Expense": 3481000.0,
        "Other Gand A": 3481000.0,
        "Total Revenue": 0.0,
        "Operating Revenue": 0.0
    },
    "2022-03-31": {
        "Diluted EPS": -1.05,
        "Total Revenue": NaN,
        "Gross Profit": NaN,
        "Operating Income": -7,
        "EBIT": -6,
        "Net Income": -4
    },
    "2021-12-31": {
        "Diluted EPS": -1.36,
        "Total Revenue": NaN,
        "Gross Profit": NaN,
        "Operating Income": -7,
        "EBIT": -6,
        "Net Income": -7
    },
    "2021-09-30": {
        "Diluted EPS": -1.74,
        "Total Revenue": NaN,
        "Gross Profit": NaN,
        "Operating Income": -7,
        "EBIT": -6,
        "Net Income": -7
    },
    "2021-06-30": {
        "Diluted EPS": -1.5,
        "Total Revenue": NaN,
        "Gross Profit": NaN,
        "Operating Income": -7,
        "EBIT": -6,
        "Net Income": -6
    },
    "2021-03-31": {
        "Diluted EPS": -2.85,
        "Total Revenue": NaN,
        "Gross Profit": NaN,
        "Operating Income": -8,
        "EBIT": -8,
        "Net Income": -8
    },
    "2020-12-31": {
        "Diluted EPS": -5.4,
        "Total Revenue": NaN,
        "Gross Profit": NaN,
        "Operating Income": -5,
        "EBIT": -5,
        "Net Income": -5
    },
    "2020-09-30": {
        "Diluted EPS": -4.35,
        "Total Revenue": NaN,
        "Gross Profit": NaN,
        "Operating Income": -5,
        "EBIT": -5,
        "Net Income": -5
    },
    "2020-06-30": {
        "Diluted EPS": 7.5,
        "Total Revenue": NaN,
        "Gross Profit": NaN,
        "Operating Income": -4,
        "EBIT": -4,
        "Net Income": 7
    },
    "2020-03-31": {
        "Diluted EPS": -5.7,
        "Total Revenue": NaN,
        "Gross Profit": NaN,
        "Operating Income": -4,
        "EBIT": -4,
        "Net Income": -4
    },
    "2019-12-31": {
        "Diluted EPS": -7.2,
        "Total Revenue": NaN,
        "Gross Profit": NaN,
        "Operating Income": -5,
        "EBIT": -5,
        "Net Income": -5
    },
    "2019-09-30": {
        "Diluted EPS": -7.05,
        "Total Revenue": NaN,
        "Gross Profit": NaN,
        "Operating Income": -5,
        "EBIT": -5,
        "Net Income": -5
    },
    "2019-06-30": {
        "Diluted EPS": -7.35,
        "Total Revenue": NaN,
        "Gross Profit": NaN,
        "Operating Income": -5,
        "EBIT": -5,
        "Net Income": -5
    },
    "2019-03-31": {
        "Diluted EPS": -6.6,
        "Total Revenue": NaN,
        "Gross Profit": NaN,
        "Operating Income": -5,
        "EBIT": -4,
        "Net Income": -4
    },
    "2018-12-31": {
        "Diluted EPS": -5.55,
        "Total Revenue": NaN,
        "Gross Profit": NaN,
        "Operating Income": -4,
        "EBIT": -4,
        "Net Income": -4
    },
    "2018-09-30": {
        "Diluted EPS": -5.4,
        "Total Revenue": NaN,
        "Gross Profit": NaN,
        "Operating Income": -4,
        "EBIT": -4,
        "Net Income": -4
    },
    "2018-06-30": {
        "Diluted EPS": -6.3,
        "Total Revenue": NaN,
        "Gross Profit": NaN,
        "Operating Income": -4,
        "EBIT": -4,
        "Net Income": -4
    },
    "2018-03-31": {
        "Diluted EPS": -7.8,
        "Total Revenue": NaN,
        "Gross Profit": NaN,
        "Operating Income": -5,
        "EBIT": -5,
        "Net Income": -5
    },
    "2017-12-31": {
        "Diluted EPS": -4.2,
        "Total Revenue": NaN,
        "Gross Profit": NaN,
        "Operating Income": -7,
        "EBIT": -7,
        "Net Income": -3
    },
    "2017-09-30": {
        "Diluted EPS": -5.7,
        "Total Revenue": NaN,
        "Gross Profit": NaN,
        "Operating Income": -6,
        "EBIT": -6,
        "Net Income": -3
    },
    "2017-06-30": {
        "Diluted EPS": 65.07,
        "Total Revenue": NaN,
        "Gross Profit": NaN,
        "Operating Income": -8,
        "EBIT": -8,
        "Net Income": 39
    },
    "2017-03-31": {
        "Diluted EPS": -16.79,
        "Total Revenue": NaN,
        "Gross Profit": NaN,
        "Operating Income": -6,
        "EBIT": -6,
        "Net Income": -9
    },
    "2016-12-31": {
        "Diluted EPS": -7.2,
        "Total Revenue": NaN,
        "Gross Profit": NaN,
        "Operating Income": 2,
        "EBIT": 2,
        "Net Income": -6
    },
    "2016-09-30": {
        "Diluted EPS": -16.34,
        "Total Revenue": NaN,
        "Gross Profit": NaN,
        "Operating Income": -6,
        "EBIT": -6,
        "Net Income": -7
    },
    "2016-06-30": {
        "Diluted EPS": -19.94,
        "Total Revenue": NaN,
        "Gross Profit": NaN,
        "Operating Income": -7,
        "EBIT": -8,
        "Net Income": -8
    },
    "2016-03-31": {
        "Diluted EPS": -31.33,
        "Total Revenue": 7,
        "Gross Profit": 1,
        "Operating Income": -11,
        "EBIT": -10,
        "Net Income": -12
    },
    "2015-12-31": {
        "Diluted EPS": -85.01,
        "Total Revenue": 8,
        "Gross Profit": 1,
        "Operating Income": -60,
        "EBIT": -6,
        "Net Income": -33
    },
    "2015-09-30": {
        "Diluted EPS": -30.89,
        "Total Revenue": 6,
        "Gross Profit": 1,
        "Operating Income": -10,
        "EBIT": 0,
        "Net Income": -11
    },
    "2015-06-30": {
        "Diluted EPS": -57.57,
        "Total Revenue": 6,
        "Gross Profit": 0,
        "Operating Income": -26,
        "EBIT": -25,
        "Net Income": -17
    },
    "2015-03-31": {
        "Diluted EPS": -76.46,
        "Total Revenue": 3,
        "Gross Profit": 0,
        "Operating Income": -18,
        "EBIT": -17,
        "Net Income": -19
    },
    "2014-12-31": {
        "Diluted EPS": -46.48,
        "Total Revenue": 5,
        "Gross Profit": 1,
        "Operating Income": -16,
        "EBIT": -15,
        "Net Income": -12
    },
    "2014-09-30": {
        "Diluted EPS": -71.96,
        "Total Revenue": 4,
        "Gross Profit": 0,
        "Operating Income": -16,
        "EBIT": -16,
        "Net Income": -17
    },
    "2014-06-30": {
        "Diluted EPS": -59.97,
        "Total Revenue": 4,
        "Gross Profit": 1,
        "Operating Income": -12,
        "EBIT": -12,
        "Net Income": -13
    },
    "2014-03-31": {
        "Diluted EPS": -73.46,
        "Total Revenue": 4,
        "Gross Profit": 0,
        "Operating Income": -13,
        "EBIT": -13,
        "Net Income": -14
    },
    "2013-12-31": {
        "Diluted EPS": -68.97,
        "Total Revenue": 4,
        "Gross Profit": 1,
        "Operating Income": -10,
        "EBIT": -10,
        "Net Income": -13
    },
    "2013-09-30": {
        "Diluted EPS": -67.47,
        "Total Revenue": 4,
        "Gross Profit": 1,
        "Operating Income": -9,
        "EBIT": -9,
        "Net Income": -9
    },
    "2013-06-30": {
        "Diluted EPS": -68.97,
        "Total Revenue": 4,
        "Gross Profit": 0,
        "Operating Income": -8,
        "EBIT": -8,
        "Net Income": -9
    },
    "2013-03-31": {
        "Diluted EPS": -79.46,
        "Total Revenue": 3,
        "Gross Profit": 0,
        "Operating Income": -9,
        "EBIT": -8,
        "Net Income": -9
    },
    "2012-12-31": {
        "Diluted EPS": -154.42,
        "Total Revenue": 3,
        "Gross Profit": 0,
        "Operating Income": -8,
        "EBIT": -7,
        "Net Income": -16
    },
    "2012-09-30": {
        "Diluted EPS": -95.95,
        "Total Revenue": 4,
        "Gross Profit": 1,
        "Operating Income": -8,
        "EBIT": -7,
        "Net Income": -9
    },
    "2012-06-30": {
        "Diluted EPS": -229.39,
        "Total Revenue": 3,
        "Gross Profit": 1,
        "Operating Income": -7,
        "EBIT": -6,
        "Net Income": -21
    },
    "2012-03-31": {
        "Diluted EPS": -119.94,
        "Total Revenue": 4,
        "Gross Profit": 1,
        "Operating Income": -8,
        "EBIT": -7,
        "Net Income": -9
    },
    "2011-12-31": {
        "Diluted EPS": -284.86,
        "Total Revenue": -14,
        "Gross Profit": -5,
        "Operating Income": -10,
        "EBIT": -9,
        "Net Income": -19
    },
    "2011-09-30": {
        "Diluted EPS": -119.94,
        "Total Revenue": 2,
        "Gross Profit": 0,
        "Operating Income": -7,
        "EBIT": -6,
        "Net Income": -7
    },
    "2011-06-30": {
        "Diluted EPS": -194.9,
        "Total Revenue": 2,
        "Gross Profit": 0,
        "Operating Income": -10,
        "EBIT": -11,
        "Net Income": -11
    },
    "2011-03-31": {
        "Diluted EPS": -209.9,
        "Total Revenue": 20,
        "Gross Profit": 5,
        "Operating Income": -7,
        "EBIT": -4,
        "Net Income": -10
    },
    "2010-12-31": {
        "Diluted EPS": -149.93,
        "Total Revenue": 18,
        "Gross Profit": 3,
        "Operating Income": -7,
        "EBIT": -4,
        "Net Income": -6
    },
    "2010-09-30": {
        "Diluted EPS": -194.9,
        "Total Revenue": 16,
        "Gross Profit": 5,
        "Operating Income": -6,
        "EBIT": -5,
        "Net Income": -7
    },
    "2010-06-30": {
        "Diluted EPS": -164.92,
        "Total Revenue": 19,
        "Gross Profit": 6,
        "Operating Income": -4,
        "EBIT": -3,
        "Net Income": -5
    },
    "2010-03-31": {
        "Diluted EPS": -179.91,
        "Total Revenue": 16,
        "Gross Profit": 5,
        "Operating Income": -3,
        "EBIT": -2,
        "Net Income": -5
    },
    "2009-12-31": {
        "Diluted EPS": NaN,
        "Total Revenue": 11,
        "Gross Profit": 2,
        "Operating Income": -12,
        "EBIT": -11,
        "Net Income": -17
    },
    "2009-09-30": {
        "Diluted EPS": NaN,
        "Total Revenue": 0,
        "Gross Profit": 0,
        "Operating Income": -7,
        "EBIT": -7,
        "Net Income": -8
    },
    "2009-06-30": {
        "Diluted EPS": -929.54,
        "Total Revenue": 0,
        "Gross Profit": 0,
        "Operating Income": -5,
        "EBIT": -5,
        "Net Income": -5
    },
    "2009-03-31": {
        "Diluted EPS": -359.82,
        "Total Revenue": 0,
        "Gross Profit": 0,
        "Operating Income": -2,
        "EBIT": -2,
        "Net Income": -2
    },
    "2023-06-30": {
        "Tax Effect Of Unusual Items": 244838.760422,
        "Tax Rate For Calcs": 0.366525,
        "Normalized EBITDA": -7496000.0,
        "Total Unusual Items": 668000.0,
        "Total Unusual Items Excluding Goodwill": 668000.0,
        "Net Income From Continuing Operation Net Minority Interest": -4027000.0,
        "Reconciled Depreciation": 47000.0,
        "EBITDA": -6828000.0,
        "EBIT": -6875000.0,
        "Normalized Income": -4450161.239578,
        "Net Income From Continuing And Discontinued Operation": -4027000.0,
        "Total Expenses": 6875000.0,
        "Total Operating Income As Reported": -6875000.0,
        "Diluted Average Shares": 8021000.0,
        "Basic Average Shares": 8021000.0,
        "Diluted EPS": -0.5,
        "Basic EPS": -0.5,
        "Diluted NI Availto Com Stockholders": -4027000.0,
        "Net Income Common Stockholders": -4027000.0,
        "Net Income": -4027000.0,
        "Minority Interests": 0.0,
        "Net Income Including Noncontrolling Interests": -4027000.0,
        "Net Income Continuous Operations": -4027000.0,
        "Tax Provision": -2330000.0,
        "Pretax Income": -6357000.0,
        "Other Income Expense": 518000.0,
        "Other Non Operating Income Expenses": -150000.0,
        "Gain On Sale Of Security": 668000.0,
        "Operating Income": -6875000.0,
        "Operating Expense": 6875000.0,
        "Research And Development": 3162000.0,
        "Selling General And Administration": 3713000.0,
        "General And Administrative Expense": 3713000.0,
        "Other Gand A": 3713000.0,
        "Total Revenue": 0.0,
        "Operating Revenue": 0.0
    },
    "2023-09-30": {
        "Tax Effect Of Unusual Items": 0.0,
        "Tax Rate For Calcs": 0.0,
        "Normalized EBITDA": -6631000.0,
        "Total Unusual Items": 714000.0,
        "Total Unusual Items Excluding Goodwill": 714000.0,
        "Net Income From Continuing Operation Net Minority Interest": -5261000.0,
        "Reconciled Depreciation": 47000.0,
        "EBITDA": -5917000.0,
        "EBIT": -5964000.0,
        "Normalized Income": -5975000.0,
        "Net Income From Continuing And Discontinued Operation": -5261000.0,
        "Total Expenses": 5964000.0,
        "Total Operating Income As Reported": -5964000.0,
        "Diluted Average Shares": 8141000.0,
        "Basic Average Shares": 8141000.0,
        "Diluted EPS": -0.65,
        "Basic EPS": -0.65,
        "Diluted NI Availto Com Stockholders": -5261000.0,
        "Net Income Common Stockholders": -5261000.0,
        "Net Income": -5261000.0,
        "Minority Interests": 0.0,
        "Net Income Including Noncontrolling Interests": -5261000.0,
        "Net Income Continuous Operations": -5261000.0,
        "Tax Provision": 0.0,
        "Pretax Income": -5261000.0,
        "Other Income Expense": 703000.0,
        "Other Non Operating Income Expenses": -11000.0,
        "Gain On Sale Of Security": 714000.0,
        "Operating Income": -5964000.0,
        "Operating Expense": 5964000.0,
        "Research And Development": 3380000.0,
        "Selling General And Administration": 2584000.0,
        "General And Administrative Expense": 2584000.0,
        "Other Gand A": 2584000.0,
        "Total Revenue": 0.0,
        "Operating Revenue": 0.0
    }
}