{
    "2023-06-30": {
        "Tax Effect Of Unusual Items": 0.0,
        "Tax Rate For Calcs": 0.0,
        "Normalized EBITDA": -1963673.0,
        "Net Income From Continuing Operation Net Minority Interest": -1672224.0,
        "EBITDA": -1963673.0,
        "EBIT": -1963673.0,
        "Net Interest Income": 291449.0,
        "Interest Income": 291449.0,
        "Normalized Income": -1672224.0,
        "Net Income From Continuing And Discontinued Operation": -1672224.0,
        "Total Expenses": 1963673.0,
        "Total Operating Income As Reported": -1963673.0,
        "Diluted Average Shares": 11773594.0,
        "Basic Average Shares": 11773594.0,
        "Diluted EPS": -0.14,
        "Basic EPS": -0.14,
        "Diluted NI Availto Com Stockholders": -1672224.0,
        "Net Income Common Stockholders": -1672224.0,
        "Net Income": -1672224.0,
        "Net Income Including Noncontrolling Interests": -1672224.0,
        "Net Income Continuous Operations": -1672224.0,
        "Tax Provision": 0.0,
        "Pretax Income": -1672224.0,
        "Earnings From Equity Interest": NaN,
        "Net Non Operating Interest Income Expense": 291449.0,
        "Interest Income Non Operating": 291449.0,
        "Operating Income": -1963673.0,
        "Operating Expense": 1963673.0,
        "Other Operating Expenses": NaN,
        "Research And Development": 366855.0,
        "Selling General And Administration": 1596818.0,
        "General And Administrative Expense": 1596818.0,
        "Other Gand A": 1596818.0,
        "Total Revenue": 0.0,
        "Operating Revenue": 0.0
    },
    "2023-03-31": {
        "Tax Effect Of Unusual Items": NaN,
        "Tax Rate For Calcs": NaN,
        "Normalized EBITDA": NaN,
        "Net Income From Continuing Operation Net Minority Interest": NaN,
        "EBITDA": NaN,
        "EBIT": NaN,
        "Net Interest Income": NaN,
        "Interest Income": NaN,
        "Normalized Income": NaN,
        "Net Income From Continuing And Discontinued Operation": NaN,
        "Total Expenses": NaN,
        "Total Operating Income As Reported": NaN,
        "Diluted Average Shares": 11673736.0,
        "Basic Average Shares": 11673736.0,
        "Diluted EPS": -0.17,
        "Basic EPS": -0.17,
        "Diluted NI Availto Com Stockholders": NaN,
        "Net Income Common Stockholders": NaN,
        "Net Income": NaN,
        "Net Income Including Noncontrolling Interests": NaN,
        "Net Income Continuous Operations": NaN,
        "Tax Provision": NaN,
        "Pretax Income": NaN,
        "Earnings From Equity Interest": NaN,
        "Net Non Operating Interest Income Expense": NaN,
        "Interest Income Non Operating": NaN,
        "Operating Income": NaN,
        "Operating Expense": NaN,
        "Other Operating Expenses": -31028.0,
        "Research And Development": NaN,
        "Selling General And Administration": NaN,
        "General And Administrative Expense": NaN,
        "Other Gand A": NaN,
        "Total Revenue": NaN,
        "Operating Revenue": NaN
    },
    "2022-12-31": {
        "Tax Effect Of Unusual Items": NaN,
        "Tax Rate For Calcs": NaN,
        "Normalized EBITDA": NaN,
        "Net Income From Continuing Operation Net Minority Interest": NaN,
        "EBITDA": NaN,
        "EBIT": NaN,
        "Net Interest Income": NaN,
        "Interest Income": NaN,
        "Normalized Income": NaN,
        "Net Income From Continuing And Discontinued Operation": NaN,
        "Total Expenses": NaN,
        "Total Operating Income As Reported": NaN,
        "Diluted Average Shares": NaN,
        "Basic Average Shares": NaN,
        "Diluted EPS": NaN,
        "Basic EPS": NaN,
        "Diluted NI Availto Com Stockholders": NaN,
        "Net Income Common Stockholders": NaN,
        "Net Income": NaN,
        "Net Income Including Noncontrolling Interests": NaN,
        "Net Income Continuous Operations": NaN,
        "Tax Provision": NaN,
        "Pretax Income": NaN,
        "Earnings From Equity Interest": 0.0,
        "Net Non Operating Interest Income Expense": NaN,
        "Interest Income Non Operating": NaN,
        "Operating Income": NaN,
        "Operating Expense": NaN,
        "Other Operating Expenses": NaN,
        "Research And Development": NaN,
        "Selling General And Administration": NaN,
        "General And Administrative Expense": NaN,
        "Other Gand A": NaN,
        "Total Revenue": NaN,
        "Operating Revenue": NaN
    },
    "2022-09-30": {
        "Tax Effect Of Unusual Items": NaN,
        "Tax Rate For Calcs": NaN,
        "Normalized EBITDA": NaN,
        "Net Income From Continuing Operation Net Minority Interest": NaN,
        "EBITDA": NaN,
        "EBIT": NaN,
        "Net Interest Income": NaN,
        "Interest Income": NaN,
        "Normalized Income": NaN,
        "Net Income From Continuing And Discontinued Operation": NaN,
        "Total Expenses": NaN,
        "Total Operating Income As Reported": NaN,
        "Diluted Average Shares": 11085657.0,
        "Basic Average Shares": 11085657.0,
        "Diluted EPS": -0.18,
        "Basic EPS": -0.18,
        "Diluted NI Availto Com Stockholders": NaN,
        "Net Income Common Stockholders": NaN,
        "Net Income": NaN,
        "Net Income Including Noncontrolling Interests": NaN,
        "Net Income Continuous Operations": NaN,
        "Tax Provision": NaN,
        "Pretax Income": NaN,
        "Earnings From Equity Interest": 0.0,
        "Net Non Operating Interest Income Expense": NaN,
        "Interest Income Non Operating": NaN,
        "Operating Income": NaN,
        "Operating Expense": NaN,
        "Other Operating Expenses": -71335.0,
        "Research And Development": NaN,
        "Selling General And Administration": NaN,
        "General And Administrative Expense": NaN,
        "Other Gand A": NaN,
        "Total Revenue": NaN,
        "Operating Revenue": NaN
    },
    "2022-06-30": {
        "Tax Effect Of Unusual Items": 0.0,
        "Tax Rate For Calcs": 0.0,
        "Normalized EBITDA": -1521659.0,
        "Net Income From Continuing Operation Net Minority Interest": -1502642.0,
        "EBITDA": -1521659.0,
        "EBIT": -1521659.0,
        "Net Interest Income": 19017.0,
        "Interest Income": 19017.0,
        "Normalized Income": -1502642.0,
        "Net Income From Continuing And Discontinued Operation": -1502642.0,
        "Total Expenses": 1521659.0,
        "Total Operating Income As Reported": -1521659.0,
        "Diluted Average Shares": 10523238.0,
        "Basic Average Shares": 10523238.0,
        "Diluted EPS": -0.14,
        "Basic EPS": -0.14,
        "Diluted NI Availto Com Stockholders": -1502642.0,
        "Net Income Common Stockholders": -1502642.0,
        "Net Income": -1502642.0,
        "Net Income Including Noncontrolling Interests": -1502642.0,
        "Net Income Continuous Operations": -1502642.0,
        "Tax Provision": 0.0,
        "Pretax Income": -1502642.0,
        "Earnings From Equity Interest": 0.0,
        "Net Non Operating Interest Income Expense": 19017.0,
        "Interest Income Non Operating": 19017.0,
        "Operating Income": -1521659.0,
        "Operating Expense": 1521659.0,
        "Other Operating Expenses": -83501.0,
        "Research And Development": 165476.0,
        "Selling General And Administration": 1439684.0,
        "General And Administrative Expense": 1439684.0,
        "Other Gand A": 1439684.0,
        "Total Revenue": 0.0,
        "Operating Revenue": 0.0
    },
    "2022-03-31": {
        "Diluted EPS": -0.2,
        "Total Revenue": NaN,
        "Gross Profit": NaN,
        "Operating Income": -2,
        "EBIT": -2,
        "Net Income": -2
    },
    "2021-12-31": {
        "Diluted EPS": -0.8,
        "Total Revenue": NaN,
        "Gross Profit": NaN,
        "Operating Income": -2,
        "EBIT": -2,
        "Net Income": -6
    },
    "2021-09-30": {
        "Diluted EPS": -0.31,
        "Total Revenue": NaN,
        "Gross Profit": NaN,
        "Operating Income": -2,
        "EBIT": -2,
        "Net Income": -2
    },
    "2021-06-30": {
        "Diluted EPS": -0.27,
        "Total Revenue": NaN,
        "Gross Profit": NaN,
        "Operating Income": -2,
        "EBIT": -2,
        "Net Income": -2
    },
    "2021-03-31": {
        "Diluted EPS": -0.33,
        "Total Revenue": NaN,
        "Gross Profit": NaN,
        "Operating Income": -2,
        "EBIT": -2,
        "Net Income": -2
    },
    "2020-12-31": {
        "Diluted EPS": -1.39,
        "Total Revenue": NaN,
        "Gross Profit": NaN,
        "Operating Income": -7,
        "EBIT": -7,
        "Net Income": -7
    },
    "2020-09-30": {
        "Diluted EPS": -0.8,
        "Total Revenue": NaN,
        "Gross Profit": NaN,
        "Operating Income": -3,
        "EBIT": -3,
        "Net Income": -3
    },
    "2020-06-30": {
        "Diluted EPS": -0.66,
        "Total Revenue": NaN,
        "Gross Profit": NaN,
        "Operating Income": -2,
        "EBIT": -2,
        "Net Income": -2
    },
    "2020-03-31": {
        "Diluted EPS": -0.74,
        "Total Revenue": NaN,
        "Gross Profit": NaN,
        "Operating Income": -2,
        "EBIT": -2,
        "Net Income": -2
    },
    "2019-12-31": {
        "Diluted EPS": -0.57,
        "Total Revenue": NaN,
        "Gross Profit": NaN,
        "Operating Income": -2,
        "EBIT": -2,
        "Net Income": -2
    },
    "2019-09-30": {
        "Diluted EPS": -0.81,
        "Total Revenue": NaN,
        "Gross Profit": NaN,
        "Operating Income": -3,
        "EBIT": -3,
        "Net Income": -3
    },
    "2019-06-30": {
        "Diluted EPS": -1.14,
        "Total Revenue": NaN,
        "Gross Profit": NaN,
        "Operating Income": -3,
        "EBIT": -3,
        "Net Income": -3
    },
    "2019-03-31": {
        "Diluted EPS": -1.14,
        "Total Revenue": NaN,
        "Gross Profit": NaN,
        "Operating Income": -3,
        "EBIT": -3,
        "Net Income": -3
    },
    "2018-12-31": {
        "Diluted EPS": -0.4,
        "Total Revenue": NaN,
        "Gross Profit": NaN,
        "Operating Income": -3,
        "EBIT": -3,
        "Net Income": -3
    },
    "2018-09-30": {
        "Diluted EPS": -1.78,
        "Total Revenue": NaN,
        "Gross Profit": NaN,
        "Operating Income": -4,
        "EBIT": -4,
        "Net Income": -4
    },
    "2018-06-30": {
        "Diluted EPS": -1.68,
        "Total Revenue": NaN,
        "Gross Profit": NaN,
        "Operating Income": -4,
        "EBIT": -4,
        "Net Income": -4
    },
    "2018-03-31": {
        "Diluted EPS": -4.68,
        "Total Revenue": NaN,
        "Gross Profit": NaN,
        "Operating Income": -4,
        "EBIT": -4,
        "Net Income": -7
    },
    "2017-12-31": {
        "Diluted EPS": -2.16,
        "Total Revenue": 0,
        "Gross Profit": 0,
        "Operating Income": -2,
        "EBIT": -2,
        "Net Income": -2
    },
    "2017-09-30": {
        "Diluted EPS": -1.92,
        "Total Revenue": 0,
        "Gross Profit": 0,
        "Operating Income": -2,
        "EBIT": -1,
        "Net Income": -2
    },
    "2017-06-30": {
        "Diluted EPS": -2.04,
        "Total Revenue": 0,
        "Gross Profit": 0,
        "Operating Income": -2,
        "EBIT": -1,
        "Net Income": -2
    },
    "2017-03-31": {
        "Diluted EPS": -2.4,
        "Total Revenue": 0,
        "Gross Profit": 0,
        "Operating Income": -2,
        "EBIT": -2,
        "Net Income": -2
    },
    "2016-12-31": {
        "Diluted EPS": -7.8,
        "Total Revenue": 0,
        "Gross Profit": 0,
        "Operating Income": -3,
        "EBIT": -3,
        "Net Income": -3
    },
    "2016-09-30": {
        "Diluted EPS": -5.28,
        "Total Revenue": 0,
        "Gross Profit": 0,
        "Operating Income": -2,
        "EBIT": -2,
        "Net Income": -2
    },
    "2016-06-30": {
        "Diluted EPS": -3.6,
        "Total Revenue": 0,
        "Gross Profit": 0,
        "Operating Income": -1,
        "EBIT": -1,
        "Net Income": -1
    },
    "2016-03-31": {
        "Diluted EPS": -1.08,
        "Total Revenue": 0,
        "Gross Profit": 0,
        "Operating Income": -2,
        "EBIT": -2,
        "Net Income": 0
    },
    "2015-12-31": {
        "Diluted EPS": -10.8,
        "Total Revenue": 0,
        "Gross Profit": 0,
        "Operating Income": -3,
        "EBIT": -3,
        "Net Income": -3
    },
    "2015-09-30": {
        "Diluted EPS": -0.6,
        "Total Revenue": 0,
        "Gross Profit": 0,
        "Operating Income": -1,
        "EBIT": -1,
        "Net Income": 0
    },
    "2015-06-30": {
        "Diluted EPS": -3.36,
        "Total Revenue": 0,
        "Gross Profit": 0,
        "Operating Income": -1,
        "EBIT": -1,
        "Net Income": -1
    },
    "2015-03-31": {
        "Diluted EPS": 0.6,
        "Total Revenue": 0,
        "Gross Profit": 0,
        "Operating Income": -1,
        "EBIT": -1,
        "Net Income": 0
    },
    "2014-12-31": {
        "Diluted EPS": 6.0,
        "Total Revenue": 0,
        "Gross Profit": 0,
        "Operating Income": -1,
        "EBIT": -1,
        "Net Income": 1
    },
    "2014-09-30": {
        "Diluted EPS": 0.6,
        "Total Revenue": 0,
        "Gross Profit": 0,
        "Operating Income": -1,
        "EBIT": -1,
        "Net Income": 0
    },
    "2014-06-30": {
        "Diluted EPS": -7.2,
        "Total Revenue": 0,
        "Gross Profit": 0,
        "Operating Income": -2,
        "EBIT": -2,
        "Net Income": -2
    },
    "2014-03-31": {
        "Diluted EPS": -13.81,
        "Total Revenue": 0,
        "Gross Profit": 0,
        "Operating Income": -1,
        "EBIT": -1,
        "Net Income": -3
    },
    "2013-12-31": {
        "Diluted EPS": -3.6,
        "Total Revenue": 1,
        "Gross Profit": 0,
        "Operating Income": -1,
        "EBIT": -1,
        "Net Income": -1
    },
    "2013-09-30": {
        "Diluted EPS": -6.6,
        "Total Revenue": 0,
        "Gross Profit": 0,
        "Operating Income": -1,
        "EBIT": -1,
        "Net Income": -1
    },
    "2013-06-30": {
        "Diluted EPS": -4.8,
        "Total Revenue": 1,
        "Gross Profit": 0,
        "Operating Income": -1,
        "EBIT": -1,
        "Net Income": -1
    },
    "2013-03-31": {
        "Diluted EPS": -6.0,
        "Total Revenue": 1,
        "Gross Profit": 0,
        "Operating Income": -1,
        "EBIT": -1,
        "Net Income": -1
    },
    "2012-12-31": {
        "Diluted EPS": -3.0,
        "Total Revenue": 1,
        "Gross Profit": 0,
        "Operating Income": -1,
        "EBIT": -1,
        "Net Income": -1
    },
    "2012-09-30": {
        "Diluted EPS": -6.0,
        "Total Revenue": 1,
        "Gross Profit": 0,
        "Operating Income": -1,
        "EBIT": -1,
        "Net Income": -1
    },
    "2012-06-30": {
        "Diluted EPS": -6.6,
        "Total Revenue": 1,
        "Gross Profit": 0,
        "Operating Income": -1,
        "EBIT": -1,
        "Net Income": -1
    },
    "2012-03-31": {
        "Diluted EPS": -3.6,
        "Total Revenue": 1,
        "Gross Profit": 0,
        "Operating Income": -1,
        "EBIT": -1,
        "Net Income": -1
    },
    "2011-12-31": {
        "Diluted EPS": -9.0,
        "Total Revenue": 1,
        "Gross Profit": 0,
        "Operating Income": -2,
        "EBIT": -2,
        "Net Income": -2
    },
    "2011-09-30": {
        "Diluted EPS": -5.4,
        "Total Revenue": 2,
        "Gross Profit": 1,
        "Operating Income": -1,
        "EBIT": -1,
        "Net Income": -1
    },
    "2011-06-30": {
        "Diluted EPS": -5.4,
        "Total Revenue": 2,
        "Gross Profit": 1,
        "Operating Income": -1,
        "EBIT": -1,
        "Net Income": -1
    },
    "2011-03-31": {
        "Diluted EPS": -7.8,
        "Total Revenue": 2,
        "Gross Profit": 0,
        "Operating Income": -2,
        "EBIT": -2,
        "Net Income": -2
    },
    "2010-12-31": {
        "Diluted EPS": -10.8,
        "Total Revenue": 1,
        "Gross Profit": 0,
        "Operating Income": -2,
        "EBIT": -2,
        "Net Income": -2
    },
    "2010-09-30": {
        "Diluted EPS": -8.4,
        "Total Revenue": 2,
        "Gross Profit": 1,
        "Operating Income": -2,
        "EBIT": -2,
        "Net Income": -2
    },
    "2010-06-30": {
        "Diluted EPS": -11.41,
        "Total Revenue": 2,
        "Gross Profit": 1,
        "Operating Income": -2,
        "EBIT": -2,
        "Net Income": -2
    },
    "2010-03-31": {
        "Diluted EPS": -10.2,
        "Total Revenue": 2,
        "Gross Profit": 1,
        "Operating Income": -2,
        "EBIT": -2,
        "Net Income": -2
    },
    "2009-12-31": {
        "Diluted EPS": -12.01,
        "Total Revenue": 2,
        "Gross Profit": 1,
        "Operating Income": -2,
        "EBIT": -2,
        "Net Income": -2
    },
    "2009-09-30": {
        "Diluted EPS": -13.81,
        "Total Revenue": 2,
        "Gross Profit": 1,
        "Operating Income": -2,
        "EBIT": -2,
        "Net Income": -2
    },
    "2009-06-30": {
        "Diluted EPS": 0.0,
        "Total Revenue": 3,
        "Gross Profit": 2,
        "Operating Income": -1,
        "EBIT": -1,
        "Net Income": -1
    },
    "2009-03-31": {
        "Diluted EPS": -18.03,
        "Total Revenue": 3,
        "Gross Profit": 1,
        "Operating Income": -2,
        "EBIT": -2,
        "Net Income": -2
    },
    "2023-09-30": {
        "Tax Effect Of Unusual Items": 0.0,
        "Tax Rate For Calcs": 0.0,
        "Normalized EBITDA": -2161893.0,
        "Net Income From Continuing Operation Net Minority Interest": -1839828.0,
        "EBITDA": -2161893.0,
        "EBIT": -2161893.0,
        "Net Interest Income": 322065.0,
        "Interest Income": 322065.0,
        "Normalized Income": -1839828.0,
        "Net Income From Continuing And Discontinued Operation": -1839828.0,
        "Total Expenses": 2161893.0,
        "Total Operating Income As Reported": -2161893.0,
        "Diluted Average Shares": 12252342.0,
        "Basic Average Shares": 12252342.0,
        "Diluted EPS": -0.15,
        "Basic EPS": -0.15,
        "Diluted NI Availto Com Stockholders": -1839828.0,
        "Net Income Common Stockholders": -1839828.0,
        "Net Income": -1839828.0,
        "Net Income Including Noncontrolling Interests": -1839828.0,
        "Net Income Continuous Operations": -1839828.0,
        "Tax Provision": 0.0,
        "Pretax Income": -1839828.0,
        "Earnings From Equity Interest": NaN,
        "Net Non Operating Interest Income Expense": 322065.0,
        "Interest Income Non Operating": 322065.0,
        "Operating Income": -2161893.0,
        "Operating Expense": 2161893.0,
        "Other Operating Expenses": NaN,
        "Research And Development": 552751.0,
        "Selling General And Administration": 1609142.0,
        "General And Administrative Expense": 1609142.0,
        "Other Gand A": 1609142.0,
        "Total Revenue": 0.0,
        "Operating Revenue": 0.0
    },
    "2023-12-31": {
        "Tax Effect Of Unusual Items": 0.0,
        "Tax Rate For Calcs": 0.0,
        "Normalized EBITDA": -2633099.0,
        "Net Income From Continuing Operation Net Minority Interest": -2370014.0,
        "EBITDA": -2633099.0,
        "EBIT": -2633099.0,
        "Net Interest Income": 263085.0,
        "Interest Income": 263085.0,
        "Normalized Income": -2370014.0,
        "Net Income From Continuing And Discontinued Operation": -2370014.0,
        "Total Expenses": 2633099.0,
        "Total Operating Income As Reported": -2633099.0,
        "Diluted Average Shares": NaN,
        "Basic Average Shares": NaN,
        "Diluted EPS": NaN,
        "Basic EPS": NaN,
        "Diluted NI Availto Com Stockholders": -2370014.0,
        "Net Income Common Stockholders": -2370014.0,
        "Net Income": -2370014.0,
        "Net Income Including Noncontrolling Interests": -2370014.0,
        "Net Income Continuous Operations": -2370014.0,
        "Tax Provision": 0.0,
        "Pretax Income": -2370014.0,
        "Earnings From Equity Interest": NaN,
        "Net Non Operating Interest Income Expense": 263085.0,
        "Interest Income Non Operating": 263085.0,
        "Operating Income": -2633099.0,
        "Operating Expense": 2633099.0,
        "Other Operating Expenses": 0.0,
        "Research And Development": 555215.0,
        "Selling General And Administration": 2077884.0,
        "General And Administrative Expense": 2077884.0,
        "Other Gand A": 2077884.0,
        "Total Revenue": 0.0,
        "Operating Revenue": 0.0
    },
    "2024-03-31": {
        "Tax Effect Of Unusual Items": 0.0,
        "Tax Rate For Calcs": 0.0,
        "Normalized EBITDA": -3181568.0,
        "Net Income From Continuing Operation Net Minority Interest": -2819584.0,
        "EBITDA": -3181568.0,
        "EBIT": -3181568.0,
        "Net Interest Income": 361984.0,
        "Interest Income": 361984.0,
        "Normalized Income": -2819584.0,
        "Net Income From Continuing And Discontinued Operation": -2819584.0,
        "Total Expenses": 3181568.0,
        "Total Operating Income As Reported": -3181568.0,
        "Diluted Average Shares": 13491954.0,
        "Basic Average Shares": 13491954.0,
        "Diluted EPS": -0.21,
        "Basic EPS": -0.21,
        "Diluted NI Availto Com Stockholders": -2819584.0,
        "Net Income Common Stockholders": -2819584.0,
        "Net Income": -2819584.0,
        "Net Income Including Noncontrolling Interests": -2819584.0,
        "Net Income Continuous Operations": -2819584.0,
        "Tax Provision": 0.0,
        "Pretax Income": -2819584.0,
        "Earnings From Equity Interest": NaN,
        "Net Non Operating Interest Income Expense": 361984.0,
        "Interest Income Non Operating": 361984.0,
        "Operating Income": -3181568.0,
        "Operating Expense": 3181568.0,
        "Other Operating Expenses": NaN,
        "Research And Development": 1023823.0,
        "Selling General And Administration": 2157745.0,
        "General And Administrative Expense": 2157745.0,
        "Other Gand A": 2157745.0,
        "Total Revenue": 0.0,
        "Operating Revenue": 0.0
    },
    "2024-06-30": {
        "Tax Effect Of Unusual Items": 0.0,
        "Tax Rate For Calcs": 0.0,
        "Normalized EBITDA": -2702225.0,
        "Net Income From Continuing Operation Net Minority Interest": -2374634.0,
        "EBITDA": -2702225.0,
        "EBIT": -2702225.0,
        "Net Interest Income": 327591.0,
        "Interest Income": 327591.0,
        "Normalized Income": -2374634.0,
        "Net Income From Continuing And Discontinued Operation": -2374634.0,
        "Total Expenses": 2702225.0,
        "Total Operating Income As Reported": -2702225.0,
        "Diluted Average Shares": 13930032.0,
        "Basic Average Shares": 13930032.0,
        "Diluted EPS": -0.17,
        "Basic EPS": -0.17,
        "Diluted NI Availto Com Stockholders": -2374634.0,
        "Net Income Common Stockholders": -2374634.0,
        "Net Income": -2374634.0,
        "Net Income Including Noncontrolling Interests": -2374634.0,
        "Net Income Continuous Operations": -2374634.0,
        "Tax Provision": 0.0,
        "Pretax Income": -2374634.0,
        "Earnings From Equity Interest": NaN,
        "Net Non Operating Interest Income Expense": 327591.0,
        "Interest Income Non Operating": 327591.0,
        "Operating Income": -2702225.0,
        "Operating Expense": 2702225.0,
        "Other Operating Expenses": NaN,
        "Research And Development": 909612.0,
        "Selling General And Administration": 1792613.0,
        "General And Administrative Expense": 1792613.0,
        "Other Gand A": 1792613.0,
        "Total Revenue": 0.0,
        "Operating Revenue": 0.0
    }
}