{
    "2023-03-31": {
        "Tax Effect Of Unusual Items": 0.0,
        "Tax Rate For Calcs": 0.0,
        "Normalized EBITDA": -4282850.0,
        "Net Income From Continuing Operation Net Minority Interest": -3867765.0,
        "Reconciled Depreciation": 3418.0,
        "EBITDA": -4282850.0,
        "EBIT": -4286268.0,
        "Net Interest Income": 133782.0,
        "Interest Income": 133782.0,
        "Normalized Income": -3867765.0,
        "Net Income From Continuing And Discontinued Operation": -3867765.0,
        "Total Expenses": 4286268.0,
        "Total Operating Income As Reported": -4286268.0,
        "Diluted Average Shares": 10857040.0,
        "Basic Average Shares": 10857040.0,
        "Diluted EPS": -0.36,
        "Basic EPS": -0.36,
        "Diluted NI Availto Com Stockholders": -3867765.0,
        "Net Income Common Stockholders": -3867765.0,
        "Net Income": -3867765.0,
        "Net Income Including Noncontrolling Interests": -3867765.0,
        "Net Income Continuous Operations": -3867765.0,
        "Pretax Income": -3867765.0,
        "Other Income Expense": 284721.0,
        "Other Non Operating Income Expenses": 284721.0,
        "Net Non Operating Interest Income Expense": 133782.0,
        "Interest Income Non Operating": 133782.0,
        "Operating Income": -4286268.0,
        "Operating Expense": 4286268.0,
        "Research And Development": 2552947.0,
        "Selling General And Administration": 1733321.0,
        "General And Administrative Expense": 1733321.0,
        "Other Gand A": 1733321.0,
        "Total Revenue": 0.0,
        "Operating Revenue": 0.0
    },
    "2022-12-31": {
        "Tax Effect Of Unusual Items": 0.0,
        "Tax Rate For Calcs": 0.0,
        "Normalized EBITDA": -3823518.0,
        "Net Income From Continuing Operation Net Minority Interest": -3381105.0,
        "Reconciled Depreciation": 2760.0,
        "EBITDA": -3823518.0,
        "EBIT": -3826278.0,
        "Net Interest Income": 74684.0,
        "Interest Income": 74684.0,
        "Normalized Income": -3381105.0,
        "Net Income From Continuing And Discontinued Operation": -3381105.0,
        "Total Expenses": 3826278.0,
        "Total Operating Income As Reported": -3826278.0,
        "Diluted Average Shares": NaN,
        "Basic Average Shares": NaN,
        "Diluted EPS": NaN,
        "Basic EPS": NaN,
        "Diluted NI Availto Com Stockholders": -3381105.0,
        "Net Income Common Stockholders": -3381105.0,
        "Net Income": -3381105.0,
        "Net Income Including Noncontrolling Interests": -3381105.0,
        "Net Income Continuous Operations": -3381105.0,
        "Pretax Income": -3381105.0,
        "Other Income Expense": 370489.0,
        "Other Non Operating Income Expenses": 370489.0,
        "Net Non Operating Interest Income Expense": 74684.0,
        "Interest Income Non Operating": 74684.0,
        "Operating Income": -3826278.0,
        "Operating Expense": 3826278.0,
        "Research And Development": 2251598.0,
        "Selling General And Administration": 1574680.0,
        "General And Administrative Expense": 1574680.0,
        "Other Gand A": 1574680.0,
        "Total Revenue": 0.0,
        "Operating Revenue": 0.0
    },
    "2022-09-30": {
        "Tax Effect Of Unusual Items": NaN,
        "Tax Rate For Calcs": NaN,
        "Normalized EBITDA": NaN,
        "Net Income From Continuing Operation Net Minority Interest": NaN,
        "Reconciled Depreciation": NaN,
        "EBITDA": NaN,
        "EBIT": NaN,
        "Net Interest Income": NaN,
        "Interest Income": NaN,
        "Normalized Income": NaN,
        "Net Income From Continuing And Discontinued Operation": NaN,
        "Total Expenses": NaN,
        "Total Operating Income As Reported": NaN,
        "Diluted Average Shares": 10838888.0,
        "Basic Average Shares": 10838888.0,
        "Diluted EPS": -0.21,
        "Basic EPS": -0.21,
        "Diluted NI Availto Com Stockholders": NaN,
        "Net Income Common Stockholders": NaN,
        "Net Income": NaN,
        "Net Income Including Noncontrolling Interests": NaN,
        "Net Income Continuous Operations": NaN,
        "Pretax Income": NaN,
        "Other Income Expense": NaN,
        "Other Non Operating Income Expenses": NaN,
        "Net Non Operating Interest Income Expense": NaN,
        "Interest Income Non Operating": NaN,
        "Operating Income": NaN,
        "Operating Expense": NaN,
        "Research And Development": NaN,
        "Selling General And Administration": NaN,
        "General And Administrative Expense": NaN,
        "Other Gand A": NaN,
        "Total Revenue": NaN,
        "Operating Revenue": NaN
    },
    "2022-06-30": {
        "Tax Effect Of Unusual Items": 0.0,
        "Tax Rate For Calcs": 0.0,
        "Normalized EBITDA": -4392436.0,
        "Net Income From Continuing Operation Net Minority Interest": -4492386.0,
        "Reconciled Depreciation": 2385.0,
        "EBITDA": -4392436.0,
        "EBIT": -4394821.0,
        "Net Interest Income": 55026.0,
        "Interest Income": 55026.0,
        "Normalized Income": -4492386.0,
        "Net Income From Continuing And Discontinued Operation": -4492386.0,
        "Total Expenses": 4394821.0,
        "Total Operating Income As Reported": -4394821.0,
        "Diluted Average Shares": 10830947.0,
        "Basic Average Shares": 10830947.0,
        "Diluted EPS": -0.41,
        "Basic EPS": -0.41,
        "Diluted NI Availto Com Stockholders": -4492386.0,
        "Net Income Common Stockholders": -4492386.0,
        "Net Income": -4492386.0,
        "Net Income Including Noncontrolling Interests": -4492386.0,
        "Net Income Continuous Operations": -4492386.0,
        "Pretax Income": -4492386.0,
        "Other Income Expense": -152591.0,
        "Other Non Operating Income Expenses": -152591.0,
        "Net Non Operating Interest Income Expense": 55026.0,
        "Interest Income Non Operating": 55026.0,
        "Operating Income": -4394821.0,
        "Operating Expense": 4394821.0,
        "Research And Development": 2988823.0,
        "Selling General And Administration": 1405998.0,
        "General And Administrative Expense": 1405998.0,
        "Other Gand A": 1405998.0,
        "Total Revenue": 0.0,
        "Operating Revenue": 0.0
    },
    "2022-03-31": {
        "Diluted EPS": -0.38,
        "Total Revenue": NaN,
        "Gross Profit": NaN,
        "Operating Income": -4,
        "EBIT": -4,
        "Net Income": -4
    },
    "2021-12-31": {
        "Diluted EPS": -0.32,
        "Total Revenue": NaN,
        "Gross Profit": NaN,
        "Operating Income": -4,
        "EBIT": -3,
        "Net Income": -4
    },
    "2021-09-30": {
        "Diluted EPS": -0.36,
        "Total Revenue": NaN,
        "Gross Profit": NaN,
        "Operating Income": -4,
        "EBIT": -4,
        "Net Income": -4
    },
    "2021-06-30": {
        "Diluted EPS": -0.21,
        "Total Revenue": NaN,
        "Gross Profit": NaN,
        "Operating Income": -2,
        "EBIT": -2,
        "Net Income": -2
    },
    "2021-03-31": {
        "Diluted EPS": -0.24,
        "Total Revenue": NaN,
        "Gross Profit": NaN,
        "Operating Income": -2,
        "EBIT": -2,
        "Net Income": -2
    },
    "2020-12-31": {
        "Diluted EPS": -0.55,
        "Total Revenue": NaN,
        "Gross Profit": NaN,
        "Operating Income": -3,
        "EBIT": -3,
        "Net Income": -3
    },
    "2020-09-30": {
        "Diluted EPS": -0.27,
        "Total Revenue": NaN,
        "Gross Profit": NaN,
        "Operating Income": -2,
        "EBIT": -2,
        "Net Income": -2
    },
    "2020-06-30": {
        "Diluted EPS": -0.31,
        "Total Revenue": NaN,
        "Gross Profit": NaN,
        "Operating Income": -1,
        "EBIT": -1,
        "Net Income": -1
    },
    "2020-03-31": {
        "Diluted EPS": -0.24,
        "Total Revenue": NaN,
        "Gross Profit": NaN,
        "Operating Income": 0,
        "EBIT": 0,
        "Net Income": 0
    },
    "2019-12-31": {
        "Diluted EPS": 0.0,
        "Total Revenue": NaN,
        "Gross Profit": NaN,
        "Operating Income": NaN,
        "EBIT": NaN,
        "Net Income": NaN
    },
    "2019-09-30": {
        "Diluted EPS": -0.34,
        "Total Revenue": NaN,
        "Gross Profit": NaN,
        "Operating Income": -1,
        "EBIT": -1,
        "Net Income": -1
    },
    "2019-06-30": {
        "Diluted EPS": -0.32,
        "Total Revenue": NaN,
        "Gross Profit": NaN,
        "Operating Income": -1,
        "EBIT": -1,
        "Net Income": -1
    },
    "2023-06-30": {
        "Tax Effect Of Unusual Items": 0.0,
        "Tax Rate For Calcs": 0.0,
        "Normalized EBITDA": -5186786.0,
        "Net Income From Continuing Operation Net Minority Interest": -4746398.0,
        "Reconciled Depreciation": 3511.0,
        "EBITDA": -5186786.0,
        "EBIT": -5190297.0,
        "Net Interest Income": 117823.0,
        "Interest Income": 117823.0,
        "Normalized Income": -4746398.0,
        "Net Income From Continuing And Discontinued Operation": -4746398.0,
        "Total Expenses": 5190297.0,
        "Total Operating Income As Reported": -5190297.0,
        "Diluted Average Shares": 10857040.0,
        "Basic Average Shares": 10857040.0,
        "Diluted EPS": -0.44,
        "Basic EPS": -0.44,
        "Diluted NI Availto Com Stockholders": -4746398.0,
        "Net Income Common Stockholders": -4746398.0,
        "Net Income": -4746398.0,
        "Net Income Including Noncontrolling Interests": -4746398.0,
        "Net Income Continuous Operations": -4746398.0,
        "Pretax Income": -4746398.0,
        "Other Income Expense": 326076.0,
        "Other Non Operating Income Expenses": 326076.0,
        "Net Non Operating Interest Income Expense": 117823.0,
        "Interest Income Non Operating": 117823.0,
        "Operating Income": -5190297.0,
        "Operating Expense": 5190297.0,
        "Research And Development": 3558217.0,
        "Selling General And Administration": 1632080.0,
        "General And Administrative Expense": 1632080.0,
        "Other Gand A": 1632080.0,
        "Total Revenue": 0.0,
        "Operating Revenue": 0.0
    },
    "2023-09-30": {
        "Tax Effect Of Unusual Items": 0.0,
        "Tax Rate For Calcs": 0.0,
        "Normalized EBITDA": -3519910.0,
        "Net Income From Continuing Operation Net Minority Interest": -3161450.0,
        "Reconciled Depreciation": 3711.0,
        "EBITDA": -3519910.0,
        "EBIT": -3523621.0,
        "Net Interest Income": 246394.0,
        "Interest Income": 246394.0,
        "Normalized Income": -3161450.0,
        "Net Income From Continuing And Discontinued Operation": -3161450.0,
        "Total Expenses": 3523621.0,
        "Total Operating Income As Reported": -3523621.0,
        "Diluted Average Shares": 10857366.0,
        "Basic Average Shares": 10857366.0,
        "Diluted EPS": -0.29,
        "Basic EPS": -0.29,
        "Diluted NI Availto Com Stockholders": -3161450.0,
        "Net Income Common Stockholders": -3161450.0,
        "Net Income": -3161450.0,
        "Net Income Including Noncontrolling Interests": -3161450.0,
        "Net Income Continuous Operations": -3161450.0,
        "Pretax Income": -3161450.0,
        "Other Income Expense": 115777.0,
        "Other Non Operating Income Expenses": 115777.0,
        "Net Non Operating Interest Income Expense": 246394.0,
        "Interest Income Non Operating": 246394.0,
        "Operating Income": -3523621.0,
        "Operating Expense": 3523621.0,
        "Research And Development": 2209894.0,
        "Selling General And Administration": 1313727.0,
        "General And Administrative Expense": 1313727.0,
        "Other Gand A": 1313727.0,
        "Total Revenue": 0.0,
        "Operating Revenue": 0.0
    },
    "2023-12-31": {
        "Tax Effect Of Unusual Items": 0.0,
        "Tax Rate For Calcs": 0.0,
        "Normalized EBITDA": -4873409.0,
        "Net Income From Continuing Operation Net Minority Interest": -4185921.0,
        "Reconciled Depreciation": 3975.0,
        "EBITDA": -4873409.0,
        "EBIT": -4877384.0,
        "Net Interest Income": 267389.0,
        "Interest Income": 267389.0,
        "Normalized Income": -4185921.0,
        "Net Income From Continuing And Discontinued Operation": -4185921.0,
        "Total Expenses": 4877384.0,
        "Total Operating Income As Reported": -4877384.0,
        "Diluted Average Shares": NaN,
        "Basic Average Shares": NaN,
        "Diluted EPS": NaN,
        "Basic EPS": NaN,
        "Diluted NI Availto Com Stockholders": -4185921.0,
        "Net Income Common Stockholders": -4185921.0,
        "Net Income": -4185921.0,
        "Net Income Including Noncontrolling Interests": -4185921.0,
        "Net Income Continuous Operations": -4185921.0,
        "Pretax Income": -4185921.0,
        "Other Income Expense": 424074.0,
        "Other Non Operating Income Expenses": 424074.0,
        "Net Non Operating Interest Income Expense": 267389.0,
        "Interest Income Non Operating": 267389.0,
        "Operating Income": -4877384.0,
        "Operating Expense": 4877384.0,
        "Research And Development": 3573257.0,
        "Selling General And Administration": 1304127.0,
        "General And Administrative Expense": 1304127.0,
        "Other Gand A": 1304127.0,
        "Total Revenue": 0.0,
        "Operating Revenue": 0.0
    },
    "2024-03-31": {
        "Tax Effect Of Unusual Items": 0.0,
        "Tax Rate For Calcs": 0.0,
        "Normalized EBITDA": -5727940.0,
        "Net Income From Continuing Operation Net Minority Interest": -5440810.0,
        "Reconciled Depreciation": 4061.0,
        "EBITDA": -5727940.0,
        "EBIT": -5732001.0,
        "Net Interest Income": 200950.0,
        "Interest Income": 200950.0,
        "Normalized Income": -5440810.0,
        "Net Income From Continuing And Discontinued Operation": -5440810.0,
        "Total Expenses": 5732001.0,
        "Total Operating Income As Reported": -5732001.0,
        "Diluted Average Shares": 10742797.0,
        "Basic Average Shares": 10742797.0,
        "Diluted EPS": -0.51,
        "Basic EPS": -0.51,
        "Diluted NI Availto Com Stockholders": -5440810.0,
        "Net Income Common Stockholders": -5440810.0,
        "Net Income": -5440810.0,
        "Net Income Including Noncontrolling Interests": -5440810.0,
        "Net Income Continuous Operations": -5440810.0,
        "Pretax Income": -5440810.0,
        "Other Income Expense": 90241.0,
        "Other Non Operating Income Expenses": 90241.0,
        "Net Non Operating Interest Income Expense": 200950.0,
        "Interest Income Non Operating": 200950.0,
        "Operating Income": -5732001.0,
        "Operating Expense": 5732001.0,
        "Research And Development": 4250786.0,
        "Selling General And Administration": 1481215.0,
        "General And Administrative Expense": 1481215.0,
        "Other Gand A": 1481215.0,
        "Total Revenue": 0.0,
        "Operating Revenue": 0.0
    }
}