{
    "2023-03-31": {
        "Tax Effect Of Unusual Items": 0.0,
        "Tax Rate For Calcs": 0.0,
        "Normalized EBITDA": -1808358.0,
        "Net Income From Continuing Operation Net Minority Interest": -3213982.0,
        "Reconciled Depreciation": 1405601.0,
        "Reconciled Cost Of Revenue": 35026.0,
        "EBITDA": -1808358.0,
        "EBIT": -3213959.0,
        "Net Interest Income": -23.0,
        "Interest Expense": 23.0,
        "Normalized Income": -3213982.0,
        "Net Income From Continuing And Discontinued Operation": -3213982.0,
        "Total Expenses": 3775317.0,
        "Total Operating Income As Reported": -3155088.0,
        "Diluted Average Shares": 2522225.0,
        "Basic Average Shares": 2522225.0,
        "Diluted EPS": -1.274265,
        "Basic EPS": -1.274265,
        "Diluted NI Availto Com Stockholders": -3213982.0,
        "Net Income Common Stockholders": -3213982.0,
        "Net Income": -3213982.0,
        "Net Income Including Noncontrolling Interests": -3213982.0,
        "Net Income Continuous Operations": -3213982.0,
        "Tax Provision": 0.0,
        "Pretax Income": -3213982.0,
        "Other Income Expense": -58871.0,
        "Other Non Operating Income Expenses": -58871.0,
        "Net Non Operating Interest Income Expense": -23.0,
        "Total Other Finance Cost": NaN,
        "Interest Expense Non Operating": 23.0,
        "Operating Income": -3155088.0,
        "Operating Expense": 3740170.0,
        "Depreciation Amortization Depletion Income Statement": 1405480.0,
        "Depreciation And Amortization In Income Statement": 1405480.0,
        "Selling General And Administration": 2334690.0,
        "General And Administrative Expense": 2334690.0,
        "Other Gand A": 1077256.0,
        "Salaries And Wages": 1257434.0,
        "Gross Profit": 585082.0,
        "Cost Of Revenue": 35147.0,
        "Total Revenue": 620229.0,
        "Operating Revenue": 620229.0
    },
    "2022-12-31": {
        "Tax Effect Of Unusual Items": NaN,
        "Tax Rate For Calcs": NaN,
        "Normalized EBITDA": NaN,
        "Net Income From Continuing Operation Net Minority Interest": NaN,
        "Reconciled Depreciation": NaN,
        "Reconciled Cost Of Revenue": NaN,
        "EBITDA": NaN,
        "EBIT": NaN,
        "Net Interest Income": NaN,
        "Interest Expense": 690251.0,
        "Normalized Income": NaN,
        "Net Income From Continuing And Discontinued Operation": NaN,
        "Total Expenses": NaN,
        "Total Operating Income As Reported": NaN,
        "Diluted Average Shares": NaN,
        "Basic Average Shares": NaN,
        "Diluted EPS": NaN,
        "Basic EPS": NaN,
        "Diluted NI Availto Com Stockholders": NaN,
        "Net Income Common Stockholders": NaN,
        "Net Income": NaN,
        "Net Income Including Noncontrolling Interests": NaN,
        "Net Income Continuous Operations": NaN,
        "Tax Provision": NaN,
        "Pretax Income": NaN,
        "Other Income Expense": NaN,
        "Other Non Operating Income Expenses": NaN,
        "Net Non Operating Interest Income Expense": NaN,
        "Total Other Finance Cost": NaN,
        "Interest Expense Non Operating": 690251.0,
        "Operating Income": NaN,
        "Operating Expense": NaN,
        "Depreciation Amortization Depletion Income Statement": NaN,
        "Depreciation And Amortization In Income Statement": NaN,
        "Selling General And Administration": NaN,
        "General And Administrative Expense": NaN,
        "Other Gand A": NaN,
        "Salaries And Wages": NaN,
        "Gross Profit": NaN,
        "Cost Of Revenue": NaN,
        "Total Revenue": NaN,
        "Operating Revenue": NaN
    },
    "2022-09-30": {
        "Tax Effect Of Unusual Items": NaN,
        "Tax Rate For Calcs": NaN,
        "Normalized EBITDA": NaN,
        "Net Income From Continuing Operation Net Minority Interest": NaN,
        "Reconciled Depreciation": NaN,
        "Reconciled Cost Of Revenue": NaN,
        "EBITDA": NaN,
        "EBIT": NaN,
        "Net Interest Income": NaN,
        "Interest Expense": -438.0,
        "Normalized Income": NaN,
        "Net Income From Continuing And Discontinued Operation": NaN,
        "Total Expenses": NaN,
        "Total Operating Income As Reported": NaN,
        "Diluted Average Shares": 2520649.0,
        "Basic Average Shares": 2520649.0,
        "Diluted EPS": -2.417231,
        "Basic EPS": -2.417231,
        "Diluted NI Availto Com Stockholders": NaN,
        "Net Income Common Stockholders": NaN,
        "Net Income": NaN,
        "Net Income Including Noncontrolling Interests": NaN,
        "Net Income Continuous Operations": NaN,
        "Tax Provision": NaN,
        "Pretax Income": NaN,
        "Other Income Expense": NaN,
        "Other Non Operating Income Expenses": NaN,
        "Net Non Operating Interest Income Expense": NaN,
        "Total Other Finance Cost": -438.0,
        "Interest Expense Non Operating": -438.0,
        "Operating Income": NaN,
        "Operating Expense": NaN,
        "Depreciation Amortization Depletion Income Statement": NaN,
        "Depreciation And Amortization In Income Statement": NaN,
        "Selling General And Administration": NaN,
        "General And Administrative Expense": NaN,
        "Other Gand A": NaN,
        "Salaries And Wages": NaN,
        "Gross Profit": NaN,
        "Cost Of Revenue": NaN,
        "Total Revenue": NaN,
        "Operating Revenue": NaN
    },
    "2022-06-30": {
        "Tax Effect Of Unusual Items": 0.0,
        "Tax Rate For Calcs": 0.4,
        "Normalized EBITDA": -14021219.0,
        "Net Income From Continuing Operation Net Minority Interest": -15448942.0,
        "Reconciled Depreciation": 1333314.0,
        "Reconciled Cost Of Revenue": 1541319.0,
        "EBITDA": -14021219.0,
        "EBIT": -15354533.0,
        "Net Interest Income": -71045.0,
        "Interest Expense": 71045.0,
        "Normalized Income": -15448942.0,
        "Net Income From Continuing And Discontinued Operation": -15448942.0,
        "Total Expenses": 17487555.0,
        "Total Operating Income As Reported": -15602384.0,
        "Diluted Average Shares": 2520649.0,
        "Basic Average Shares": 2520649.0,
        "Diluted EPS": -6.09,
        "Basic EPS": -6.09,
        "Diluted NI Availto Com Stockholders": -15448942.0,
        "Net Income Common Stockholders": -15448942.0,
        "Net Income": -15448942.0,
        "Net Income Including Noncontrolling Interests": -15448942.0,
        "Net Income Continuous Operations": -15448942.0,
        "Tax Provision": 23364.0,
        "Pretax Income": -15425578.0,
        "Other Income Expense": 247851.0,
        "Other Non Operating Income Expenses": 247851.0,
        "Net Non Operating Interest Income Expense": -71045.0,
        "Total Other Finance Cost": NaN,
        "Interest Expense Non Operating": 71045.0,
        "Operating Income": -15602384.0,
        "Operating Expense": 15910316.0,
        "Depreciation Amortization Depletion Income Statement": 1297394.0,
        "Depreciation And Amortization In Income Statement": 1297394.0,
        "Selling General And Administration": 14612922.0,
        "General And Administrative Expense": 14612922.0,
        "Other Gand A": 5100566.0,
        "Salaries And Wages": 9512356.0,
        "Gross Profit": 307932.0,
        "Cost Of Revenue": 1577239.0,
        "Total Revenue": 1885171.0,
        "Operating Revenue": 1885171.0
    },
    "2022-03-31": {
        "Diluted EPS": -0.69,
        "Total Revenue": 4,
        "Gross Profit": 1,
        "Operating Income": -31,
        "EBIT": -30,
        "Net Income": -35
    },
    "2021-12-31": {
        "Diluted EPS": -1.28,
        "Total Revenue": -1,
        "Gross Profit": -3,
        "Operating Income": -22,
        "EBIT": -19,
        "Net Income": -35
    },
    "2021-09-30": {
        "Diluted EPS": -0.46,
        "Total Revenue": 2,
        "Gross Profit": 0,
        "Operating Income": -6,
        "EBIT": -6,
        "Net Income": -11
    },
    "2021-06-30": {
        "Diluted EPS": -0.06,
        "Total Revenue": 10,
        "Gross Profit": 9,
        "Operating Income": 1,
        "EBIT": 2,
        "Net Income": -1
    },
    "2021-03-31": {
        "Diluted EPS": -0.24,
        "Total Revenue": 5,
        "Gross Profit": 3,
        "Operating Income": -3,
        "EBIT": -2,
        "Net Income": -5
    },
    "2020-12-31": {
        "Diluted EPS": -0.16,
        "Total Revenue": NaN,
        "Gross Profit": NaN,
        "Operating Income": -10,
        "EBIT": -10,
        "Net Income": -5
    },
    "2020-09-30": {
        "Diluted EPS": -0.03,
        "Total Revenue": NaN,
        "Gross Profit": NaN,
        "Operating Income": -1,
        "EBIT": -1,
        "Net Income": 0
    },
    "2020-06-30": {
        "Diluted EPS": -0.04,
        "Total Revenue": NaN,
        "Gross Profit": NaN,
        "Operating Income": 0,
        "EBIT": 0,
        "Net Income": 0
    },
    "2020-03-31": {
        "Diluted EPS": -0.03,
        "Total Revenue": NaN,
        "Gross Profit": NaN,
        "Operating Income": 0,
        "EBIT": 0,
        "Net Income": 0
    },
    "2019-12-31": {
        "Diluted EPS": 0.01,
        "Total Revenue": NaN,
        "Gross Profit": NaN,
        "Operating Income": 0,
        "EBIT": 0,
        "Net Income": 0
    },
    "2019-09-30": {
        "Diluted EPS": -0.02,
        "Total Revenue": NaN,
        "Gross Profit": NaN,
        "Operating Income": 0,
        "EBIT": 0,
        "Net Income": 0
    },
    "2019-06-30": {
        "Diluted EPS": -0.03,
        "Total Revenue": NaN,
        "Gross Profit": NaN,
        "Operating Income": 0,
        "EBIT": 0,
        "Net Income": 0
    },
    "2019-03-31": {
        "Diluted EPS": -0.02,
        "Total Revenue": NaN,
        "Gross Profit": NaN,
        "Operating Income": 0,
        "EBIT": 0,
        "Net Income": 0
    },
    "2018-12-31": {
        "Diluted EPS": -0.04,
        "Total Revenue": NaN,
        "Gross Profit": NaN,
        "Operating Income": 0,
        "EBIT": 0,
        "Net Income": 0
    },
    "2018-09-30": {
        "Diluted EPS": -0.02,
        "Total Revenue": NaN,
        "Gross Profit": NaN,
        "Operating Income": 0,
        "EBIT": 0,
        "Net Income": 0
    },
    "2018-06-30": {
        "Diluted EPS": -0.02,
        "Total Revenue": NaN,
        "Gross Profit": NaN,
        "Operating Income": 0,
        "EBIT": 0,
        "Net Income": 0
    },
    "2018-03-31": {
        "Diluted EPS": 0.0,
        "Total Revenue": NaN,
        "Gross Profit": NaN,
        "Operating Income": 0,
        "EBIT": 0,
        "Net Income": 0
    },
    "2017-12-31": {
        "Diluted EPS": 0.0,
        "Total Revenue": NaN,
        "Gross Profit": NaN,
        "Operating Income": NaN,
        "EBIT": NaN,
        "Net Income": NaN
    },
    "2017-09-30": {
        "Diluted EPS": 0.0,
        "Total Revenue": NaN,
        "Gross Profit": NaN,
        "Operating Income": 0,
        "EBIT": 0,
        "Net Income": 0
    },
    "2017-06-30": {
        "Diluted EPS": 0.0,
        "Total Revenue": NaN,
        "Gross Profit": NaN,
        "Operating Income": 0,
        "EBIT": 0,
        "Net Income": 0
    },
    "2023-06-30": {
        "Tax Effect Of Unusual Items": 0.0,
        "Tax Rate For Calcs": 0.0,
        "Normalized EBITDA": -2823158.0,
        "Net Income From Continuing Operation Net Minority Interest": -4256059.0,
        "Reconciled Depreciation": 1390917.0,
        "Reconciled Cost Of Revenue": 96924.0,
        "EBITDA": -2823158.0,
        "EBIT": -4215316.0,
        "Net Interest Income": -41142.0,
        "Interest Expense": NaN,
        "Normalized Income": -4256059.0,
        "Net Income From Continuing And Discontinued Operation": -4256059.0,
        "Total Expenses": 4870660.0,
        "Total Operating Income As Reported": -4215316.0,
        "Diluted Average Shares": 2518822.0,
        "Basic Average Shares": 2518822.0,
        "Diluted EPS": -1.67,
        "Basic EPS": -1.67,
        "Diluted NI Availto Com Stockholders": -4256059.0,
        "Net Income Common Stockholders": -4256059.0,
        "Net Income": -4256059.0,
        "Net Income Including Noncontrolling Interests": -4256059.0,
        "Net Income Continuous Operations": -4256059.0,
        "Tax Provision": 0.0,
        "Pretax Income": -4256059.0,
        "Other Income Expense": 399.0,
        "Other Non Operating Income Expenses": 399.0,
        "Net Non Operating Interest Income Expense": -41142.0,
        "Total Other Finance Cost": 41142.0,
        "Interest Expense Non Operating": NaN,
        "Operating Income": -4215316.0,
        "Operating Expense": 4774977.0,
        "Depreciation Amortization Depletion Income Statement": 1392158.0,
        "Depreciation And Amortization In Income Statement": 1392158.0,
        "Selling General And Administration": 3382819.0,
        "General And Administrative Expense": 3382819.0,
        "Other Gand A": 2076812.0,
        "Salaries And Wages": 1306007.0,
        "Gross Profit": 559661.0,
        "Cost Of Revenue": 95683.0,
        "Total Revenue": 655344.0,
        "Operating Revenue": 655344.0
    },
    "2023-09-30": {
        "Tax Effect Of Unusual Items": 0.0,
        "Tax Rate For Calcs": 0.0,
        "Normalized EBITDA": -1732733.0,
        "Net Income From Continuing Operation Net Minority Interest": -3400617.0,
        "Reconciled Depreciation": 1421355.0,
        "Reconciled Cost Of Revenue": 72085.0,
        "EBITDA": -1732733.0,
        "EBIT": -3154088.0,
        "Net Interest Income": -243424.0,
        "Interest Expense": NaN,
        "Normalized Income": -3400617.0,
        "Net Income From Continuing And Discontinued Operation": -3400617.0,
        "Total Expenses": 3439611.0,
        "Total Operating Income As Reported": -3154088.0,
        "Diluted Average Shares": 2518822.0,
        "Basic Average Shares": 2518822.0,
        "Diluted EPS": -1.350082,
        "Basic EPS": -1.350082,
        "Diluted NI Availto Com Stockholders": -3400617.0,
        "Net Income Common Stockholders": -3400617.0,
        "Net Income": -3400617.0,
        "Net Income Including Noncontrolling Interests": -3400617.0,
        "Net Income Continuous Operations": -3400617.0,
        "Tax Provision": 0.0,
        "Pretax Income": -3400617.0,
        "Other Income Expense": -3105.0,
        "Other Non Operating Income Expenses": -3105.0,
        "Net Non Operating Interest Income Expense": -243424.0,
        "Total Other Finance Cost": 243424.0,
        "Interest Expense Non Operating": NaN,
        "Operating Income": -3154088.0,
        "Operating Expense": 3367440.0,
        "Depreciation Amortization Depletion Income Statement": 1421269.0,
        "Depreciation And Amortization In Income Statement": 1421269.0,
        "Selling General And Administration": 1946171.0,
        "General And Administrative Expense": 1946171.0,
        "Other Gand A": 656278.0,
        "Salaries And Wages": 1289893.0,
        "Gross Profit": 213352.0,
        "Cost Of Revenue": 72171.0,
        "Total Revenue": 285523.0,
        "Operating Revenue": 285523.0
    },
    "2023-12-31": {
        "Tax Effect Of Unusual Items": 0.0,
        "Tax Rate For Calcs": 0.0,
        "Normalized EBITDA": -13514057.0,
        "Net Income From Continuing Operation Net Minority Interest": -13832064.0,
        "Reconciled Depreciation": 280604.0,
        "Reconciled Cost Of Revenue": 5038523.0,
        "EBITDA": -13514057.0,
        "EBIT": -13794661.0,
        "Net Interest Income": -98980.0,
        "Interest Expense": NaN,
        "Normalized Income": -13832064.0,
        "Net Income From Continuing And Discontinued Operation": -13832064.0,
        "Total Expenses": 18579774.0,
        "Total Operating Income As Reported": -13658232.0,
        "Diluted Average Shares": NaN,
        "Basic Average Shares": NaN,
        "Diluted EPS": NaN,
        "Basic EPS": NaN,
        "Diluted NI Availto Com Stockholders": -13832064.0,
        "Net Income Common Stockholders": -13832064.0,
        "Net Income": -13832064.0,
        "Net Income Including Noncontrolling Interests": -13832064.0,
        "Net Income Continuous Operations": -13832064.0,
        "Tax Provision": 0.0,
        "Pretax Income": -13832064.0,
        "Other Income Expense": -74852.0,
        "Other Non Operating Income Expenses": -74852.0,
        "Net Non Operating Interest Income Expense": -98980.0,
        "Total Other Finance Cost": NaN,
        "Interest Expense Non Operating": NaN,
        "Operating Income": -13658232.0,
        "Operating Expense": 13237244.0,
        "Depreciation Amortization Depletion Income Statement": -23403.0,
        "Depreciation And Amortization In Income Statement": -23403.0,
        "Selling General And Administration": 13260647.0,
        "General And Administrative Expense": 13260647.0,
        "Other Gand A": 11932416.0,
        "Salaries And Wages": 1328231.0,
        "Gross Profit": -420988.0,
        "Cost Of Revenue": 5342530.0,
        "Total Revenue": 4921542.0,
        "Operating Revenue": 4921542.0
    },
    "2024-03-31": {
        "Tax Effect Of Unusual Items": 0.0,
        "Tax Rate For Calcs": 0.4,
        "Normalized EBITDA": -4362523.0,
        "Net Income From Continuing Operation Net Minority Interest": -5753872.0,
        "Reconciled Depreciation": 1283558.0,
        "Reconciled Cost Of Revenue": 85211.0,
        "EBITDA": -4362523.0,
        "EBIT": -5647505.0,
        "Net Interest Income": -102217.0,
        "Interest Expense": 102217.0,
        "Normalized Income": -5753872.0,
        "Net Income From Continuing And Discontinued Operation": -5753872.0,
        "Total Expenses": 5854148.0,
        "Total Operating Income As Reported": -5594829.0,
        "Diluted Average Shares": 2868822.0,
        "Basic Average Shares": 2868822.0,
        "Diluted EPS": -2.005657,
        "Basic EPS": -2.005657,
        "Diluted NI Availto Com Stockholders": -5753872.0,
        "Net Income Common Stockholders": -5753872.0,
        "Net Income": -5753872.0,
        "Net Income Including Noncontrolling Interests": -5753872.0,
        "Net Income Continuous Operations": -5753872.0,
        "Tax Provision": 4150.0,
        "Pretax Income": -5749722.0,
        "Other Income Expense": -52676.0,
        "Other Non Operating Income Expenses": -52676.0,
        "Net Non Operating Interest Income Expense": -102217.0,
        "Total Other Finance Cost": NaN,
        "Interest Expense Non Operating": 102217.0,
        "Operating Income": -5594829.0,
        "Operating Expense": 5770361.0,
        "Depreciation Amortization Depletion Income Statement": 1284982.0,
        "Depreciation And Amortization In Income Statement": 1284982.0,
        "Selling General And Administration": 4485379.0,
        "General And Administrative Expense": 4485379.0,
        "Other Gand A": 3500700.0,
        "Salaries And Wages": 984679.0,
        "Gross Profit": 175532.0,
        "Cost Of Revenue": 83787.0,
        "Total Revenue": 259319.0,
        "Operating Revenue": 259319.0
    }
}