{
    "2023-03-31": {
        "Tax Effect Of Unusual Items": NaN,
        "Tax Rate For Calcs": NaN,
        "Normalized EBITDA": NaN,
        "Total Unusual Items": NaN,
        "Total Unusual Items Excluding Goodwill": NaN,
        "Net Income From Continuing Operation Net Minority Interest": NaN,
        "Reconciled Depreciation": NaN,
        "Reconciled Cost Of Revenue": NaN,
        "EBITDA": NaN,
        "EBIT": NaN,
        "Net Interest Income": NaN,
        "Interest Expense": NaN,
        "Interest Income": NaN,
        "Normalized Income": NaN,
        "Net Income From Continuing And Discontinued Operation": NaN,
        "Total Expenses": NaN,
        "Total Operating Income As Reported": NaN,
        "Diluted Average Shares": 40970504.0,
        "Basic Average Shares": 40970504.0,
        "Diluted EPS": -0.4,
        "Basic EPS": -0.4,
        "Diluted NI Availto Com Stockholders": NaN,
        "Net Income Common Stockholders": NaN,
        "Preferred Stock Dividends": NaN,
        "Net Income": NaN,
        "Net Income Including Noncontrolling Interests": NaN,
        "Net Income Continuous Operations": NaN,
        "Tax Provision": NaN,
        "Pretax Income": NaN,
        "Other Income Expense": NaN,
        "Other Non Operating Income Expenses": NaN,
        "Special Income Charges": NaN,
        "Other Special Charges": NaN,
        "Gain On Sale Of Security": -789000.0,
        "Net Non Operating Interest Income Expense": NaN,
        "Interest Expense Non Operating": NaN,
        "Interest Income Non Operating": NaN,
        "Operating Income": NaN,
        "Operating Expense": NaN,
        "Depreciation Amortization Depletion Income Statement": NaN,
        "Depreciation And Amortization In Income Statement": NaN,
        "Amortization": NaN,
        "Amortization Of Intangibles Income Statement": NaN,
        "Research And Development": NaN,
        "Selling General And Administration": NaN,
        "Selling And Marketing Expense": NaN,
        "General And Administrative Expense": NaN,
        "Other Gand A": NaN,
        "Gross Profit": NaN,
        "Cost Of Revenue": NaN,
        "Total Revenue": NaN,
        "Operating Revenue": NaN
    },
    "2022-12-31": {
        "Tax Effect Of Unusual Items": 0.0,
        "Tax Rate For Calcs": 0.0,
        "Normalized EBITDA": -14313000.0,
        "Total Unusual Items": NaN,
        "Total Unusual Items Excluding Goodwill": NaN,
        "Net Income From Continuing Operation Net Minority Interest": -14928000.0,
        "Reconciled Depreciation": 615000.0,
        "Reconciled Cost Of Revenue": 1508000.0,
        "EBITDA": -14313000.0,
        "EBIT": -14928000.0,
        "Net Interest Income": 0.0,
        "Interest Expense": 0.0,
        "Interest Income": NaN,
        "Normalized Income": -14928000.0,
        "Net Income From Continuing And Discontinued Operation": -14928000.0,
        "Total Expenses": 15040000.0,
        "Total Operating Income As Reported": -14928000.0,
        "Diluted Average Shares": NaN,
        "Basic Average Shares": NaN,
        "Diluted EPS": NaN,
        "Basic EPS": NaN,
        "Diluted NI Availto Com Stockholders": -14928000.0,
        "Net Income Common Stockholders": -14928000.0,
        "Net Income": -14928000.0,
        "Net Income Including Noncontrolling Interests": -14928000.0,
        "Net Income Continuous Operations": -14928000.0,
        "Tax Provision": 0.0,
        "Pretax Income": -14928000.0,
        "Other Income Expense": NaN,
        "Other Non Operating Income Expenses": NaN,
        "Special Income Charges": NaN,
        "Other Special Charges": NaN,
        "Gain On Sale Of Security": NaN,
        "Net Non Operating Interest Income Expense": 0.0,
        "Interest Expense Non Operating": 0.0,
        "Interest Income Non Operating": NaN,
        "Operating Income": -14928000.0,
        "Operating Expense": 13422000.0,
        "Depreciation Amortization Depletion Income Statement": 505000.0,
        "Depreciation And Amortization In Income Statement": 505000.0,
        "Amortization": 505000.0,
        "Amortization Of Intangibles Income Statement": 505000.0,
        "Research And Development": 2442000.0,
        "Selling General And Administration": 10475000.0,
        "Selling And Marketing Expense": 5013000.0,
        "General And Administrative Expense": 5462000.0,
        "Other Gand A": 5462000.0,
        "Gross Profit": -1506000.0,
        "Cost Of Revenue": 1618000.0,
        "Total Revenue": 112000.0,
        "Operating Revenue": 112000.0
    },
    "2022-09-30": {
        "Tax Effect Of Unusual Items": NaN,
        "Tax Rate For Calcs": NaN,
        "Normalized EBITDA": NaN,
        "Total Unusual Items": NaN,
        "Total Unusual Items Excluding Goodwill": NaN,
        "Net Income From Continuing Operation Net Minority Interest": NaN,
        "Reconciled Depreciation": NaN,
        "Reconciled Cost Of Revenue": NaN,
        "EBITDA": NaN,
        "EBIT": NaN,
        "Net Interest Income": NaN,
        "Interest Expense": NaN,
        "Interest Income": NaN,
        "Normalized Income": NaN,
        "Net Income From Continuing And Discontinued Operation": NaN,
        "Total Expenses": NaN,
        "Total Operating Income As Reported": NaN,
        "Diluted Average Shares": 36405945.0,
        "Basic Average Shares": 36405945.0,
        "Diluted EPS": -0.39,
        "Basic EPS": -0.39,
        "Diluted NI Availto Com Stockholders": NaN,
        "Net Income Common Stockholders": NaN,
        "Preferred Stock Dividends": NaN,
        "Net Income": NaN,
        "Net Income Including Noncontrolling Interests": NaN,
        "Net Income Continuous Operations": NaN,
        "Tax Provision": NaN,
        "Pretax Income": NaN,
        "Other Income Expense": NaN,
        "Other Non Operating Income Expenses": NaN,
        "Special Income Charges": 0.0,
        "Other Special Charges": NaN,
        "Gain On Sale Of Security": NaN,
        "Net Non Operating Interest Income Expense": NaN,
        "Interest Expense Non Operating": NaN,
        "Interest Income Non Operating": NaN,
        "Operating Income": NaN,
        "Operating Expense": NaN,
        "Depreciation Amortization Depletion Income Statement": NaN,
        "Depreciation And Amortization In Income Statement": NaN,
        "Amortization": NaN,
        "Amortization Of Intangibles Income Statement": NaN,
        "Research And Development": NaN,
        "Selling General And Administration": NaN,
        "Selling And Marketing Expense": NaN,
        "General And Administrative Expense": NaN,
        "Other Gand A": NaN,
        "Gross Profit": NaN,
        "Cost Of Revenue": NaN,
        "Total Revenue": NaN,
        "Operating Revenue": NaN
    },
    "2022-06-30": {
        "Tax Effect Of Unusual Items": 0.0,
        "Tax Rate For Calcs": 0.0,
        "Normalized EBITDA": -13920000.0,
        "Total Unusual Items": NaN,
        "Total Unusual Items Excluding Goodwill": NaN,
        "Net Income From Continuing Operation Net Minority Interest": -14624000.0,
        "Reconciled Depreciation": 704000.0,
        "Reconciled Cost Of Revenue": 0.0,
        "EBITDA": -13920000.0,
        "EBIT": -14624000.0,
        "Net Interest Income": 0.0,
        "Interest Expense": 0.0,
        "Interest Income": NaN,
        "Normalized Income": -14624000.0,
        "Net Income From Continuing And Discontinued Operation": -14624000.0,
        "Total Expenses": 14624000.0,
        "Total Operating Income As Reported": -14624000.0,
        "Diluted Average Shares": 35760492.0,
        "Basic Average Shares": 35760492.0,
        "Diluted EPS": -0.41,
        "Basic EPS": -0.41,
        "Diluted NI Availto Com Stockholders": -14624000.0,
        "Net Income Common Stockholders": -14624000.0,
        "Net Income": -14624000.0,
        "Net Income Including Noncontrolling Interests": -14624000.0,
        "Net Income Continuous Operations": -14624000.0,
        "Tax Provision": 0.0,
        "Pretax Income": -14624000.0,
        "Other Income Expense": NaN,
        "Other Non Operating Income Expenses": NaN,
        "Gain On Sale Of Security": NaN,
        "Net Non Operating Interest Income Expense": 0.0,
        "Interest Expense Non Operating": 0.0,
        "Interest Income Non Operating": NaN,
        "Operating Income": -14624000.0,
        "Operating Expense": 14624000.0,
        "Depreciation Amortization Depletion Income Statement": NaN,
        "Depreciation And Amortization In Income Statement": NaN,
        "Amortization": NaN,
        "Amortization Of Intangibles Income Statement": NaN,
        "Research And Development": 3440000.0,
        "Selling General And Administration": 11184000.0,
        "Selling And Marketing Expense": 3873000.0,
        "General And Administrative Expense": 7311000.0,
        "Other Gand A": 7311000.0,
        "Gross Profit": 0.0,
        "Cost Of Revenue": 0.0,
        "Total Revenue": 0.0,
        "Operating Revenue": 0.0
    },
    "2022-03-31": {
        "Diluted EPS": -0.35,
        "Total Revenue": 0,
        "Gross Profit": 0,
        "Operating Income": -12,
        "EBIT": -12,
        "Net Income": -12
    },
    "2021-12-31": {
        "Diluted EPS": -0.32,
        "Total Revenue": 0,
        "Gross Profit": 0,
        "Operating Income": -11,
        "EBIT": -11,
        "Net Income": -11
    },
    "2021-09-30": {
        "Diluted EPS": -0.49,
        "Total Revenue": 0,
        "Gross Profit": 0,
        "Operating Income": -7,
        "EBIT": -7,
        "Net Income": -7
    },
    "2021-06-30": {
        "Diluted EPS": -0.44,
        "Total Revenue": NaN,
        "Gross Profit": NaN,
        "Operating Income": -6,
        "EBIT": -6,
        "Net Income": -6
    },
    "2021-03-31": {
        "Diluted EPS": -0.26,
        "Total Revenue": NaN,
        "Gross Profit": NaN,
        "Operating Income": -4,
        "EBIT": -4,
        "Net Income": -4
    },
    "2020-12-31": {
        "Diluted EPS": 0.0,
        "Total Revenue": NaN,
        "Gross Profit": NaN,
        "Operating Income": NaN,
        "EBIT": NaN,
        "Net Income": NaN
    },
    "2020-09-30": {
        "Diluted EPS": -0.14,
        "Total Revenue": NaN,
        "Gross Profit": NaN,
        "Operating Income": -2,
        "EBIT": -2,
        "Net Income": -2
    },
    "2023-06-30": {
        "Tax Effect Of Unusual Items": NaN,
        "Tax Rate For Calcs": NaN,
        "Normalized EBITDA": NaN,
        "Total Unusual Items": NaN,
        "Total Unusual Items Excluding Goodwill": NaN,
        "Net Income From Continuing Operation Net Minority Interest": NaN,
        "Reconciled Depreciation": NaN,
        "Reconciled Cost Of Revenue": NaN,
        "EBITDA": NaN,
        "EBIT": NaN,
        "Net Interest Income": NaN,
        "Interest Expense": NaN,
        "Interest Income": NaN,
        "Normalized Income": NaN,
        "Net Income From Continuing And Discontinued Operation": NaN,
        "Total Expenses": NaN,
        "Total Operating Income As Reported": NaN,
        "Diluted Average Shares": 41833823.0,
        "Basic Average Shares": 41833823.0,
        "Diluted EPS": -0.27,
        "Basic EPS": -0.27,
        "Diluted NI Availto Com Stockholders": NaN,
        "Net Income Common Stockholders": NaN,
        "Preferred Stock Dividends": NaN,
        "Net Income": NaN,
        "Net Income Including Noncontrolling Interests": NaN,
        "Net Income Continuous Operations": NaN,
        "Tax Provision": NaN,
        "Pretax Income": NaN,
        "Other Income Expense": NaN,
        "Other Non Operating Income Expenses": 290000.0,
        "Special Income Charges": NaN,
        "Other Special Charges": NaN,
        "Gain On Sale Of Security": 290000.0,
        "Net Non Operating Interest Income Expense": NaN,
        "Interest Expense Non Operating": NaN,
        "Interest Income Non Operating": NaN,
        "Operating Income": NaN,
        "Operating Expense": NaN,
        "Depreciation Amortization Depletion Income Statement": NaN,
        "Depreciation And Amortization In Income Statement": NaN,
        "Amortization": NaN,
        "Amortization Of Intangibles Income Statement": NaN,
        "Research And Development": NaN,
        "Selling General And Administration": NaN,
        "Selling And Marketing Expense": NaN,
        "General And Administrative Expense": NaN,
        "Other Gand A": NaN,
        "Gross Profit": NaN,
        "Cost Of Revenue": NaN,
        "Total Revenue": NaN,
        "Operating Revenue": NaN
    },
    "2023-09-30": {
        "Tax Effect Of Unusual Items": 0.0,
        "Tax Rate For Calcs": 0.0,
        "Normalized EBITDA": -10387000.0,
        "Total Unusual Items": -3047000.0,
        "Total Unusual Items Excluding Goodwill": -3047000.0,
        "Net Income From Continuing Operation Net Minority Interest": -14208000.0,
        "Reconciled Depreciation": 625000.0,
        "Reconciled Cost Of Revenue": 1514000.0,
        "EBITDA": -13434000.0,
        "EBIT": -14059000.0,
        "Net Interest Income": -33000.0,
        "Interest Expense": 149000.0,
        "Interest Income": 116000.0,
        "Normalized Income": -11161000.0,
        "Net Income From Continuing And Discontinued Operation": -14208000.0,
        "Total Expenses": 11911000.0,
        "Total Operating Income As Reported": -11128000.0,
        "Diluted Average Shares": 41862805.0,
        "Basic Average Shares": 41862805.0,
        "Diluted EPS": -0.34,
        "Basic EPS": -0.34,
        "Diluted NI Availto Com Stockholders": -14208000.0,
        "Net Income Common Stockholders": -14208000.0,
        "Preferred Stock Dividends": NaN,
        "Net Income": -14208000.0,
        "Net Income Including Noncontrolling Interests": -14208000.0,
        "Net Income Continuous Operations": -14208000.0,
        "Tax Provision": 0.0,
        "Pretax Income": -14208000.0,
        "Other Income Expense": -3047000.0,
        "Other Non Operating Income Expenses": -3021000.0,
        "Special Income Charges": -26000.0,
        "Other Special Charges": 26000.0,
        "Gain On Sale Of Security": -3021000.0,
        "Net Non Operating Interest Income Expense": -33000.0,
        "Interest Expense Non Operating": 149000.0,
        "Interest Income Non Operating": 116000.0,
        "Operating Income": -11128000.0,
        "Operating Expense": 10277000.0,
        "Depreciation Amortization Depletion Income Statement": 505000.0,
        "Depreciation And Amortization In Income Statement": 505000.0,
        "Amortization": 505000.0,
        "Amortization Of Intangibles Income Statement": 505000.0,
        "Research And Development": 1615000.0,
        "Selling General And Administration": 8157000.0,
        "Selling And Marketing Expense": 3837000.0,
        "General And Administrative Expense": 4320000.0,
        "Other Gand A": 4320000.0,
        "Gross Profit": -851000.0,
        "Cost Of Revenue": 1634000.0,
        "Total Revenue": 783000.0,
        "Operating Revenue": 783000.0
    },
    "2023-12-31": {
        "Tax Effect Of Unusual Items": 0.0,
        "Tax Rate For Calcs": 0.0,
        "Normalized EBITDA": -10190000.0,
        "Total Unusual Items": 0.0,
        "Total Unusual Items Excluding Goodwill": 0.0,
        "Net Income From Continuing Operation Net Minority Interest": -10830000.0,
        "Reconciled Depreciation": 629000.0,
        "Reconciled Cost Of Revenue": 1333000.0,
        "EBITDA": -10190000.0,
        "EBIT": -10819000.0,
        "Net Interest Income": 83000.0,
        "Interest Expense": 11000.0,
        "Interest Income": 94000.0,
        "Normalized Income": -10830000.0,
        "Net Income From Continuing And Discontinued Operation": -10830000.0,
        "Total Expenses": 12493000.0,
        "Total Operating Income As Reported": -11453000.0,
        "Diluted Average Shares": NaN,
        "Basic Average Shares": NaN,
        "Diluted EPS": NaN,
        "Basic EPS": NaN,
        "Diluted NI Availto Com Stockholders": -10830000.0,
        "Net Income Common Stockholders": -10830000.0,
        "Preferred Stock Dividends": NaN,
        "Net Income": -10830000.0,
        "Net Income Including Noncontrolling Interests": -10830000.0,
        "Net Income Continuous Operations": -10830000.0,
        "Tax Provision": 0.0,
        "Pretax Income": -10830000.0,
        "Other Income Expense": 540000.0,
        "Other Non Operating Income Expenses": 540000.0,
        "Special Income Charges": 0.0,
        "Other Special Charges": 0.0,
        "Gain On Sale Of Security": NaN,
        "Net Non Operating Interest Income Expense": 83000.0,
        "Interest Expense Non Operating": 11000.0,
        "Interest Income Non Operating": 94000.0,
        "Operating Income": -11453000.0,
        "Operating Expense": 11036000.0,
        "Depreciation Amortization Depletion Income Statement": 505000.0,
        "Depreciation And Amortization In Income Statement": 505000.0,
        "Amortization": 505000.0,
        "Amortization Of Intangibles Income Statement": 505000.0,
        "Research And Development": 1918000.0,
        "Selling General And Administration": 8613000.0,
        "Selling And Marketing Expense": 4408000.0,
        "General And Administrative Expense": 4205000.0,
        "Other Gand A": 4205000.0,
        "Gross Profit": -417000.0,
        "Cost Of Revenue": 1457000.0,
        "Total Revenue": 1040000.0,
        "Operating Revenue": 1040000.0
    },
    "2024-03-31": {
        "Tax Effect Of Unusual Items": 0.0,
        "Tax Rate For Calcs": 0.0,
        "Normalized EBITDA": -10223000.0,
        "Total Unusual Items": 124000.0,
        "Total Unusual Items Excluding Goodwill": 124000.0,
        "Net Income From Continuing Operation Net Minority Interest": -10612000.0,
        "Reconciled Depreciation": 501000.0,
        "Reconciled Cost Of Revenue": 1527000.0,
        "EBITDA": -10099000.0,
        "EBIT": -10600000.0,
        "Net Interest Income": 56000.0,
        "Interest Expense": 12000.0,
        "Interest Income": 68000.0,
        "Normalized Income": -10736000.0,
        "Net Income From Continuing And Discontinued Operation": -10612000.0,
        "Total Expenses": 11793000.0,
        "Total Operating Income As Reported": -10792000.0,
        "Diluted Average Shares": 45014410.0,
        "Basic Average Shares": 45014410.0,
        "Diluted EPS": -0.4,
        "Basic EPS": -0.4,
        "Diluted NI Availto Com Stockholders": -18108000.0,
        "Net Income Common Stockholders": -18108000.0,
        "Preferred Stock Dividends": 7496000.0,
        "Net Income": -10612000.0,
        "Net Income Including Noncontrolling Interests": -10612000.0,
        "Net Income Continuous Operations": -10612000.0,
        "Tax Provision": 0.0,
        "Pretax Income": -10612000.0,
        "Other Income Expense": 124000.0,
        "Other Non Operating Income Expenses": 291000.0,
        "Special Income Charges": -167000.0,
        "Other Special Charges": 167000.0,
        "Gain On Sale Of Security": 291000.0,
        "Net Non Operating Interest Income Expense": 56000.0,
        "Interest Expense Non Operating": 12000.0,
        "Interest Income Non Operating": 68000.0,
        "Operating Income": -10792000.0,
        "Operating Expense": 10137000.0,
        "Depreciation Amortization Depletion Income Statement": 372000.0,
        "Depreciation And Amortization In Income Statement": 372000.0,
        "Amortization": 372000.0,
        "Amortization Of Intangibles Income Statement": 372000.0,
        "Research And Development": 1501000.0,
        "Selling General And Administration": 8264000.0,
        "Selling And Marketing Expense": 4194000.0,
        "General And Administrative Expense": 4070000.0,
        "Other Gand A": 4070000.0,
        "Gross Profit": -655000.0,
        "Cost Of Revenue": 1656000.0,
        "Total Revenue": 1001000.0,
        "Operating Revenue": 1001000.0
    },
    "2024-06-30": {
        "Tax Effect Of Unusual Items": 0.0,
        "Tax Rate For Calcs": 0.0,
        "Normalized EBITDA": -10856000.0,
        "Total Unusual Items": 86000.0,
        "Total Unusual Items Excluding Goodwill": 86000.0,
        "Net Income From Continuing Operation Net Minority Interest": -11005000.0,
        "Reconciled Depreciation": 229000.0,
        "Reconciled Cost Of Revenue": 1490000.0,
        "EBITDA": -10770000.0,
        "EBIT": -10999000.0,
        "Net Interest Income": 101000.0,
        "Interest Expense": 6000.0,
        "Interest Income": 107000.0,
        "Normalized Income": -11091000.0,
        "Net Income From Continuing And Discontinued Operation": -11005000.0,
        "Total Expenses": 12168000.0,
        "Total Operating Income As Reported": -11192000.0,
        "Diluted Average Shares": 48212040.0,
        "Basic Average Shares": 48212040.0,
        "Diluted EPS": -0.23,
        "Basic EPS": -0.23,
        "Diluted NI Availto Com Stockholders": -11005000.0,
        "Net Income Common Stockholders": -11005000.0,
        "Preferred Stock Dividends": NaN,
        "Net Income": -11005000.0,
        "Net Income Including Noncontrolling Interests": -11005000.0,
        "Net Income Continuous Operations": -11005000.0,
        "Tax Provision": 0.0,
        "Pretax Income": -11005000.0,
        "Other Income Expense": 86000.0,
        "Other Non Operating Income Expenses": 599000.0,
        "Special Income Charges": -513000.0,
        "Other Special Charges": 513000.0,
        "Gain On Sale Of Security": 599000.0,
        "Net Non Operating Interest Income Expense": 101000.0,
        "Interest Expense Non Operating": 6000.0,
        "Interest Income Non Operating": 107000.0,
        "Operating Income": -11192000.0,
        "Operating Expense": 10554000.0,
        "Depreciation Amortization Depletion Income Statement": 105000.0,
        "Depreciation And Amortization In Income Statement": 105000.0,
        "Amortization": 105000.0,
        "Amortization Of Intangibles Income Statement": 105000.0,
        "Research And Development": 1372000.0,
        "Selling General And Administration": 9077000.0,
        "Selling And Marketing Expense": 4210000.0,
        "General And Administrative Expense": 4867000.0,
        "Other Gand A": 4867000.0,
        "Gross Profit": -638000.0,
        "Cost Of Revenue": 1614000.0,
        "Total Revenue": 976000.0,
        "Operating Revenue": 976000.0
    },
    "2024-09-30": {
        "Tax Effect Of Unusual Items": 0.0,
        "Tax Rate For Calcs": 0.0,
        "Normalized EBITDA": -11398000.0,
        "Total Unusual Items": -757000.0,
        "Total Unusual Items Excluding Goodwill": -757000.0,
        "Net Income From Continuing Operation Net Minority Interest": -12371000.0,
        "Reconciled Depreciation": 215000.0,
        "Reconciled Cost Of Revenue": 1574000.0,
        "EBITDA": -12155000.0,
        "EBIT": -12370000.0,
        "Net Interest Income": 80000.0,
        "Interest Expense": 1000.0,
        "Interest Income": 81000.0,
        "Normalized Income": -11614000.0,
        "Net Income From Continuing And Discontinued Operation": -12371000.0,
        "Total Expenses": 12866000.0,
        "Total Operating Income As Reported": -11694000.0,
        "Diluted Average Shares": 50374146.0,
        "Basic Average Shares": 50374146.0,
        "Diluted EPS": -0.25,
        "Basic EPS": -0.25,
        "Diluted NI Availto Com Stockholders": -12371000.0,
        "Net Income Common Stockholders": -12371000.0,
        "Preferred Stock Dividends": NaN,
        "Net Income": -12371000.0,
        "Net Income Including Noncontrolling Interests": -12371000.0,
        "Net Income Continuous Operations": -12371000.0,
        "Tax Provision": 0.0,
        "Pretax Income": -12371000.0,
        "Other Income Expense": -757000.0,
        "Other Non Operating Income Expenses": NaN,
        "Special Income Charges": -435000.0,
        "Other Special Charges": 435000.0,
        "Gain On Sale Of Security": -322000.0,
        "Net Non Operating Interest Income Expense": 80000.0,
        "Interest Expense Non Operating": 1000.0,
        "Interest Income Non Operating": 81000.0,
        "Operating Income": -11694000.0,
        "Operating Expense": 11182000.0,
        "Depreciation Amortization Depletion Income Statement": 105000.0,
        "Depreciation And Amortization In Income Statement": 105000.0,
        "Amortization": 105000.0,
        "Amortization Of Intangibles Income Statement": 105000.0,
        "Research And Development": 1666000.0,
        "Selling General And Administration": 9411000.0,
        "Selling And Marketing Expense": 4056000.0,
        "General And Administrative Expense": 5355000.0,
        "Other Gand A": 5355000.0,
        "Gross Profit": -512000.0,
        "Cost Of Revenue": 1684000.0,
        "Total Revenue": 1172000.0,
        "Operating Revenue": 1172000.0
    }
}