{
    "2023-03-31": {
        "Tax Effect Of Unusual Items": 113046000.0,
        "Tax Rate For Calcs": 0.249,
        "Normalized EBITDA": 1238000000.0,
        "Total Unusual Items": 454000000.0,
        "Total Unusual Items Excluding Goodwill": 454000000.0,
        "Net Income From Continuing Operation Net Minority Interest": 511000000.0,
        "Reconciled Depreciation": 733000000.0,
        "Reconciled Cost Of Revenue": 1817000000.0,
        "EBITDA": 1692000000.0,
        "EBIT": 959000000.0,
        "Net Interest Income": -279000000.0,
        "Interest Expense": 279000000.0,
        "Normalized Income": 170046000.0,
        "Net Income From Continuing And Discontinued Operation": 511000000.0,
        "Total Expenses": 3271000000.0,
        "Total Operating Income As Reported": 390000000.0,
        "Diluted Average Shares": 982283000.0,
        "Basic Average Shares": 981555000.0,
        "Diluted EPS": 0.52,
        "Basic EPS": 0.52,
        "Diluted NI Availto Com Stockholders": 511000000.0,
        "Net Income Common Stockholders": 511000000.0,
        "Net Income": 511000000.0,
        "Net Income Including Noncontrolling Interests": 511000000.0,
        "Net Income Continuous Operations": 511000000.0,
        "Tax Provision": 169000000.0,
        "Pretax Income": 680000000.0,
        "Other Income Expense": 492000000.0,
        "Other Non Operating Income Expenses": 38000000.0,
        "Special Income Charges": 532000000.0,
        "Gain On Sale Of Ppe": -77000000.0,
        "Gain On Sale Of Business": -77000000.0,
        "Other Special Charges": -609000000.0,
        "Impairment Of Capital Assets": NaN,
        "Gain On Sale Of Security": -78000000.0,
        "Net Non Operating Interest Income Expense": -279000000.0,
        "Interest Expense Non Operating": 279000000.0,
        "Operating Income": 467000000.0,
        "Operating Expense": 1454000000.0,
        "Depreciation Amortization Depletion Income Statement": 733000000.0,
        "Depreciation And Amortization In Income Statement": 733000000.0,
        "Amortization": 260000000.0,
        "Amortization Of Intangibles Income Statement": 260000000.0,
        "Depreciation Income Statement": 473000000.0,
        "Selling General And Administration": 721000000.0,
        "Gross Profit": 1921000000.0,
        "Cost Of Revenue": 1817000000.0,
        "Total Revenue": 3738000000.0,
        "Operating Revenue": 3738000000.0
    },
    "2022-12-31": {
        "Tax Effect Of Unusual Items": -125003142.677561,
        "Tax Rate For Calcs": 0.035512,
        "Normalized EBITDA": 1414000000.0,
        "Total Unusual Items": -3520000000.0,
        "Total Unusual Items Excluding Goodwill": -3520000000.0,
        "Net Income From Continuing Operation Net Minority Interest": -3069000000.0,
        "Reconciled Depreciation": 796000000.0,
        "Reconciled Cost Of Revenue": 1826000000.0,
        "EBITDA": -2106000000.0,
        "EBIT": -2902000000.0,
        "Net Interest Income": -280000000.0,
        "Interest Expense": 280000000.0,
        "Normalized Income": 325996857.322439,
        "Net Income From Continuing And Discontinued Operation": -3069000000.0,
        "Total Expenses": 3293000000.0,
        "Total Operating Income As Reported": -3284000000.0,
        "Diluted Average Shares": 995573000.0,
        "Basic Average Shares": 995573000.0,
        "Diluted EPS": -3.08,
        "Basic EPS": -3.08,
        "Diluted NI Availto Com Stockholders": -3069000000.0,
        "Net Income Common Stockholders": -3069000000.0,
        "Net Income": -3069000000.0,
        "Net Income Including Noncontrolling Interests": -3069000000.0,
        "Net Income Continuous Operations": -3069000000.0,
        "Tax Provision": -113000000.0,
        "Pretax Income": -3182000000.0,
        "Other Income Expense": -3409000000.0,
        "Other Non Operating Income Expenses": 111000000.0,
        "Special Income Charges": -3586000000.0,
        "Gain On Sale Of Ppe": NaN,
        "Gain On Sale Of Business": -520000000.0,
        "Other Special Charges": -205000000.0,
        "Impairment Of Capital Assets": NaN,
        "Gain On Sale Of Security": 66000000.0,
        "Net Non Operating Interest Income Expense": -280000000.0,
        "Interest Expense Non Operating": 280000000.0,
        "Operating Income": 507000000.0,
        "Operating Expense": 1467000000.0,
        "Depreciation Amortization Depletion Income Statement": 796000000.0,
        "Depreciation And Amortization In Income Statement": 796000000.0,
        "Amortization": 276000000.0,
        "Amortization Of Intangibles Income Statement": 276000000.0,
        "Depreciation Income Statement": 520000000.0,
        "Selling General And Administration": 671000000.0,
        "Gross Profit": 1974000000.0,
        "Cost Of Revenue": 1826000000.0,
        "Total Revenue": 3800000000.0,
        "Operating Revenue": 3800000000.0
    },
    "2022-09-30": {
        "Tax Effect Of Unusual Items": 227200640.341515,
        "Tax Rate For Calcs": 0.383138,
        "Normalized EBITDA": 1515000000.0,
        "Total Unusual Items": 593000000.0,
        "Total Unusual Items Excluding Goodwill": 593000000.0,
        "Net Income From Continuing Operation Net Minority Interest": 578000000.0,
        "Reconciled Depreciation": 808000000.0,
        "Reconciled Cost Of Revenue": 1999000000.0,
        "EBITDA": 2108000000.0,
        "EBIT": 1300000000.0,
        "Net Interest Income": -363000000.0,
        "Interest Expense": 363000000.0,
        "Normalized Income": 212200640.341515,
        "Net Income From Continuing And Discontinued Operation": 578000000.0,
        "Total Expenses": 3599000000.0,
        "Total Operating Income As Reported": 1384000000.0,
        "Diluted Average Shares": 1017013000.0,
        "Basic Average Shares": 1013124000.0,
        "Diluted EPS": 0.57,
        "Basic EPS": 0.57,
        "Diluted NI Availto Com Stockholders": 578000000.0,
        "Net Income Common Stockholders": 578000000.0,
        "Net Income": 578000000.0,
        "Net Income Including Noncontrolling Interests": 578000000.0,
        "Net Income Continuous Operations": 578000000.0,
        "Tax Provision": 359000000.0,
        "Pretax Income": 937000000.0,
        "Other Income Expense": 509000000.0,
        "Other Non Operating Income Expenses": -84000000.0,
        "Special Income Charges": 593000000.0,
        "Gain On Sale Of Ppe": NaN,
        "Gain On Sale Of Business": 593000000.0,
        "Other Special Charges": -9000000.0,
        "Impairment Of Capital Assets": NaN,
        "Gain On Sale Of Security": -146000000.0,
        "Net Non Operating Interest Income Expense": -363000000.0,
        "Interest Expense Non Operating": 363000000.0,
        "Operating Income": 791000000.0,
        "Operating Expense": 1600000000.0,
        "Depreciation Amortization Depletion Income Statement": 808000000.0,
        "Depreciation And Amortization In Income Statement": 808000000.0,
        "Amortization": 279000000.0,
        "Amortization Of Intangibles Income Statement": 279000000.0,
        "Depreciation Income Statement": 529000000.0,
        "Selling General And Administration": 792000000.0,
        "Gross Profit": 2391000000.0,
        "Cost Of Revenue": 1999000000.0,
        "Total Revenue": 4390000000.0,
        "Operating Revenue": 4390000000.0
    },
    "2022-06-30": {
        "Tax Effect Of Unusual Items": -36873000.0,
        "Tax Rate For Calcs": 0.241,
        "Normalized EBITDA": 1770000000.0,
        "Total Unusual Items": -153000000.0,
        "Total Unusual Items Excluding Goodwill": -153000000.0,
        "Net Income From Continuing Operation Net Minority Interest": 344000000.0,
        "Reconciled Depreciation": 827000000.0,
        "Reconciled Cost Of Revenue": 2058000000.0,
        "EBITDA": 1617000000.0,
        "EBIT": 790000000.0,
        "Net Interest Income": -337000000.0,
        "Interest Expense": 337000000.0,
        "Normalized Income": 460127000.0,
        "Net Income From Continuing And Discontinued Operation": 344000000.0,
        "Total Expenses": 3700000000.0,
        "Total Operating Income As Reported": 912000000.0,
        "Diluted Average Shares": 1016620000.0,
        "Basic Average Shares": 1012943000.0,
        "Diluted EPS": 0.34,
        "Basic EPS": 0.34,
        "Diluted NI Availto Com Stockholders": 344000000.0,
        "Net Income Common Stockholders": 344000000.0,
        "Net Income": 344000000.0,
        "Net Income Including Noncontrolling Interests": 344000000.0,
        "Net Income Continuous Operations": 344000000.0,
        "Tax Provision": 109000000.0,
        "Pretax Income": 453000000.0,
        "Other Income Expense": -122000000.0,
        "Other Non Operating Income Expenses": 31000000.0,
        "Special Income Charges": NaN,
        "Gain On Sale Of Ppe": NaN,
        "Gain On Sale Of Business": NaN,
        "Other Special Charges": NaN,
        "Impairment Of Capital Assets": NaN,
        "Gain On Sale Of Security": -153000000.0,
        "Net Non Operating Interest Income Expense": -337000000.0,
        "Interest Expense Non Operating": 337000000.0,
        "Operating Income": 912000000.0,
        "Operating Expense": 1642000000.0,
        "Depreciation Amortization Depletion Income Statement": 827000000.0,
        "Depreciation And Amortization In Income Statement": 827000000.0,
        "Amortization": 277000000.0,
        "Amortization Of Intangibles Income Statement": 277000000.0,
        "Depreciation Income Statement": 550000000.0,
        "Selling General And Administration": 815000000.0,
        "Gross Profit": 2554000000.0,
        "Cost Of Revenue": 2058000000.0,
        "Total Revenue": 4612000000.0,
        "Operating Revenue": 4612000000.0
    },
    "2023-06-30": {
        "Tax Effect Of Unusual Items": -1845480000.0,
        "Tax Rate For Calcs": 0.21,
        "Normalized EBITDA": 1138000000.0,
        "Total Unusual Items": -8788000000.0,
        "Total Unusual Items Excluding Goodwill": -8788000000.0,
        "Net Income From Continuing Operation Net Minority Interest": -8736000000.0,
        "Reconciled Depreciation": 746000000.0,
        "Reconciled Cost Of Revenue": 1740000000.0,
        "EBITDA": -7650000000.0,
        "EBIT": -8396000000.0,
        "Net Interest Income": -294000000.0,
        "Interest Expense": 294000000.0,
        "Normalized Income": -1793480000.0,
        "Net Income From Continuing And Discontinued Operation": -8736000000.0,
        "Total Expenses": 3276000000.0,
        "Total Operating Income As Reported": -8421000000.0,
        "Diluted Average Shares": 983453000.0,
        "Basic Average Shares": 983453000.0,
        "Diluted EPS": -8.88,
        "Basic EPS": -8.88,
        "Diluted NI Availto Com Stockholders": -8736000000.0,
        "Net Income Common Stockholders": -8736000000.0,
        "Net Income": -8736000000.0,
        "Net Income Including Noncontrolling Interests": -8736000000.0,
        "Net Income Continuous Operations": -8736000000.0,
        "Tax Provision": 46000000.0,
        "Pretax Income": -8690000000.0,
        "Other Income Expense": -8781000000.0,
        "Other Non Operating Income Expenses": 7000000.0,
        "Special Income Charges": -8797000000.0,
        "Gain On Sale Of Ppe": -13000000.0,
        "Gain On Sale Of Business": -13000000.0,
        "Other Special Charges": -9000000.0,
        "Impairment Of Capital Assets": 8793000000.0,
        "Gain On Sale Of Security": 9000000.0,
        "Net Non Operating Interest Income Expense": -294000000.0,
        "Interest Expense Non Operating": 294000000.0,
        "Operating Income": 385000000.0,
        "Operating Expense": 1536000000.0,
        "Depreciation Amortization Depletion Income Statement": 746000000.0,
        "Depreciation And Amortization In Income Statement": 746000000.0,
        "Amortization": 263000000.0,
        "Amortization Of Intangibles Income Statement": 263000000.0,
        "Depreciation Income Statement": 483000000.0,
        "Selling General And Administration": 790000000.0,
        "Gross Profit": 1921000000.0,
        "Cost Of Revenue": 1740000000.0,
        "Total Revenue": 3661000000.0,
        "Operating Revenue": 3661000000.0
    },
    "2022-03-31": {
        "Diluted EPS": 0.59,
        "Total Revenue": NaN,
        "Gross Profit": NaN,
        "Operating Income": NaN,
        "EBIT": NaN,
        "Net Income": 599
    },
    "2021-12-31": {
        "Diluted EPS": 0.5,
        "Total Revenue": NaN,
        "Gross Profit": NaN,
        "Operating Income": NaN,
        "EBIT": NaN,
        "Net Income": 508
    },
    "2021-09-30": {
        "Diluted EPS": 0.51,
        "Total Revenue": NaN,
        "Gross Profit": NaN,
        "Operating Income": NaN,
        "EBIT": NaN,
        "Net Income": 544
    },
    "2021-06-30": {
        "Diluted EPS": 0.46,
        "Total Revenue": NaN,
        "Gross Profit": NaN,
        "Operating Income": NaN,
        "EBIT": NaN,
        "Net Income": 506
    },
    "2021-03-31": {
        "Diluted EPS": 0.44,
        "Total Revenue": NaN,
        "Gross Profit": NaN,
        "Operating Income": 987,
        "EBIT": NaN,
        "Net Income": 475
    },
    "2020-12-31": {
        "Diluted EPS": -2.12,
        "Total Revenue": NaN,
        "Gross Profit": NaN,
        "Operating Income": NaN,
        "EBIT": -614,
        "Net Income": NaN
    },
    "2020-09-30": {
        "Diluted EPS": 0.34,
        "Total Revenue": NaN,
        "Gross Profit": NaN,
        "Operating Income": 888,
        "EBIT": NaN,
        "Net Income": 366
    },
    "2020-06-30": {
        "Diluted EPS": 0.35,
        "Total Revenue": NaN,
        "Gross Profit": NaN,
        "Operating Income": 903,
        "EBIT": NaN,
        "Net Income": 377
    },
    "2020-03-31": {
        "Diluted EPS": 0.29,
        "Total Revenue": NaN,
        "Gross Profit": NaN,
        "Operating Income": 980,
        "EBIT": NaN,
        "Net Income": 314
    },
    "2019-12-31": {
        "Diluted EPS": 0.22,
        "Total Revenue": NaN,
        "Gross Profit": NaN,
        "Operating Income": 847,
        "EBIT": NaN,
        "Net Income": 223
    },
    "2019-09-30": {
        "Diluted EPS": 0.28,
        "Total Revenue": NaN,
        "Gross Profit": NaN,
        "Operating Income": 950,
        "EBIT": NaN,
        "Net Income": 302
    },
    "2019-06-30": {
        "Diluted EPS": 0.35,
        "Total Revenue": NaN,
        "Gross Profit": NaN,
        "Operating Income": 976,
        "EBIT": NaN,
        "Net Income": 371
    },
    "2019-03-31": {
        "Diluted EPS": -5.77,
        "Total Revenue": NaN,
        "Gross Profit": NaN,
        "Operating Income": NaN,
        "EBIT": NaN,
        "Net Income": NaN
    },
    "2018-12-31": {
        "Diluted EPS": -2.26,
        "Total Revenue": NaN,
        "Gross Profit": NaN,
        "Operating Income": NaN,
        "EBIT": -579,
        "Net Income": NaN
    },
    "2018-09-30": {
        "Diluted EPS": 0.25,
        "Total Revenue": NaN,
        "Gross Profit": NaN,
        "Operating Income": 894,
        "EBIT": NaN,
        "Net Income": 272
    },
    "2018-06-30": {
        "Diluted EPS": 0.27,
        "Total Revenue": NaN,
        "Gross Profit": NaN,
        "Operating Income": 767,
        "EBIT": NaN,
        "Net Income": 292
    },
    "2018-03-31": {
        "Diluted EPS": 0.11,
        "Total Revenue": NaN,
        "Gross Profit": NaN,
        "Operating Income": 750,
        "EBIT": NaN,
        "Net Income": 115
    },
    "2017-12-31": {
        "Diluted EPS": 1.71,
        "Total Revenue": NaN,
        "Gross Profit": NaN,
        "Operating Income": 524,
        "EBIT": NaN,
        "Net Income": NaN
    },
    "2017-09-30": {
        "Diluted EPS": 0.17,
        "Total Revenue": NaN,
        "Gross Profit": NaN,
        "Operating Income": 487,
        "EBIT": NaN,
        "Net Income": 92
    },
    "2017-06-30": {
        "Diluted EPS": 0.03,
        "Total Revenue": NaN,
        "Gross Profit": NaN,
        "Operating Income": 367,
        "EBIT": NaN,
        "Net Income": 17
    },
    "2017-03-31": {
        "Diluted EPS": 0.3,
        "Total Revenue": NaN,
        "Gross Profit": NaN,
        "Operating Income": 631,
        "EBIT": NaN,
        "Net Income": 163
    },
    "2016-12-31": {
        "Diluted EPS": 0.08,
        "Total Revenue": NaN,
        "Gross Profit": NaN,
        "Operating Income": 405,
        "EBIT": NaN,
        "Net Income": 42
    },
    "2016-09-30": {
        "Diluted EPS": 0.28,
        "Total Revenue": NaN,
        "Gross Profit": NaN,
        "Operating Income": 593,
        "EBIT": NaN,
        "Net Income": 152
    },
    "2016-06-30": {
        "Diluted EPS": 0.36,
        "Total Revenue": NaN,
        "Gross Profit": NaN,
        "Operating Income": 647,
        "EBIT": NaN,
        "Net Income": 196
    },
    "2016-03-31": {
        "Diluted EPS": 0.44,
        "Total Revenue": NaN,
        "Gross Profit": NaN,
        "Operating Income": 688,
        "EBIT": NaN,
        "Net Income": 236
    },
    "2015-12-31": {
        "Diluted EPS": 0.61,
        "Total Revenue": NaN,
        "Gross Profit": NaN,
        "Operating Income": 725,
        "EBIT": NaN,
        "Net Income": 338
    },
    "2015-09-30": {
        "Diluted EPS": 0.37,
        "Total Revenue": NaN,
        "Gross Profit": NaN,
        "Operating Income": 656,
        "EBIT": NaN,
        "Net Income": 205
    },
    "2015-06-30": {
        "Diluted EPS": 0.26,
        "Total Revenue": NaN,
        "Gross Profit": NaN,
        "Operating Income": 549,
        "EBIT": NaN,
        "Net Income": 143
    },
    "2015-03-31": {
        "Diluted EPS": 0.34,
        "Total Revenue": NaN,
        "Gross Profit": NaN,
        "Operating Income": 649,
        "EBIT": NaN,
        "Net Income": 192
    },
    "2014-12-31": {
        "Diluted EPS": 0.34,
        "Total Revenue": NaN,
        "Gross Profit": NaN,
        "Operating Income": 483,
        "EBIT": NaN,
        "Net Income": 188
    },
    "2014-09-30": {
        "Diluted EPS": 0.33,
        "Total Revenue": NaN,
        "Gross Profit": NaN,
        "Operating Income": 619,
        "EBIT": NaN,
        "Net Income": 188
    },
    "2014-06-30": {
        "Diluted EPS": 0.34,
        "Total Revenue": NaN,
        "Gross Profit": NaN,
        "Operating Income": 655,
        "EBIT": NaN,
        "Net Income": 193
    },
    "2014-03-31": {
        "Diluted EPS": 0.35,
        "Total Revenue": NaN,
        "Gross Profit": NaN,
        "Operating Income": 653,
        "EBIT": NaN,
        "Net Income": 203
    },
    "2013-12-31": {
        "Diluted EPS": 0.44,
        "Total Revenue": NaN,
        "Gross Profit": NaN,
        "Operating Income": 641,
        "EBIT": NaN,
        "Net Income": 239
    },
    "2013-09-30": {
        "Diluted EPS": -1.76,
        "Total Revenue": NaN,
        "Gross Profit": NaN,
        "Operating Income": -685,
        "EBIT": 437,
        "Net Income": NaN
    },
    "2013-06-30": {
        "Diluted EPS": 0.44,
        "Total Revenue": NaN,
        "Gross Profit": NaN,
        "Operating Income": 715,
        "EBIT": NaN,
        "Net Income": 269
    },
    "2013-03-31": {
        "Diluted EPS": 0.48,
        "Total Revenue": NaN,
        "Gross Profit": NaN,
        "Operating Income": 782,
        "EBIT": NaN,
        "Net Income": 298
    },
    "2012-12-31": {
        "Diluted EPS": 0.38,
        "Total Revenue": NaN,
        "Gross Profit": NaN,
        "Operating Income": 666,
        "EBIT": NaN,
        "Net Income": 233
    },
    "2012-09-30": {
        "Diluted EPS": 0.43,
        "Total Revenue": NaN,
        "Gross Profit": NaN,
        "Operating Income": 736,
        "EBIT": NaN,
        "Net Income": 270
    },
    "2012-06-30": {
        "Diluted EPS": 0.12,
        "Total Revenue": NaN,
        "Gross Profit": NaN,
        "Operating Income": 657,
        "EBIT": NaN,
        "Net Income": 73
    },
    "2012-03-31": {
        "Diluted EPS": 0.32,
        "Total Revenue": NaN,
        "Gross Profit": NaN,
        "Operating Income": 654,
        "EBIT": NaN,
        "Net Income": 200
    },
    "2011-12-31": {
        "Diluted EPS": -0.03,
        "Total Revenue": NaN,
        "Gross Profit": NaN,
        "Operating Income": 533,
        "EBIT": NaN,
        "Net Income": 109
    },
    "2011-09-30": {
        "Diluted EPS": 0.22,
        "Total Revenue": NaN,
        "Gross Profit": NaN,
        "Operating Income": 548,
        "EBIT": NaN,
        "Net Income": 138
    },
    "2011-06-30": {
        "Diluted EPS": 0.19,
        "Total Revenue": NaN,
        "Gross Profit": NaN,
        "Operating Income": 480,
        "EBIT": NaN,
        "Net Income": 115
    },
    "2011-03-31": {
        "Diluted EPS": 0.69,
        "Total Revenue": NaN,
        "Gross Profit": NaN,
        "Operating Income": 464,
        "EBIT": 833,
        "Net Income": 209
    },
    "2010-12-31": {
        "Diluted EPS": 0.74,
        "Total Revenue": NaN,
        "Gross Profit": NaN,
        "Operating Income": 486,
        "EBIT": 852,
        "Net Income": 219
    },
    "2010-09-30": {
        "Diluted EPS": 0.76,
        "Total Revenue": NaN,
        "Gross Profit": NaN,
        "Operating Income": 506,
        "EBIT": 864,
        "Net Income": 232
    },
    "2010-06-30": {
        "Diluted EPS": 0.79,
        "Total Revenue": NaN,
        "Gross Profit": NaN,
        "Operating Income": 523,
        "EBIT": 881,
        "Net Income": 238
    },
    "2010-03-31": {
        "Diluted EPS": 0.84,
        "Total Revenue": NaN,
        "Gross Profit": NaN,
        "Operating Income": 545,
        "EBIT": 898,
        "Net Income": 253
    },
    "2009-12-31": {
        "Diluted EPS": 0.94,
        "Total Revenue": NaN,
        "Gross Profit": NaN,
        "Operating Income": 540,
        "EBIT": 908,
        "Net Income": 226
    },
    "2009-09-30": {
        "Diluted EPS": 0.94,
        "Total Revenue": NaN,
        "Gross Profit": NaN,
        "Operating Income": 379,
        "EBIT": 741,
        "Net Income": 281
    },
    "2009-06-30": {
        "Diluted EPS": 0.68,
        "Total Revenue": 634,
        "Gross Profit": 399,
        "Operating Income": 149,
        "EBIT": 278,
        "Net Income": 69
    },
    "2009-03-31": {
        "Diluted EPS": 0.67,
        "Total Revenue": 636,
        "Gross Profit": 402,
        "Operating Income": 164,
        "EBIT": 292,
        "Net Income": 67
    },
    "2023-09-30": {
        "Tax Effect Of Unusual Items": -6642000.0,
        "Tax Rate For Calcs": 0.082,
        "Normalized EBITDA": 1046000000.0,
        "Total Unusual Items": -81000000.0,
        "Total Unusual Items Excluding Goodwill": -81000000.0,
        "Net Income From Continuing Operation Net Minority Interest": -78000000.0,
        "Reconciled Depreciation": 755000000.0,
        "Reconciled Cost Of Revenue": 1850000000.0,
        "EBITDA": 965000000.0,
        "EBIT": 210000000.0,
        "Net Interest Income": -295000000.0,
        "Interest Expense": 295000000.0,
        "Normalized Income": -3642000.0,
        "Net Income From Continuing And Discontinued Operation": -78000000.0,
        "Total Expenses": 3396000000.0,
        "Total Operating Income As Reported": 223000000.0,
        "Diluted Average Shares": 983550000.0,
        "Basic Average Shares": 983550000.0,
        "Diluted EPS": -0.08,
        "Basic EPS": -0.08,
        "Diluted NI Availto Com Stockholders": -78000000.0,
        "Net Income Common Stockholders": -78000000.0,
        "Net Income": -78000000.0,
        "Net Income Including Noncontrolling Interests": -78000000.0,
        "Net Income Continuous Operations": -78000000.0,
        "Tax Provision": -7000000.0,
        "Pretax Income": -85000000.0,
        "Other Income Expense": -35000000.0,
        "Other Non Operating Income Expenses": 46000000.0,
        "Special Income Charges": -22000000.0,
        "Gain On Sale Of Ppe": -22000000.0,
        "Gain On Sale Of Business": -22000000.0,
        "Other Special Charges": NaN,
        "Impairment Of Capital Assets": 0.0,
        "Gain On Sale Of Security": -59000000.0,
        "Net Non Operating Interest Income Expense": -295000000.0,
        "Interest Expense Non Operating": 295000000.0,
        "Operating Income": 245000000.0,
        "Operating Expense": 1546000000.0,
        "Depreciation Amortization Depletion Income Statement": 755000000.0,
        "Depreciation And Amortization In Income Statement": 755000000.0,
        "Amortization": 271000000.0,
        "Amortization Of Intangibles Income Statement": 271000000.0,
        "Depreciation Income Statement": 484000000.0,
        "Selling General And Administration": 791000000.0,
        "Gross Profit": 1791000000.0,
        "Cost Of Revenue": 1850000000.0,
        "Total Revenue": 3641000000.0,
        "Operating Revenue": 3641000000.0
    },
    "2023-12-31": {
        "Tax Effect Of Unusual Items": NaN,
        "Tax Rate For Calcs": NaN,
        "Normalized EBITDA": NaN,
        "Total Unusual Items": NaN,
        "Total Unusual Items Excluding Goodwill": NaN,
        "Net Income From Continuing Operation Net Minority Interest": NaN,
        "Reconciled Depreciation": NaN,
        "Reconciled Cost Of Revenue": NaN,
        "EBITDA": NaN,
        "EBIT": NaN,
        "Net Interest Income": NaN,
        "Interest Expense": NaN,
        "Normalized Income": NaN,
        "Net Income From Continuing And Discontinued Operation": NaN,
        "Total Expenses": NaN,
        "Total Operating Income As Reported": NaN,
        "Diluted Average Shares": 983762000.0,
        "Basic Average Shares": 983762000.0,
        "Diluted EPS": -2.03,
        "Basic EPS": -2.03,
        "Diluted NI Availto Com Stockholders": NaN,
        "Net Income Common Stockholders": NaN,
        "Net Income": NaN,
        "Net Income Including Noncontrolling Interests": NaN,
        "Net Income Continuous Operations": NaN,
        "Tax Provision": NaN,
        "Pretax Income": NaN,
        "Other Income Expense": NaN,
        "Other Non Operating Income Expenses": NaN,
        "Special Income Charges": NaN,
        "Gain On Sale Of Ppe": NaN,
        "Gain On Sale Of Business": NaN,
        "Other Special Charges": NaN,
        "Impairment Of Capital Assets": NaN,
        "Gain On Sale Of Security": NaN,
        "Net Non Operating Interest Income Expense": NaN,
        "Interest Expense Non Operating": NaN,
        "Operating Income": NaN,
        "Operating Expense": NaN,
        "Depreciation Amortization Depletion Income Statement": NaN,
        "Depreciation And Amortization In Income Statement": NaN,
        "Amortization": NaN,
        "Amortization Of Intangibles Income Statement": NaN,
        "Depreciation Income Statement": NaN,
        "Selling General And Administration": NaN,
        "Gross Profit": NaN,
        "Cost Of Revenue": NaN,
        "Total Revenue": NaN,
        "Operating Revenue": NaN
    }
}