{
    "2023-03-31": {
        "Tax Effect Of Unusual Items": NaN,
        "Tax Rate For Calcs": NaN,
        "Normalized EBITDA": NaN,
        "Net Income From Continuing Operation Net Minority Interest": NaN,
        "Reconciled Depreciation": NaN,
        "EBITDA": NaN,
        "EBIT": NaN,
        "Net Interest Income": NaN,
        "Interest Income": NaN,
        "Normalized Income": NaN,
        "Net Income From Continuing And Discontinued Operation": NaN,
        "Total Expenses": NaN,
        "Total Operating Income As Reported": NaN,
        "Diluted Average Shares": 8239941.0,
        "Basic Average Shares": 8239941.0,
        "Diluted EPS": -0.89,
        "Basic EPS": -0.89,
        "Diluted NI Availto Com Stockholders": NaN,
        "Net Income Common Stockholders": NaN,
        "Net Income": NaN,
        "Net Income Including Noncontrolling Interests": NaN,
        "Net Income Continuous Operations": NaN,
        "Tax Provision": NaN,
        "Pretax Income": NaN,
        "Other Income Expense": NaN,
        "Other Non Operating Income Expenses": NaN,
        "Net Non Operating Interest Income Expense": NaN,
        "Interest Income Non Operating": NaN,
        "Operating Income": NaN,
        "Operating Expense": NaN,
        "Research And Development": NaN,
        "Selling General And Administration": NaN,
        "General And Administrative Expense": NaN,
        "Other Gand A": NaN,
        "Salaries And Wages": NaN,
        "Total Revenue": NaN,
        "Operating Revenue": NaN
    },
    "2022-12-31": {
        "Tax Effect Of Unusual Items": 0.0,
        "Tax Rate For Calcs": 0.0,
        "Normalized EBITDA": -9190000.0,
        "Net Income From Continuing Operation Net Minority Interest": -8247000.0,
        "Reconciled Depreciation": 35000.0,
        "EBITDA": -9190000.0,
        "EBIT": -9225000.0,
        "Net Interest Income": 503000.0,
        "Interest Income": 503000.0,
        "Normalized Income": -8247000.0,
        "Net Income From Continuing And Discontinued Operation": -8247000.0,
        "Total Expenses": 9347000.0,
        "Total Operating Income As Reported": -8835000.0,
        "Diluted Average Shares": NaN,
        "Basic Average Shares": NaN,
        "Diluted EPS": NaN,
        "Basic EPS": NaN,
        "Diluted NI Availto Com Stockholders": -8247000.0,
        "Net Income Common Stockholders": -8247000.0,
        "Net Income": -8247000.0,
        "Net Income Including Noncontrolling Interests": -8247000.0,
        "Net Income Continuous Operations": -8247000.0,
        "Tax Provision": NaN,
        "Pretax Income": -8260000.0,
        "Other Income Expense": 72000.0,
        "Other Non Operating Income Expenses": 72000.0,
        "Net Non Operating Interest Income Expense": 503000.0,
        "Interest Income Non Operating": 503000.0,
        "Operating Income": -8835000.0,
        "Operating Expense": 9347000.0,
        "Research And Development": 4862000.0,
        "Selling General And Administration": 4485000.0,
        "General And Administrative Expense": 4485000.0,
        "Other Gand A": 4485000.0,
        "Salaries And Wages": NaN,
        "Total Revenue": 512000.0,
        "Operating Revenue": 512000.0
    },
    "2022-09-30": {
        "Tax Effect Of Unusual Items": NaN,
        "Tax Rate For Calcs": NaN,
        "Normalized EBITDA": NaN,
        "Net Income From Continuing Operation Net Minority Interest": NaN,
        "Reconciled Depreciation": NaN,
        "EBITDA": NaN,
        "EBIT": NaN,
        "Net Interest Income": NaN,
        "Interest Expense": 0.0,
        "Interest Income": NaN,
        "Normalized Income": NaN,
        "Net Income From Continuing And Discontinued Operation": NaN,
        "Total Expenses": NaN,
        "Total Operating Income As Reported": NaN,
        "Diluted Average Shares": 8388029.0,
        "Basic Average Shares": 8388029.0,
        "Diluted EPS": -0.86,
        "Basic EPS": -0.86,
        "Diluted NI Availto Com Stockholders": NaN,
        "Net Income Common Stockholders": NaN,
        "Net Income": NaN,
        "Net Income Including Noncontrolling Interests": NaN,
        "Net Income Continuous Operations": NaN,
        "Tax Provision": 0.0,
        "Pretax Income": NaN,
        "Other Income Expense": NaN,
        "Other Non Operating Income Expenses": NaN,
        "Net Non Operating Interest Income Expense": NaN,
        "Interest Expense Non Operating": 0.0,
        "Interest Income Non Operating": NaN,
        "Operating Income": NaN,
        "Operating Expense": NaN,
        "Research And Development": NaN,
        "Selling General And Administration": NaN,
        "General And Administrative Expense": NaN,
        "Other Gand A": NaN,
        "Salaries And Wages": NaN,
        "Total Revenue": NaN,
        "Operating Revenue": NaN
    },
    "2022-06-30": {
        "Tax Effect Of Unusual Items": 0.0,
        "Tax Rate For Calcs": 0.0,
        "Normalized EBITDA": -7844000.0,
        "Net Income From Continuing Operation Net Minority Interest": -7844000.0,
        "Reconciled Depreciation": -2000.0,
        "EBITDA": -7844000.0,
        "EBIT": -7844000.0,
        "Net Interest Income": 74000.0,
        "Interest Expense": 0.0,
        "Interest Income": 74000.0,
        "Normalized Income": -7844000.0,
        "Net Income From Continuing And Discontinued Operation": -7844000.0,
        "Total Expenses": 8327000.0,
        "Total Operating Income As Reported": -7924000.0,
        "Diluted Average Shares": 8361907.0,
        "Basic Average Shares": 8361907.0,
        "Diluted EPS": -1.86,
        "Basic EPS": -1.86,
        "Diluted NI Availto Com Stockholders": -7844000.0,
        "Net Income Common Stockholders": -7844000.0,
        "Net Income": -7844000.0,
        "Net Income Including Noncontrolling Interests": -7844000.0,
        "Net Income Continuous Operations": -7844000.0,
        "Tax Provision": NaN,
        "Pretax Income": -7844000.0,
        "Other Income Expense": 6000.0,
        "Other Non Operating Income Expenses": 6000.0,
        "Net Non Operating Interest Income Expense": 74000.0,
        "Interest Expense Non Operating": 0.0,
        "Interest Income Non Operating": 74000.0,
        "Operating Income": -7924000.0,
        "Operating Expense": 8327000.0,
        "Research And Development": 4645000.0,
        "Selling General And Administration": 3682000.0,
        "General And Administrative Expense": 3682000.0,
        "Other Gand A": 3682000.0,
        "Salaries And Wages": NaN,
        "Total Revenue": 403000.0,
        "Operating Revenue": 403000.0
    },
    "2022-03-31": {
        "Diluted EPS": -0.92,
        "Total Revenue": 0,
        "Gross Profit": 0,
        "Operating Income": -8,
        "EBIT": -8,
        "Net Income": -8
    },
    "2021-12-31": {
        "Diluted EPS": -0.72,
        "Total Revenue": 0,
        "Gross Profit": 0,
        "Operating Income": -7,
        "EBIT": -7,
        "Net Income": -6
    },
    "2021-09-30": {
        "Diluted EPS": -0.9,
        "Total Revenue": NaN,
        "Gross Profit": NaN,
        "Operating Income": -7,
        "EBIT": -7,
        "Net Income": -7
    },
    "2021-06-30": {
        "Diluted EPS": -0.99,
        "Total Revenue": 0,
        "Gross Profit": 0,
        "Operating Income": -9,
        "EBIT": -9,
        "Net Income": -9
    },
    "2021-03-31": {
        "Diluted EPS": -1.04,
        "Total Revenue": NaN,
        "Gross Profit": NaN,
        "Operating Income": -9,
        "EBIT": -8,
        "Net Income": -9
    },
    "2020-12-31": {
        "Diluted EPS": -0.35,
        "Total Revenue": 0,
        "Gross Profit": 0,
        "Operating Income": -7,
        "EBIT": -7,
        "Net Income": -2
    },
    "2020-09-30": {
        "Diluted EPS": 0.21,
        "Total Revenue": 0,
        "Gross Profit": 0,
        "Operating Income": -7,
        "EBIT": -7,
        "Net Income": 2
    },
    "2020-06-30": {
        "Diluted EPS": -0.65,
        "Total Revenue": 0,
        "Gross Profit": 0,
        "Operating Income": -7,
        "EBIT": -7,
        "Net Income": -5
    },
    "2020-03-31": {
        "Diluted EPS": -0.14,
        "Total Revenue": 0,
        "Gross Profit": 0,
        "Operating Income": -5,
        "EBIT": -5,
        "Net Income": 0
    },
    "2019-12-31": {
        "Diluted EPS": -1.98,
        "Total Revenue": 0,
        "Gross Profit": 0,
        "Operating Income": -9,
        "EBIT": -9,
        "Net Income": -8
    },
    "2019-09-30": {
        "Diluted EPS": -2.56,
        "Total Revenue": NaN,
        "Gross Profit": NaN,
        "Operating Income": -3,
        "EBIT": -3,
        "Net Income": -3
    },
    "2019-06-30": {
        "Diluted EPS": -2.47,
        "Total Revenue": NaN,
        "Gross Profit": NaN,
        "Operating Income": -3,
        "EBIT": -3,
        "Net Income": -3
    },
    "2019-03-31": {
        "Diluted EPS": -2.13,
        "Total Revenue": NaN,
        "Gross Profit": NaN,
        "Operating Income": -2,
        "EBIT": -2,
        "Net Income": -3
    },
    "2018-12-31": {
        "Diluted EPS": -2.52,
        "Total Revenue": 0,
        "Gross Profit": 0,
        "Operating Income": -11,
        "EBIT": -11,
        "Net Income": -11
    },
    "2018-09-30": {
        "Diluted EPS": -1.8,
        "Total Revenue": 0,
        "Gross Profit": 0,
        "Operating Income": -15,
        "EBIT": -15,
        "Net Income": -7
    },
    "2018-06-30": {
        "Diluted EPS": -4.23,
        "Total Revenue": 2,
        "Gross Profit": 2,
        "Operating Income": -18,
        "EBIT": -17,
        "Net Income": -17
    },
    "2018-03-31": {
        "Diluted EPS": -4.41,
        "Total Revenue": 10,
        "Gross Profit": 10,
        "Operating Income": -19,
        "EBIT": -18,
        "Net Income": -18
    },
    "2017-12-31": {
        "Diluted EPS": -2.88,
        "Total Revenue": 10,
        "Gross Profit": 10,
        "Operating Income": -14,
        "EBIT": -14,
        "Net Income": -14
    },
    "2017-09-30": {
        "Diluted EPS": -6.21,
        "Total Revenue": 5,
        "Gross Profit": 5,
        "Operating Income": -21,
        "EBIT": -21,
        "Net Income": -21
    },
    "2017-06-30": {
        "Diluted EPS": -5.13,
        "Total Revenue": 10,
        "Gross Profit": 10,
        "Operating Income": -17,
        "EBIT": -16,
        "Net Income": -17
    },
    "2017-03-31": {
        "Diluted EPS": -6.48,
        "Total Revenue": 3,
        "Gross Profit": 3,
        "Operating Income": -21,
        "EBIT": -21,
        "Net Income": -21
    },
    "2016-12-31": {
        "Diluted EPS": 1.62,
        "Total Revenue": 6,
        "Gross Profit": 6,
        "Operating Income": 4,
        "EBIT": 4,
        "Net Income": 0
    },
    "2016-09-30": {
        "Diluted EPS": -4.86,
        "Total Revenue": 15,
        "Gross Profit": 15,
        "Operating Income": -17,
        "EBIT": -17,
        "Net Income": -16
    },
    "2016-06-30": {
        "Diluted EPS": -10.08,
        "Total Revenue": 2,
        "Gross Profit": 2,
        "Operating Income": -35,
        "EBIT": -34,
        "Net Income": -32
    },
    "2016-03-31": {
        "Diluted EPS": -7.38,
        "Total Revenue": 6,
        "Gross Profit": 6,
        "Operating Income": -25,
        "EBIT": -25,
        "Net Income": -24
    },
    "2015-12-31": {
        "Diluted EPS": -6.48,
        "Total Revenue": 8,
        "Gross Profit": 8,
        "Operating Income": -15,
        "EBIT": -14,
        "Net Income": -22
    },
    "2015-09-30": {
        "Diluted EPS": -4.95,
        "Total Revenue": 14,
        "Gross Profit": 14,
        "Operating Income": -16,
        "EBIT": -15,
        "Net Income": -16
    },
    "2015-06-30": {
        "Diluted EPS": -4.41,
        "Total Revenue": 7,
        "Gross Profit": 7,
        "Operating Income": -16,
        "EBIT": -16,
        "Net Income": -14
    },
    "2015-03-31": {
        "Diluted EPS": 3.15,
        "Total Revenue": 39,
        "Gross Profit": 39,
        "Operating Income": 13,
        "EBIT": 13,
        "Net Income": 11
    },
    "2014-12-31": {
        "Diluted EPS": 36.45,
        "Total Revenue": 169,
        "Gross Profit": 169,
        "Operating Income": 149,
        "EBIT": 149,
        "Net Income": 127
    },
    "2014-09-30": {
        "Diluted EPS": -1.8,
        "Total Revenue": 3,
        "Gross Profit": 3,
        "Operating Income": -13,
        "EBIT": -13,
        "Net Income": -6
    },
    "2014-06-30": {
        "Diluted EPS": -2.97,
        "Total Revenue": 0,
        "Gross Profit": 0,
        "Operating Income": -9,
        "EBIT": -9,
        "Net Income": -9
    },
    "2014-03-31": {
        "Diluted EPS": -2.97,
        "Total Revenue": 0,
        "Gross Profit": 0,
        "Operating Income": -9,
        "EBIT": -9,
        "Net Income": -9
    },
    "2013-12-31": {
        "Diluted EPS": -2.79,
        "Total Revenue": 0,
        "Gross Profit": 0,
        "Operating Income": -8,
        "EBIT": -8,
        "Net Income": -8
    },
    "2013-09-30": {
        "Diluted EPS": -2.88,
        "Total Revenue": 0,
        "Gross Profit": 0,
        "Operating Income": -8,
        "EBIT": -8,
        "Net Income": -8
    },
    "2013-06-30": {
        "Diluted EPS": -2.52,
        "Total Revenue": 0,
        "Gross Profit": 0,
        "Operating Income": -7,
        "EBIT": -7,
        "Net Income": -7
    },
    "2013-03-31": {
        "Diluted EPS": -2.97,
        "Total Revenue": 0,
        "Gross Profit": 0,
        "Operating Income": -8,
        "EBIT": -8,
        "Net Income": -8
    },
    "2012-12-31": {
        "Diluted EPS": -2.7,
        "Total Revenue": 0,
        "Gross Profit": 0,
        "Operating Income": -6,
        "EBIT": -6,
        "Net Income": -6
    },
    "2012-09-30": {
        "Diluted EPS": -2.52,
        "Total Revenue": 0,
        "Gross Profit": 0,
        "Operating Income": -6,
        "EBIT": -6,
        "Net Income": -6
    },
    "2012-06-30": {
        "Diluted EPS": -2.79,
        "Total Revenue": 1,
        "Gross Profit": 1,
        "Operating Income": -6,
        "EBIT": -6,
        "Net Income": -6
    },
    "2012-03-31": {
        "Diluted EPS": -2.07,
        "Total Revenue": 0,
        "Gross Profit": 0,
        "Operating Income": -5,
        "EBIT": -5,
        "Net Income": -5
    },
    "2011-12-31": {
        "Diluted EPS": 3.42,
        "Total Revenue": 0,
        "Gross Profit": 0,
        "Operating Income": -6,
        "EBIT": -6,
        "Net Income": -6
    },
    "2011-09-30": {
        "Diluted EPS": -9.81,
        "Total Revenue": 0,
        "Gross Profit": 0,
        "Operating Income": -4,
        "EBIT": -4,
        "Net Income": -4
    },
    "2011-06-30": {
        "Diluted EPS": -10.8,
        "Total Revenue": 1,
        "Gross Profit": 1,
        "Operating Income": -4,
        "EBIT": -4,
        "Net Income": -4
    },
    "2011-03-31": {
        "Diluted EPS": -9.63,
        "Total Revenue": 1,
        "Gross Profit": 1,
        "Operating Income": -4,
        "EBIT": -4,
        "Net Income": -4
    },
    "2010-12-31": {
        "Diluted EPS": 0.0,
        "Total Revenue": NaN,
        "Gross Profit": NaN,
        "Operating Income": NaN,
        "EBIT": NaN,
        "Net Income": NaN
    },
    "2010-09-30": {
        "Diluted EPS": -13.41,
        "Total Revenue": 0,
        "Gross Profit": 0,
        "Operating Income": -5,
        "EBIT": -5,
        "Net Income": -5
    },
    "2009-12-31": {
        "Diluted EPS": 0.0,
        "Total Revenue": NaN,
        "Gross Profit": NaN,
        "Operating Income": NaN,
        "EBIT": NaN,
        "Net Income": NaN
    },
    "2023-06-30": {
        "Tax Effect Of Unusual Items": NaN,
        "Tax Rate For Calcs": NaN,
        "Normalized EBITDA": NaN,
        "Net Income From Continuing Operation Net Minority Interest": NaN,
        "Reconciled Depreciation": NaN,
        "EBITDA": NaN,
        "EBIT": NaN,
        "Net Interest Income": NaN,
        "Interest Income": NaN,
        "Normalized Income": NaN,
        "Net Income From Continuing And Discontinued Operation": NaN,
        "Total Expenses": NaN,
        "Total Operating Income As Reported": NaN,
        "Diluted Average Shares": 8164603.0,
        "Basic Average Shares": 8164603.0,
        "Diluted EPS": -1.09,
        "Basic EPS": -1.09,
        "Diluted NI Availto Com Stockholders": NaN,
        "Net Income Common Stockholders": NaN,
        "Net Income": NaN,
        "Net Income Including Noncontrolling Interests": NaN,
        "Net Income Continuous Operations": NaN,
        "Tax Provision": -29000.0,
        "Pretax Income": NaN,
        "Other Income Expense": NaN,
        "Other Non Operating Income Expenses": NaN,
        "Net Non Operating Interest Income Expense": NaN,
        "Interest Income Non Operating": NaN,
        "Operating Income": NaN,
        "Operating Expense": NaN,
        "Research And Development": NaN,
        "Selling General And Administration": NaN,
        "General And Administrative Expense": NaN,
        "Other Gand A": NaN,
        "Salaries And Wages": 890000.0,
        "Total Revenue": NaN,
        "Operating Revenue": NaN
    },
    "2023-09-30": {
        "Tax Effect Of Unusual Items": 0.0,
        "Tax Rate For Calcs": 0.0,
        "Normalized EBITDA": -8924000.0,
        "Net Income From Continuing Operation Net Minority Interest": -8300000.0,
        "Reconciled Depreciation": 8000.0,
        "EBITDA": -8924000.0,
        "EBIT": -8932000.0,
        "Net Interest Income": 446000.0,
        "Interest Income": 446000.0,
        "Normalized Income": -8300000.0,
        "Net Income From Continuing And Discontinued Operation": -8300000.0,
        "Total Expenses": 8939000.0,
        "Total Operating Income As Reported": -8932000.0,
        "Diluted Average Shares": 7978457.0,
        "Basic Average Shares": 7978457.0,
        "Diluted EPS": -1.04,
        "Basic EPS": -1.04,
        "Diluted NI Availto Com Stockholders": -8300000.0,
        "Net Income Common Stockholders": -8300000.0,
        "Net Income": -8300000.0,
        "Net Income Including Noncontrolling Interests": -8300000.0,
        "Net Income Continuous Operations": -8300000.0,
        "Tax Provision": 0.0,
        "Pretax Income": -8300000.0,
        "Other Income Expense": 186000.0,
        "Other Non Operating Income Expenses": 186000.0,
        "Net Non Operating Interest Income Expense": 446000.0,
        "Interest Income Non Operating": 446000.0,
        "Operating Income": -8932000.0,
        "Operating Expense": 8939000.0,
        "Research And Development": 5046000.0,
        "Selling General And Administration": 3893000.0,
        "General And Administrative Expense": 3893000.0,
        "Other Gand A": 3893000.0,
        "Salaries And Wages": NaN,
        "Total Revenue": 7000.0,
        "Operating Revenue": 7000.0
    },
    "2023-12-31": {
        "Tax Effect Of Unusual Items": 0.0,
        "Tax Rate For Calcs": 0.0,
        "Normalized EBITDA": -9986000.0,
        "Net Income From Continuing Operation Net Minority Interest": -9457000.0,
        "Reconciled Depreciation": 18000.0,
        "EBITDA": -9986000.0,
        "EBIT": -10004000.0,
        "Net Interest Income": 293000.0,
        "Interest Income": 293000.0,
        "Normalized Income": -9457000.0,
        "Net Income From Continuing And Discontinued Operation": -9457000.0,
        "Total Expenses": 10830000.0,
        "Total Operating Income As Reported": -10004000.0,
        "Diluted Average Shares": NaN,
        "Basic Average Shares": NaN,
        "Diluted EPS": NaN,
        "Basic EPS": NaN,
        "Diluted NI Availto Com Stockholders": -9457000.0,
        "Net Income Common Stockholders": -9457000.0,
        "Net Income": -9457000.0,
        "Net Income Including Noncontrolling Interests": -9457000.0,
        "Net Income Continuous Operations": -9457000.0,
        "Tax Provision": 0.0,
        "Pretax Income": -9457000.0,
        "Other Income Expense": 254000.0,
        "Other Non Operating Income Expenses": 254000.0,
        "Net Non Operating Interest Income Expense": 293000.0,
        "Interest Income Non Operating": 293000.0,
        "Operating Income": -10004000.0,
        "Operating Expense": 10830000.0,
        "Research And Development": 6657000.0,
        "Selling General And Administration": 4173000.0,
        "General And Administrative Expense": 4173000.0,
        "Other Gand A": 4173000.0,
        "Salaries And Wages": NaN,
        "Total Revenue": 826000.0,
        "Operating Revenue": 826000.0
    },
    "2024-03-31": {
        "Tax Effect Of Unusual Items": 0.0,
        "Tax Rate For Calcs": 0.0,
        "Normalized EBITDA": -10860000.0,
        "Net Income From Continuing Operation Net Minority Interest": -10441000.0,
        "Reconciled Depreciation": 2000.0,
        "EBITDA": -10860000.0,
        "EBIT": -10862000.0,
        "Net Interest Income": 158000.0,
        "Interest Income": 158000.0,
        "Normalized Income": -10441000.0,
        "Net Income From Continuing And Discontinued Operation": -10441000.0,
        "Total Expenses": 11027000.0,
        "Total Operating Income As Reported": -10862000.0,
        "Diluted Average Shares": 8104905.0,
        "Basic Average Shares": 8104905.0,
        "Diluted EPS": -1.29,
        "Basic EPS": -1.29,
        "Diluted NI Availto Com Stockholders": -10441000.0,
        "Net Income Common Stockholders": -10441000.0,
        "Net Income": -10441000.0,
        "Net Income Including Noncontrolling Interests": -10441000.0,
        "Net Income Continuous Operations": -10441000.0,
        "Tax Provision": NaN,
        "Pretax Income": -10441000.0,
        "Other Income Expense": 263000.0,
        "Other Non Operating Income Expenses": 263000.0,
        "Net Non Operating Interest Income Expense": 158000.0,
        "Interest Income Non Operating": 158000.0,
        "Operating Income": -10862000.0,
        "Operating Expense": 11027000.0,
        "Research And Development": 7248000.0,
        "Selling General And Administration": 3779000.0,
        "General And Administrative Expense": 3779000.0,
        "Other Gand A": 3779000.0,
        "Salaries And Wages": NaN,
        "Total Revenue": 165000.0,
        "Operating Revenue": 165000.0
    },
    "2024-06-30": {
        "Tax Effect Of Unusual Items": 0.0,
        "Tax Rate For Calcs": 0.0,
        "Normalized EBITDA": -7821000.0,
        "Net Income From Continuing Operation Net Minority Interest": -7551000.0,
        "Reconciled Depreciation": 2000.0,
        "EBITDA": -7821000.0,
        "EBIT": -7823000.0,
        "Net Interest Income": 70000.0,
        "Interest Income": 70000.0,
        "Normalized Income": -7551000.0,
        "Net Income From Continuing And Discontinued Operation": -7551000.0,
        "Total Expenses": 8311000.0,
        "Total Operating Income As Reported": -7823000.0,
        "Diluted Average Shares": 8112566.0,
        "Basic Average Shares": 8112566.0,
        "Diluted EPS": -0.93,
        "Basic EPS": -0.93,
        "Diluted NI Availto Com Stockholders": -7551000.0,
        "Net Income Common Stockholders": -7551000.0,
        "Net Income": -7551000.0,
        "Net Income Including Noncontrolling Interests": -7551000.0,
        "Net Income Continuous Operations": -7551000.0,
        "Tax Provision": 0.0,
        "Pretax Income": -7551000.0,
        "Other Income Expense": 202000.0,
        "Other Non Operating Income Expenses": 202000.0,
        "Net Non Operating Interest Income Expense": 70000.0,
        "Interest Income Non Operating": 70000.0,
        "Operating Income": -7823000.0,
        "Operating Expense": 8311000.0,
        "Research And Development": 4629000.0,
        "Selling General And Administration": 3682000.0,
        "General And Administrative Expense": 3682000.0,
        "Other Gand A": 3682000.0,
        "Salaries And Wages": NaN,
        "Total Revenue": 488000.0,
        "Operating Revenue": 488000.0
    },
    "2024-09-30": {
        "Tax Effect Of Unusual Items": 0.0,
        "Tax Rate For Calcs": 0.0,
        "Normalized EBITDA": -7640000.0,
        "Net Income From Continuing Operation Net Minority Interest": -7467000.0,
        "Reconciled Depreciation": -1000.0,
        "EBITDA": -7640000.0,
        "EBIT": -7640000.0,
        "Net Interest Income": 168000.0,
        "Interest Income": 168000.0,
        "Normalized Income": -7467000.0,
        "Net Income From Continuing And Discontinued Operation": -7467000.0,
        "Total Expenses": 8366000.0,
        "Total Operating Income As Reported": -7640000.0,
        "Diluted Average Shares": 8327488.0,
        "Basic Average Shares": 8327488.0,
        "Diluted EPS": -0.9,
        "Basic EPS": -0.9,
        "Diluted NI Availto Com Stockholders": -7467000.0,
        "Net Income Common Stockholders": -7467000.0,
        "Net Income": -7467000.0,
        "Net Income Including Noncontrolling Interests": -7467000.0,
        "Net Income Continuous Operations": -7467000.0,
        "Tax Provision": 0.0,
        "Pretax Income": -7467000.0,
        "Other Income Expense": 5000.0,
        "Other Non Operating Income Expenses": 5000.0,
        "Net Non Operating Interest Income Expense": 168000.0,
        "Interest Income Non Operating": 168000.0,
        "Operating Income": -7640000.0,
        "Operating Expense": 8366000.0,
        "Research And Development": 4153000.0,
        "Selling General And Administration": 4213000.0,
        "General And Administrative Expense": 4213000.0,
        "Other Gand A": 4213000.0,
        "Salaries And Wages": NaN,
        "Total Revenue": 726000.0,
        "Operating Revenue": 726000.0
    }
}