{
    "2023-06-30": {
        "Tax Effect Of Unusual Items": 2290000.0,
        "Tax Rate For Calcs": 0.229,
        "Normalized EBITDA": 1303000000.0,
        "Total Unusual Items": 10000000.0,
        "Total Unusual Items Excluding Goodwill": 10000000.0,
        "Net Income From Continuing Operation Net Minority Interest": 683000000.0,
        "Reconciled Depreciation": 367000000.0,
        "Reconciled Cost Of Revenue": 5286000000.0,
        "EBITDA": 1313000000.0,
        "EBIT": 946000000.0,
        "Net Interest Income": 84000000.0,
        "Interest Expense": 60000000.0,
        "Interest Income": 144000000.0,
        "Normalized Income": 675290000.0,
        "Net Income From Continuing And Discontinued Operation": 683000000.0,
        "Total Expenses": 6242000000.0,
        "Rent Expense Supplemental": 459000000.0,
        "Total Operating Income As Reported": 795000000.0,
        "Diluted Average Shares": 639000000.0,
        "Basic Average Shares": 595000000.0,
        "Diluted EPS": 1.08,
        "Basic EPS": 1.15,
        "Diluted NI Availto Com Stockholders": 688000000.0,
        "Net Income Common Stockholders": 688000000.0,
        "Otherunder Preferred Stock Dividend": -5000000.0,
        "Net Income": 683000000.0,
        "Net Income Including Noncontrolling Interests": 683000000.0,
        "Net Income Continuous Operations": 683000000.0,
        "Tax Provision": 203000000.0,
        "Pretax Income": 886000000.0,
        "Other Income Expense": 7000000.0,
        "Other Non Operating Income Expenses": -3000000.0,
        "Special Income Charges": 0.0,
        "Other Special Charges": NaN,
        "Gain On Sale Of Security": 10000000.0,
        "Net Non Operating Interest Income Expense": 84000000.0,
        "Interest Expense Non Operating": 60000000.0,
        "Interest Income Non Operating": 144000000.0,
        "Operating Income": 795000000.0,
        "Operating Expense": 956000000.0,
        "Other Operating Expenses": 956000000.0,
        "Gross Profit": 1751000000.0,
        "Cost Of Revenue": 5286000000.0,
        "Total Revenue": 7037000000.0,
        "Operating Revenue": 6456000000.0
    },
    "2023-03-31": {
        "Tax Effect Of Unusual Items": 3080000.0,
        "Tax Rate For Calcs": 0.22,
        "Normalized EBITDA": 206000000.0,
        "Total Unusual Items": 14000000.0,
        "Total Unusual Items Excluding Goodwill": 14000000.0,
        "Net Income From Continuing Operation Net Minority Interest": -159000000.0,
        "Reconciled Depreciation": 365000000.0,
        "Reconciled Cost Of Revenue": 5038000000.0,
        "EBITDA": 220000000.0,
        "EBIT": -145000000.0,
        "Net Interest Income": 65000000.0,
        "Interest Expense": 60000000.0,
        "Interest Income": 125000000.0,
        "Normalized Income": -169920000.0,
        "Net Income From Continuing And Discontinued Operation": -159000000.0,
        "Total Expenses": 5990000000.0,
        "Rent Expense Supplemental": 408000000.0,
        "Total Operating Income As Reported": -284000000.0,
        "Diluted Average Shares": 594000000.0,
        "Basic Average Shares": 594000000.0,
        "Diluted EPS": -0.27,
        "Basic EPS": -0.27,
        "Diluted NI Availto Com Stockholders": -159000000.0,
        "Net Income Common Stockholders": -159000000.0,
        "Otherunder Preferred Stock Dividend": 0.0,
        "Net Income": -159000000.0,
        "Net Income Including Noncontrolling Interests": -159000000.0,
        "Net Income Continuous Operations": -159000000.0,
        "Tax Provision": -46000000.0,
        "Pretax Income": -205000000.0,
        "Other Income Expense": 14000000.0,
        "Other Non Operating Income Expenses": NaN,
        "Special Income Charges": 0.0,
        "Other Special Charges": NaN,
        "Gain On Sale Of Security": 14000000.0,
        "Net Non Operating Interest Income Expense": 65000000.0,
        "Interest Expense Non Operating": 60000000.0,
        "Interest Income Non Operating": 125000000.0,
        "Operating Income": -284000000.0,
        "Operating Expense": 952000000.0,
        "Other Operating Expenses": 952000000.0,
        "Gross Profit": 668000000.0,
        "Cost Of Revenue": 5038000000.0,
        "Total Revenue": 5706000000.0,
        "Operating Revenue": 5146000000.0
    },
    "2022-12-31": {
        "Tax Effect Of Unusual Items": NaN,
        "Tax Rate For Calcs": NaN,
        "Normalized EBITDA": NaN,
        "Total Unusual Items": NaN,
        "Total Unusual Items Excluding Goodwill": NaN,
        "Net Income From Continuing Operation Net Minority Interest": NaN,
        "Reconciled Depreciation": NaN,
        "Reconciled Cost Of Revenue": NaN,
        "EBITDA": NaN,
        "EBIT": NaN,
        "Net Interest Income": NaN,
        "Interest Expense": NaN,
        "Interest Income": NaN,
        "Normalized Income": NaN,
        "Net Income From Continuing And Discontinued Operation": NaN,
        "Total Expenses": NaN,
        "Rent Expense Supplemental": NaN,
        "Total Operating Income As Reported": NaN,
        "Diluted Average Shares": NaN,
        "Basic Average Shares": NaN,
        "Diluted EPS": NaN,
        "Basic EPS": NaN,
        "Diluted NI Availto Com Stockholders": NaN,
        "Net Income Common Stockholders": NaN,
        "Otherunder Preferred Stock Dividend": NaN,
        "Net Income": NaN,
        "Net Income Including Noncontrolling Interests": NaN,
        "Net Income Continuous Operations": NaN,
        "Tax Provision": NaN,
        "Pretax Income": NaN,
        "Other Income Expense": NaN,
        "Other Non Operating Income Expenses": 0.0,
        "Special Income Charges": -1000000.0,
        "Other Special Charges": 1000000.0,
        "Gain On Sale Of Security": NaN,
        "Net Non Operating Interest Income Expense": NaN,
        "Interest Expense Non Operating": NaN,
        "Interest Income Non Operating": NaN,
        "Operating Income": NaN,
        "Operating Expense": NaN,
        "Other Operating Expenses": NaN,
        "Gross Profit": NaN,
        "Cost Of Revenue": NaN,
        "Total Revenue": NaN,
        "Operating Revenue": NaN
    },
    "2022-09-30": {
        "Tax Effect Of Unusual Items": NaN,
        "Tax Rate For Calcs": NaN,
        "Normalized EBITDA": NaN,
        "Total Unusual Items": NaN,
        "Total Unusual Items Excluding Goodwill": NaN,
        "Net Income From Continuing Operation Net Minority Interest": NaN,
        "Reconciled Depreciation": NaN,
        "Reconciled Cost Of Revenue": NaN,
        "EBITDA": NaN,
        "EBIT": NaN,
        "Net Interest Income": NaN,
        "Interest Expense": NaN,
        "Interest Income": NaN,
        "Normalized Income": NaN,
        "Net Income From Continuing And Discontinued Operation": NaN,
        "Total Expenses": NaN,
        "Rent Expense Supplemental": NaN,
        "Total Operating Income As Reported": NaN,
        "Diluted Average Shares": NaN,
        "Basic Average Shares": NaN,
        "Diluted EPS": NaN,
        "Basic EPS": NaN,
        "Diluted NI Availto Com Stockholders": NaN,
        "Net Income Common Stockholders": NaN,
        "Otherunder Preferred Stock Dividend": NaN,
        "Net Income": NaN,
        "Net Income Including Noncontrolling Interests": NaN,
        "Net Income Continuous Operations": NaN,
        "Tax Provision": NaN,
        "Pretax Income": NaN,
        "Other Income Expense": NaN,
        "Other Non Operating Income Expenses": NaN,
        "Special Income Charges": NaN,
        "Other Special Charges": 76000000.0,
        "Gain On Sale Of Security": NaN,
        "Net Non Operating Interest Income Expense": NaN,
        "Interest Expense Non Operating": NaN,
        "Interest Income Non Operating": NaN,
        "Operating Income": NaN,
        "Operating Expense": NaN,
        "Other Operating Expenses": NaN,
        "Gross Profit": NaN,
        "Cost Of Revenue": NaN,
        "Total Revenue": NaN,
        "Operating Revenue": NaN
    },
    "2022-06-30": {
        "Tax Effect Of Unusual Items": 0.0,
        "Tax Rate For Calcs": 0.266409,
        "Normalized EBITDA": 1443000000.0,
        "Total Unusual Items": -66000000.0,
        "Total Unusual Items Excluding Goodwill": -66000000.0,
        "Net Income From Continuing Operation Net Minority Interest": 760000000.0,
        "Reconciled Depreciation": 325000000.0,
        "Reconciled Cost Of Revenue": 4779000000.0,
        "EBITDA": 1443000000.0,
        "EBIT": 1118000000.0,
        "Net Interest Income": -54000000.0,
        "Interest Expense": 82000000.0,
        "Interest Income": 28000000.0,
        "Normalized Income": 760000000.0,
        "Net Income From Continuing And Discontinued Operation": 760000000.0,
        "Total Expenses": 5570000000.0,
        "Rent Expense Supplemental": 388000000.0,
        "Total Operating Income As Reported": 1158000000.0,
        "Diluted Average Shares": 635000000.0,
        "Basic Average Shares": 593000000.0,
        "Diluted EPS": 1.2,
        "Basic EPS": 1.29,
        "Diluted NI Availto Com Stockholders": 760000000.0,
        "Net Income Common Stockholders": 760000000.0,
        "Otherunder Preferred Stock Dividend": -4000000.0,
        "Net Income": 760000000.0,
        "Net Income Including Noncontrolling Interests": 760000000.0,
        "Net Income Continuous Operations": 760000000.0,
        "Tax Provision": 276000000.0,
        "Pretax Income": 1036000000.0,
        "Other Income Expense": -68000000.0,
        "Other Non Operating Income Expenses": -68000000.0,
        "Special Income Charges": -43000000.0,
        "Other Special Charges": 43000000.0,
        "Gain On Sale Of Security": -23000000.0,
        "Net Non Operating Interest Income Expense": -54000000.0,
        "Interest Expense Non Operating": 82000000.0,
        "Interest Income Non Operating": 28000000.0,
        "Operating Income": 1158000000.0,
        "Operating Expense": 791000000.0,
        "Other Operating Expenses": 791000000.0,
        "Gross Profit": 1949000000.0,
        "Cost Of Revenue": 4779000000.0,
        "Total Revenue": 6728000000.0,
        "Operating Revenue": 6166000000.0
    },
    "2022-03-31": {
        "Diluted EPS": -0.47,
        "Total Revenue": NaN,
        "Gross Profit": 904,
        "Operating Income": -151,
        "EBIT": 173,
        "Net Income": -278
    },
    "2021-12-31": {
        "Diluted EPS": 0.12,
        "Total Revenue": NaN,
        "Gross Profit": NaN,
        "Operating Income": 195,
        "EBIT": 518,
        "Net Income": 67
    },
    "2021-09-30": {
        "Diluted EPS": 0.73,
        "Total Revenue": NaN,
        "Gross Profit": NaN,
        "Operating Income": 733,
        "EBIT": NaN,
        "Net Income": 446
    },
    "2021-06-30": {
        "Diluted EPS": 0.57,
        "Total Revenue": NaN,
        "Gross Profit": NaN,
        "Operating Income": 594,
        "EBIT": 909,
        "Net Income": 348
    },
    "2021-03-31": {
        "Diluted EPS": 0.19,
        "Total Revenue": NaN,
        "Gross Profit": 974,
        "Operating Income": 199,
        "EBIT": 511,
        "Net Income": 116
    },
    "2020-12-31": {
        "Diluted EPS": -1.67,
        "Total Revenue": NaN,
        "Gross Profit": -332,
        "Operating Income": NaN,
        "EBIT": -853,
        "Net Income": -908
    },
    "2020-09-30": {
        "Diluted EPS": -1.96,
        "Total Revenue": NaN,
        "Gross Profit": -608,
        "Operating Income": NaN,
        "EBIT": -873,
        "Net Income": NaN
    },
    "2020-06-30": {
        "Diluted EPS": -1.63,
        "Total Revenue": NaN,
        "Gross Profit": -594,
        "Operating Income": NaN,
        "EBIT": NaN,
        "Net Income": -915
    },
    "2020-03-31": {
        "Diluted EPS": -0.18,
        "Total Revenue": NaN,
        "Gross Profit": 899,
        "Operating Income": -110,
        "EBIT": 201,
        "Net Income": -94
    },
    "2019-12-31": {
        "Diluted EPS": 0.97,
        "Total Revenue": NaN,
        "Gross Profit": NaN,
        "Operating Income": 665,
        "EBIT": 978,
        "Net Income": 513
    },
    "2019-09-30": {
        "Diluted EPS": 1.23,
        "Total Revenue": NaN,
        "Gross Profit": NaN,
        "Operating Income": 819,
        "EBIT": NaN,
        "Net Income": 659
    },
    "2019-06-30": {
        "Diluted EPS": 1.37,
        "Total Revenue": NaN,
        "Gross Profit": NaN,
        "Operating Income": 968,
        "EBIT": NaN,
        "Net Income": 741
    },
    "2019-03-31": {
        "Diluted EPS": 0.7,
        "Total Revenue": NaN,
        "Gross Profit": NaN,
        "Operating Income": 505,
        "EBIT": 802,
        "Net Income": 387
    },
    "2018-12-31": {
        "Diluted EPS": 1.15,
        "Total Revenue": NaN,
        "Gross Profit": NaN,
        "Operating Income": 820,
        "EBIT": NaN,
        "Net Income": 654
    },
    "2018-09-30": {
        "Diluted EPS": 1.08,
        "Total Revenue": NaN,
        "Gross Profit": NaN,
        "Operating Income": 798,
        "EBIT": NaN,
        "Net Income": 615
    },
    "2018-06-30": {
        "Diluted EPS": 1.27,
        "Total Revenue": NaN,
        "Gross Profit": NaN,
        "Operating Income": 972,
        "EBIT": NaN,
        "Net Income": 733
    },
    "2018-03-31": {
        "Diluted EPS": 0.79,
        "Total Revenue": NaN,
        "Gross Profit": NaN,
        "Operating Income": 616,
        "EBIT": 893,
        "Net Income": 463
    },
    "2017-12-31": {
        "Diluted EPS": 2.91,
        "Total Revenue": NaN,
        "Gross Profit": NaN,
        "Operating Income": 741,
        "EBIT": NaN,
        "Net Income": NaN
    },
    "2017-09-30": {
        "Diluted EPS": 0.88,
        "Total Revenue": NaN,
        "Gross Profit": NaN,
        "Operating Income": 845,
        "EBIT": NaN,
        "Net Income": 528
    },
    "2017-06-30": {
        "Diluted EPS": 1.23,
        "Total Revenue": NaN,
        "Gross Profit": NaN,
        "Operating Income": NaN,
        "EBIT": NaN,
        "Net Income": 743
    },
    "2017-03-31": {
        "Diluted EPS": 0.55,
        "Total Revenue": NaN,
        "Gross Profit": NaN,
        "Operating Income": 606,
        "EBIT": 924,
        "Net Income": 339
    },
    "2016-12-31": {
        "Diluted EPS": 0.76,
        "Total Revenue": NaN,
        "Gross Profit": NaN,
        "Operating Income": 607,
        "EBIT": 925,
        "Net Income": 462
    },
    "2016-09-30": {
        "Diluted EPS": 0.62,
        "Total Revenue": NaN,
        "Gross Profit": NaN,
        "Operating Income": 695,
        "EBIT": NaN,
        "Net Income": 388
    },
    "2016-06-30": {
        "Diluted EPS": 1.28,
        "Total Revenue": NaN,
        "Gross Profit": NaN,
        "Operating Income": NaN,
        "EBIT": NaN,
        "Net Income": 820
    },
    "2016-03-31": {
        "Diluted EPS": 0.79,
        "Total Revenue": NaN,
        "Gross Profit": NaN,
        "Operating Income": 944,
        "EBIT": NaN,
        "Net Income": 513
    },
    "2015-12-31": {
        "Diluted EPS": 0.83,
        "Total Revenue": NaN,
        "Gross Profit": NaN,
        "Operating Income": NaN,
        "EBIT": NaN,
        "Net Income": 536
    },
    "2015-09-30": {
        "Diluted EPS": 0.88,
        "Total Revenue": NaN,
        "Gross Profit": NaN,
        "Operating Income": NaN,
        "EBIT": NaN,
        "Net Income": 584
    },
    "2015-06-30": {
        "Diluted EPS": 0.9,
        "Total Revenue": NaN,
        "Gross Profit": NaN,
        "Operating Income": NaN,
        "EBIT": NaN,
        "Net Income": 608
    },
    "2015-03-31": {
        "Diluted EPS": 0.66,
        "Total Revenue": NaN,
        "Gross Profit": NaN,
        "Operating Income": 780,
        "EBIT": NaN,
        "Net Income": 453
    },
    "2014-12-31": {
        "Diluted EPS": 0.27,
        "Total Revenue": NaN,
        "Gross Profit": NaN,
        "Operating Income": 621,
        "EBIT": 872,
        "Net Income": 190
    },
    "2014-09-30": {
        "Diluted EPS": 0.48,
        "Total Revenue": NaN,
        "Gross Profit": NaN,
        "Operating Income": 614,
        "EBIT": 852,
        "Net Income": 329
    },
    "2014-06-30": {
        "Diluted EPS": 0.67,
        "Total Revenue": NaN,
        "Gross Profit": NaN,
        "Operating Income": 775,
        "EBIT": NaN,
        "Net Income": 465
    },
    "2014-03-31": {
        "Diluted EPS": 0.22,
        "Total Revenue": NaN,
        "Gross Profit": 980,
        "Operating Income": 215,
        "EBIT": 436,
        "Net Income": 152
    },
    "2013-12-31": {
        "Diluted EPS": 0.29,
        "Total Revenue": NaN,
        "Gross Profit": NaN,
        "Operating Income": 385,
        "EBIT": 609,
        "Net Income": 212
    },
    "2013-09-30": {
        "Diluted EPS": 0.37,
        "Total Revenue": NaN,
        "Gross Profit": NaN,
        "Operating Income": 390,
        "EBIT": 611,
        "Net Income": 259
    },
    "2013-06-30": {
        "Diluted EPS": 0.31,
        "Total Revenue": NaN,
        "Gross Profit": NaN,
        "Operating Income": 433,
        "EBIT": 645,
        "Net Income": 224
    },
    "2013-03-31": {
        "Diluted EPS": 0.08,
        "Total Revenue": NaN,
        "Gross Profit": 794,
        "Operating Income": 70,
        "EBIT": 280,
        "Net Income": 59
    },
    "2012-12-31": {
        "Diluted EPS": 0.11,
        "Total Revenue": NaN,
        "Gross Profit": 865,
        "Operating Income": 90,
        "EBIT": 323,
        "Net Income": 79
    },
    "2012-09-30": {
        "Diluted EPS": 0.02,
        "Total Revenue": NaN,
        "Gross Profit": 922,
        "Operating Income": 51,
        "EBIT": 265,
        "Net Income": 16
    },
    "2012-06-30": {
        "Diluted EPS": 0.3,
        "Total Revenue": NaN,
        "Gross Profit": NaN,
        "Operating Income": 460,
        "EBIT": 659,
        "Net Income": 228
    },
    "2012-03-31": {
        "Diluted EPS": 0.13,
        "Total Revenue": NaN,
        "Gross Profit": 726,
        "Operating Income": 22,
        "EBIT": 220,
        "Net Income": 98
    },
    "2011-12-31": {
        "Diluted EPS": 0.19,
        "Total Revenue": NaN,
        "Gross Profit": 884,
        "Operating Income": 147,
        "EBIT": 349,
        "Net Income": 152
    },
    "2011-09-30": {
        "Diluted EPS": -0.18,
        "Total Revenue": NaN,
        "Gross Profit": 960,
        "Operating Income": 225,
        "EBIT": 413,
        "Net Income": -140
    },
    "2011-06-30": {
        "Diluted EPS": 0.21,
        "Total Revenue": NaN,
        "Gross Profit": 912,
        "Operating Income": 207,
        "EBIT": 380,
        "Net Income": 161
    },
    "2011-03-31": {
        "Diluted EPS": 0.01,
        "Total Revenue": NaN,
        "Gross Profit": 665,
        "Operating Income": 114,
        "EBIT": 266,
        "Net Income": 5
    },
    "2010-12-31": {
        "Diluted EPS": 0.18,
        "Total Revenue": NaN,
        "Gross Profit": 777,
        "Operating Income": 216,
        "EBIT": 371,
        "Net Income": 131
    },
    "2010-09-30": {
        "Diluted EPS": 0.27,
        "Total Revenue": NaN,
        "Gross Profit": 879,
        "Operating Income": 355,
        "EBIT": 513,
        "Net Income": 205
    },
    "2010-06-30": {
        "Diluted EPS": 0.15,
        "Total Revenue": NaN,
        "Gross Profit": 844,
        "Operating Income": 363,
        "EBIT": 513,
        "Net Income": 112
    },
    "2010-03-31": {
        "Diluted EPS": 0.01,
        "Total Revenue": NaN,
        "Gross Profit": 542,
        "Operating Income": 54,
        "EBIT": 205,
        "Net Income": 11
    },
    "2009-12-31": {
        "Diluted EPS": 0.15,
        "Total Revenue": NaN,
        "Gross Profit": 668,
        "Operating Income": 167,
        "EBIT": 320,
        "Net Income": 115
    },
    "2009-09-30": {
        "Diluted EPS": -0.02,
        "Total Revenue": NaN,
        "Gross Profit": 508,
        "Operating Income": 22,
        "EBIT": 180,
        "Net Income": -16
    },
    "2009-06-30": {
        "Diluted EPS": 0.12,
        "Total Revenue": NaN,
        "Gross Profit": 611,
        "Operating Income": 123,
        "EBIT": 269,
        "Net Income": 91
    },
    "2009-03-31": {
        "Diluted EPS": -0.12,
        "Total Revenue": NaN,
        "Gross Profit": 428,
        "Operating Income": -50,
        "EBIT": 97,
        "Net Income": -91
    },
    "2023-09-30": {
        "Tax Effect Of Unusual Items": 4440000.0,
        "Tax Rate For Calcs": 0.185,
        "Normalized EBITDA": 647000000.0,
        "Total Unusual Items": 24000000.0,
        "Total Unusual Items Excluding Goodwill": 24000000.0,
        "Net Income From Continuing Operation Net Minority Interest": 193000000.0,
        "Reconciled Depreciation": 375000000.0,
        "Reconciled Cost Of Revenue": 5450000000.0,
        "EBITDA": 671000000.0,
        "EBIT": 296000000.0,
        "Net Interest Income": 97000000.0,
        "Interest Expense": 59000000.0,
        "Interest Income": 156000000.0,
        "Normalized Income": 173440000.0,
        "Net Income From Continuing And Discontinued Operation": 193000000.0,
        "Total Expenses": 6408000000.0,
        "Rent Expense Supplemental": 457000000.0,
        "Total Operating Income As Reported": 117000000.0,
        "Diluted Average Shares": 640000000.0,
        "Basic Average Shares": 596000000.0,
        "Diluted EPS": 0.31,
        "Basic EPS": 0.32,
        "Diluted NI Availto Com Stockholders": 193000000.0,
        "Net Income Common Stockholders": 193000000.0,
        "Otherunder Preferred Stock Dividend": NaN,
        "Net Income": 193000000.0,
        "Net Income Including Noncontrolling Interests": 193000000.0,
        "Net Income Continuous Operations": 193000000.0,
        "Tax Provision": 44000000.0,
        "Pretax Income": 237000000.0,
        "Other Income Expense": 23000000.0,
        "Other Non Operating Income Expenses": -1000000.0,
        "Special Income Charges": 0.0,
        "Other Special Charges": NaN,
        "Gain On Sale Of Security": 24000000.0,
        "Net Non Operating Interest Income Expense": 97000000.0,
        "Interest Expense Non Operating": 59000000.0,
        "Interest Income Non Operating": 156000000.0,
        "Operating Income": 117000000.0,
        "Operating Expense": 958000000.0,
        "Other Operating Expenses": 958000000.0,
        "Gross Profit": 1075000000.0,
        "Cost Of Revenue": 5450000000.0,
        "Total Revenue": 6525000000.0,
        "Operating Revenue": 5956000000.0
    },
    "2023-12-31": {
        "Tax Effect Of Unusual Items": 1545454.545455,
        "Tax Rate For Calcs": 0.118881,
        "Normalized EBITDA": 174000000.0,
        "Total Unusual Items": 13000000.0,
        "Total Unusual Items Excluding Goodwill": 13000000.0,
        "Net Income From Continuing Operation Net Minority Interest": -252000000.0,
        "Reconciled Depreciation": 415000000.0,
        "Reconciled Cost Of Revenue": 6096000000.0,
        "EBITDA": 187000000.0,
        "EBIT": -228000000.0,
        "Net Interest Income": 100000000.0,
        "Interest Expense": 58000000.0,
        "Interest Income": 158000000.0,
        "Normalized Income": -263454545.454545,
        "Net Income From Continuing And Discontinued Operation": -252000000.0,
        "Total Expenses": 7227000000.0,
        "Rent Expense Supplemental": 465000000.0,
        "Total Operating Income As Reported": -404000000.0,
        "Diluted Average Shares": 596000000.0,
        "Basic Average Shares": 596000000.0,
        "Diluted EPS": -0.37,
        "Basic EPS": -0.37,
        "Diluted NI Availto Com Stockholders": -233000000.0,
        "Net Income Common Stockholders": -233000000.0,
        "Otherunder Preferred Stock Dividend": NaN,
        "Net Income": -252000000.0,
        "Net Income Including Noncontrolling Interests": -252000000.0,
        "Net Income Continuous Operations": -252000000.0,
        "Tax Provision": -34000000.0,
        "Pretax Income": -286000000.0,
        "Other Income Expense": 18000000.0,
        "Other Non Operating Income Expenses": 5000000.0,
        "Special Income Charges": 0.0,
        "Other Special Charges": NaN,
        "Gain On Sale Of Security": 13000000.0,
        "Net Non Operating Interest Income Expense": 100000000.0,
        "Interest Expense Non Operating": 58000000.0,
        "Interest Income Non Operating": 158000000.0,
        "Operating Income": -404000000.0,
        "Operating Expense": 1131000000.0,
        "Other Operating Expenses": 1131000000.0,
        "Gross Profit": 727000000.0,
        "Cost Of Revenue": 6096000000.0,
        "Total Revenue": 6823000000.0,
        "Operating Revenue": 6255000000.0
    },
    "2024-03-31": {
        "Tax Effect Of Unusual Items": 2925000.0,
        "Tax Rate For Calcs": 0.225,
        "Normalized EBITDA": 155000000.0,
        "Total Unusual Items": 13000000.0,
        "Total Unusual Items Excluding Goodwill": 13000000.0,
        "Net Income From Continuing Operation Net Minority Interest": -231000000.0,
        "Reconciled Depreciation": 408000000.0,
        "Reconciled Cost Of Revenue": 5704000000.0,
        "EBITDA": 168000000.0,
        "EBIT": -240000000.0,
        "Net Interest Income": 83000000.0,
        "Interest Expense": 58000000.0,
        "Interest Income": 141000000.0,
        "Normalized Income": -241075000.0,
        "Net Income From Continuing And Discontinued Operation": -231000000.0,
        "Total Expenses": 6722000000.0,
        "Rent Expense Supplemental": 464000000.0,
        "Total Operating Income As Reported": -393000000.0,
        "Diluted Average Shares": 597000000.0,
        "Basic Average Shares": 597000000.0,
        "Diluted EPS": -0.39,
        "Basic EPS": -0.39,
        "Diluted NI Availto Com Stockholders": -231000000.0,
        "Net Income Common Stockholders": -231000000.0,
        "Otherunder Preferred Stock Dividend": NaN,
        "Net Income": -231000000.0,
        "Net Income Including Noncontrolling Interests": -231000000.0,
        "Net Income Continuous Operations": -231000000.0,
        "Tax Provision": -67000000.0,
        "Pretax Income": -298000000.0,
        "Other Income Expense": 12000000.0,
        "Other Non Operating Income Expenses": -1000000.0,
        "Special Income Charges": NaN,
        "Other Special Charges": NaN,
        "Gain On Sale Of Security": 13000000.0,
        "Net Non Operating Interest Income Expense": 83000000.0,
        "Interest Expense Non Operating": 58000000.0,
        "Interest Income Non Operating": 141000000.0,
        "Operating Income": -393000000.0,
        "Operating Expense": 1018000000.0,
        "Other Operating Expenses": 1018000000.0,
        "Gross Profit": 625000000.0,
        "Cost Of Revenue": 5704000000.0,
        "Total Revenue": 6329000000.0,
        "Operating Revenue": 5754000000.0
    }
}