{
    "2023-03-31": {
        "Tax Effect Of Unusual Items": -217140.0,
        "Tax Rate For Calcs": 0.21,
        "Normalized EBITDA": -1834000.0,
        "Total Unusual Items": -1034000.0,
        "Total Unusual Items Excluding Goodwill": -1034000.0,
        "Net Income From Continuing Operation Net Minority Interest": -5410000.0,
        "Reconciled Depreciation": 944000.0,
        "Reconciled Cost Of Revenue": 17595000.0,
        "EBITDA": -2868000.0,
        "EBIT": -3812000.0,
        "Net Interest Income": -1548000.0,
        "Interest Expense": 1548000.0,
        "Normalized Income": -4593140.0,
        "Net Income From Continuing And Discontinued Operation": -5410000.0,
        "Total Expenses": 26408000.0,
        "Total Operating Income As Reported": -860000.0,
        "Diluted Average Shares": 86848506.0,
        "Basic Average Shares": 86848506.0,
        "Diluted EPS": -0.06,
        "Basic EPS": -0.06,
        "Diluted NI Availto Com Stockholders": -5410000.0,
        "Net Income Common Stockholders": -5410000.0,
        "Net Income": -5410000.0,
        "Minority Interests": NaN,
        "Net Income Including Noncontrolling Interests": -5410000.0,
        "Net Income Continuous Operations": -5410000.0,
        "Tax Provision": 50000.0,
        "Pretax Income": -5360000.0,
        "Other Income Expense": -2952000.0,
        "Other Non Operating Income Expenses": -1918000.0,
        "Special Income Charges": -1034000.0,
        "Impairment Of Capital Assets": 0.0,
        "Net Non Operating Interest Income Expense": -1548000.0,
        "Interest Expense Non Operating": 1548000.0,
        "Operating Income": -860000.0,
        "Operating Expense": 8113000.0,
        "Depreciation Amortization Depletion Income Statement": 244000.0,
        "Depreciation And Amortization In Income Statement": 244000.0,
        "Amortization": 244000.0,
        "Amortization Of Intangibles Income Statement": 244000.0,
        "Depreciation Income Statement": NaN,
        "Research And Development": 1244000.0,
        "Selling General And Administration": 6625000.0,
        "Selling And Marketing Expense": 1968000.0,
        "General And Administrative Expense": 4657000.0,
        "Other Gand A": 4657000.0,
        "Salaries And Wages": NaN,
        "Gross Profit": 7253000.0,
        "Cost Of Revenue": 18295000.0,
        "Total Revenue": 25548000.0,
        "Operating Revenue": 25548000.0
    },
    "2022-12-31": {
        "Tax Effect Of Unusual Items": NaN,
        "Tax Rate For Calcs": NaN,
        "Normalized EBITDA": NaN,
        "Total Unusual Items": 0.0,
        "Total Unusual Items Excluding Goodwill": 0.0,
        "Net Income From Continuing Operation Net Minority Interest": NaN,
        "Reconciled Depreciation": NaN,
        "Reconciled Cost Of Revenue": NaN,
        "EBITDA": NaN,
        "EBIT": NaN,
        "Net Interest Income": NaN,
        "Interest Expense": NaN,
        "Normalized Income": NaN,
        "Net Income From Continuing And Discontinued Operation": NaN,
        "Total Expenses": NaN,
        "Total Operating Income As Reported": NaN,
        "Diluted Average Shares": 85585700.0,
        "Basic Average Shares": 85585700.0,
        "Diluted EPS": -0.04,
        "Basic EPS": -0.04,
        "Diluted NI Availto Com Stockholders": NaN,
        "Net Income Common Stockholders": NaN,
        "Net Income": NaN,
        "Minority Interests": 0.0,
        "Net Income Including Noncontrolling Interests": NaN,
        "Net Income Continuous Operations": NaN,
        "Tax Provision": NaN,
        "Pretax Income": NaN,
        "Other Income Expense": NaN,
        "Other Non Operating Income Expenses": NaN,
        "Special Income Charges": 0.0,
        "Impairment Of Capital Assets": 0.0,
        "Net Non Operating Interest Income Expense": NaN,
        "Interest Expense Non Operating": NaN,
        "Operating Income": NaN,
        "Operating Expense": NaN,
        "Depreciation Amortization Depletion Income Statement": NaN,
        "Depreciation And Amortization In Income Statement": NaN,
        "Amortization": NaN,
        "Amortization Of Intangibles Income Statement": NaN,
        "Depreciation Income Statement": NaN,
        "Research And Development": NaN,
        "Selling General And Administration": NaN,
        "Selling And Marketing Expense": NaN,
        "General And Administrative Expense": NaN,
        "Other Gand A": NaN,
        "Salaries And Wages": NaN,
        "Gross Profit": NaN,
        "Cost Of Revenue": NaN,
        "Total Revenue": NaN,
        "Operating Revenue": NaN
    },
    "2022-09-30": {
        "Tax Effect Of Unusual Items": NaN,
        "Tax Rate For Calcs": NaN,
        "Normalized EBITDA": NaN,
        "Total Unusual Items": -1356000.0,
        "Total Unusual Items Excluding Goodwill": -1356000.0,
        "Net Income From Continuing Operation Net Minority Interest": NaN,
        "Reconciled Depreciation": NaN,
        "Reconciled Cost Of Revenue": NaN,
        "EBITDA": NaN,
        "EBIT": NaN,
        "Net Interest Income": NaN,
        "Interest Expense": NaN,
        "Normalized Income": NaN,
        "Net Income From Continuing And Discontinued Operation": NaN,
        "Total Expenses": NaN,
        "Total Operating Income As Reported": NaN,
        "Diluted Average Shares": NaN,
        "Basic Average Shares": NaN,
        "Diluted EPS": NaN,
        "Basic EPS": NaN,
        "Diluted NI Availto Com Stockholders": NaN,
        "Net Income Common Stockholders": NaN,
        "Net Income": NaN,
        "Minority Interests": 0.0,
        "Net Income Including Noncontrolling Interests": NaN,
        "Net Income Continuous Operations": NaN,
        "Tax Provision": NaN,
        "Pretax Income": NaN,
        "Other Income Expense": NaN,
        "Other Non Operating Income Expenses": NaN,
        "Special Income Charges": -1356000.0,
        "Impairment Of Capital Assets": 1356000.0,
        "Net Non Operating Interest Income Expense": NaN,
        "Interest Expense Non Operating": NaN,
        "Operating Income": NaN,
        "Operating Expense": NaN,
        "Depreciation Amortization Depletion Income Statement": NaN,
        "Depreciation And Amortization In Income Statement": NaN,
        "Amortization": NaN,
        "Amortization Of Intangibles Income Statement": NaN,
        "Depreciation Income Statement": NaN,
        "Research And Development": NaN,
        "Selling General And Administration": NaN,
        "Selling And Marketing Expense": NaN,
        "General And Administrative Expense": NaN,
        "Other Gand A": NaN,
        "Salaries And Wages": NaN,
        "Gross Profit": NaN,
        "Cost Of Revenue": NaN,
        "Total Revenue": NaN,
        "Operating Revenue": NaN
    },
    "2022-06-30": {
        "Tax Effect Of Unusual Items": 0.0,
        "Tax Rate For Calcs": 0.4,
        "Normalized EBITDA": 3753000.0,
        "Total Unusual Items": 0.0,
        "Total Unusual Items Excluding Goodwill": 0.0,
        "Net Income From Continuing Operation Net Minority Interest": 1348000.0,
        "Reconciled Depreciation": 1411000.0,
        "Reconciled Cost Of Revenue": 15382000.0,
        "EBITDA": 3753000.0,
        "EBIT": 2342000.0,
        "Net Interest Income": -997000.0,
        "Interest Expense": 997000.0,
        "Normalized Income": 1348000.0,
        "Net Income From Continuing And Discontinued Operation": 1348000.0,
        "Total Expenses": 22985000.0,
        "Total Operating Income As Reported": 237000.0,
        "Diluted Average Shares": 82126622.0,
        "Basic Average Shares": 82072822.0,
        "Diluted EPS": 0.02,
        "Basic EPS": 0.02,
        "Diluted NI Availto Com Stockholders": 1348000.0,
        "Net Income Common Stockholders": 1348000.0,
        "Net Income": 1348000.0,
        "Net Income Including Noncontrolling Interests": 1348000.0,
        "Net Income Continuous Operations": 1348000.0,
        "Tax Provision": -3000.0,
        "Pretax Income": 1345000.0,
        "Other Income Expense": 2105000.0,
        "Other Non Operating Income Expenses": 2105000.0,
        "Special Income Charges": 0.0,
        "Other Special Charges": NaN,
        "Impairment Of Capital Assets": NaN,
        "Net Non Operating Interest Income Expense": -997000.0,
        "Interest Expense Non Operating": 997000.0,
        "Operating Income": 237000.0,
        "Operating Expense": 7603000.0,
        "Depreciation Amortization Depletion Income Statement": 1411000.0,
        "Depreciation And Amortization In Income Statement": 1411000.0,
        "Amortization": 1411000.0,
        "Amortization Of Intangibles Income Statement": 1411000.0,
        "Depreciation Income Statement": NaN,
        "Research And Development": 1617000.0,
        "Selling General And Administration": 4575000.0,
        "Selling And Marketing Expense": 2366000.0,
        "General And Administrative Expense": 2209000.0,
        "Other Gand A": 2209000.0,
        "Salaries And Wages": NaN,
        "Gross Profit": 7840000.0,
        "Cost Of Revenue": 15382000.0,
        "Total Revenue": 23222000.0,
        "Operating Revenue": 23222000.0
    },
    "2022-03-31": {
        "Diluted EPS": -0.12,
        "Total Revenue": 23,
        "Gross Profit": 5,
        "Operating Income": -8,
        "EBIT": -6,
        "Net Income": -9
    },
    "2021-12-31": {
        "Diluted EPS": -0.15,
        "Total Revenue": 33,
        "Gross Profit": 5,
        "Operating Income": -10,
        "EBIT": -7,
        "Net Income": -12
    },
    "2021-09-30": {
        "Diluted EPS": -0.19,
        "Total Revenue": 22,
        "Gross Profit": 6,
        "Operating Income": -10,
        "EBIT": -7,
        "Net Income": -15
    },
    "2021-06-30": {
        "Diluted EPS": -0.1,
        "Total Revenue": 39,
        "Gross Profit": 8,
        "Operating Income": -10,
        "EBIT": -7,
        "Net Income": -8
    },
    "2021-03-31": {
        "Diluted EPS": -0.21,
        "Total Revenue": 21,
        "Gross Profit": 5,
        "Operating Income": -9,
        "EBIT": -6,
        "Net Income": -15
    },
    "2020-12-31": {
        "Diluted EPS": -0.12,
        "Total Revenue": 19,
        "Gross Profit": 5,
        "Operating Income": -8,
        "EBIT": -5,
        "Net Income": -9
    },
    "2020-09-30": {
        "Diluted EPS": -0.15,
        "Total Revenue": 15,
        "Gross Profit": 4,
        "Operating Income": -7,
        "EBIT": -5,
        "Net Income": -10
    },
    "2020-06-30": {
        "Diluted EPS": -0.13,
        "Total Revenue": 11,
        "Gross Profit": 3,
        "Operating Income": -6,
        "EBIT": -3,
        "Net Income": -8
    },
    "2020-03-31": {
        "Diluted EPS": -0.14,
        "Total Revenue": 10,
        "Gross Profit": 2,
        "Operating Income": -8,
        "EBIT": -6,
        "Net Income": -9
    },
    "2019-12-31": {
        "Diluted EPS": -0.15,
        "Total Revenue": 10,
        "Gross Profit": 2,
        "Operating Income": -8,
        "EBIT": -6,
        "Net Income": -9
    },
    "2019-09-30": {
        "Diluted EPS": -0.19,
        "Total Revenue": 10,
        "Gross Profit": 1,
        "Operating Income": -10,
        "EBIT": -8,
        "Net Income": -11
    },
    "2019-06-30": {
        "Diluted EPS": -0.21,
        "Total Revenue": 9,
        "Gross Profit": 0,
        "Operating Income": -10,
        "EBIT": -8,
        "Net Income": -11
    },
    "2019-03-31": {
        "Diluted EPS": -0.19,
        "Total Revenue": 9,
        "Gross Profit": 2,
        "Operating Income": -9,
        "EBIT": -6,
        "Net Income": -10
    },
    "2018-12-31": {
        "Diluted EPS": -0.13,
        "Total Revenue": 9,
        "Gross Profit": 1,
        "Operating Income": -6,
        "EBIT": -5,
        "Net Income": -7
    },
    "2018-09-30": {
        "Diluted EPS": -0.2,
        "Total Revenue": 8,
        "Gross Profit": 0,
        "Operating Income": -10,
        "EBIT": -7,
        "Net Income": -10
    },
    "2018-06-30": {
        "Diluted EPS": -0.21,
        "Total Revenue": 8,
        "Gross Profit": -1,
        "Operating Income": -10,
        "EBIT": -7,
        "Net Income": -11
    },
    "2018-03-31": {
        "Diluted EPS": -0.2,
        "Total Revenue": 7,
        "Gross Profit": 2,
        "Operating Income": -7,
        "EBIT": -4,
        "Net Income": -10
    },
    "2017-12-31": {
        "Diluted EPS": -0.19,
        "Total Revenue": NaN,
        "Gross Profit": 0,
        "Operating Income": -3,
        "EBIT": -2,
        "Net Income": -7
    },
    "2017-09-30": {
        "Diluted EPS": -0.12,
        "Total Revenue": 0,
        "Gross Profit": 0,
        "Operating Income": -3,
        "EBIT": -2,
        "Net Income": -4
    },
    "2017-06-30": {
        "Diluted EPS": -0.08,
        "Total Revenue": NaN,
        "Gross Profit": 0,
        "Operating Income": -2,
        "EBIT": -1,
        "Net Income": -3
    },
    "2017-03-31": {
        "Diluted EPS": -0.19,
        "Total Revenue": NaN,
        "Gross Profit": NaN,
        "Operating Income": -2,
        "EBIT": -2,
        "Net Income": -6
    },
    "2016-12-31": {
        "Diluted EPS": -0.14,
        "Total Revenue": NaN,
        "Gross Profit": NaN,
        "Operating Income": -1,
        "EBIT": -2,
        "Net Income": -5
    },
    "2016-09-30": {
        "Diluted EPS": -0.05,
        "Total Revenue": 0,
        "Gross Profit": 0,
        "Operating Income": -1,
        "EBIT": -1,
        "Net Income": -2
    },
    "2016-06-30": {
        "Diluted EPS": -0.06,
        "Total Revenue": NaN,
        "Gross Profit": NaN,
        "Operating Income": -1,
        "EBIT": -1,
        "Net Income": -2
    },
    "2016-03-31": {
        "Diluted EPS": 0.01,
        "Total Revenue": NaN,
        "Gross Profit": NaN,
        "Operating Income": -1,
        "EBIT": -1,
        "Net Income": -1
    },
    "2015-12-31": {
        "Diluted EPS": -0.01,
        "Total Revenue": NaN,
        "Gross Profit": NaN,
        "Operating Income": 0,
        "EBIT": 0,
        "Net Income": 0
    },
    "2015-09-30": {
        "Diluted EPS": -0.06,
        "Total Revenue": NaN,
        "Gross Profit": NaN,
        "Operating Income": -2,
        "EBIT": -2,
        "Net Income": -2
    },
    "2015-06-30": {
        "Diluted EPS": -0.06,
        "Total Revenue": NaN,
        "Gross Profit": NaN,
        "Operating Income": -1,
        "EBIT": -1,
        "Net Income": -1
    },
    "2015-03-31": {
        "Diluted EPS": 0.0,
        "Total Revenue": NaN,
        "Gross Profit": NaN,
        "Operating Income": 5,
        "EBIT": 5,
        "Net Income": 0
    },
    "2014-12-31": {
        "Diluted EPS": -0.21,
        "Total Revenue": 2,
        "Gross Profit": 2,
        "Operating Income": 0,
        "EBIT": 0,
        "Net Income": -3
    },
    "2014-09-30": {
        "Diluted EPS": -0.06,
        "Total Revenue": 2,
        "Gross Profit": 1,
        "Operating Income": -1,
        "EBIT": -1,
        "Net Income": -1
    },
    "2014-06-30": {
        "Diluted EPS": -0.18,
        "Total Revenue": 2,
        "Gross Profit": 2,
        "Operating Income": -2,
        "EBIT": -2,
        "Net Income": -2
    },
    "2014-04-30": {
        "Diluted EPS": -0.51,
        "Total Revenue": NaN,
        "Gross Profit": NaN,
        "Operating Income": 1,
        "EBIT": 1,
        "Net Income": -2
    },
    "2014-03-31": {
        "Diluted EPS": 0.81,
        "Total Revenue": 2,
        "Gross Profit": 2,
        "Operating Income": 0,
        "EBIT": 0,
        "Net Income": 1
    },
    "2014-01-31": {
        "Diluted EPS": -0.33,
        "Total Revenue": NaN,
        "Gross Profit": NaN,
        "Operating Income": -1,
        "EBIT": -1,
        "Net Income": -1
    },
    "2013-12-31": {
        "Diluted EPS": -0.18,
        "Total Revenue": 2,
        "Gross Profit": 2,
        "Operating Income": 0,
        "EBIT": 0,
        "Net Income": 0
    },
    "2013-10-31": {
        "Diluted EPS": -0.27,
        "Total Revenue": NaN,
        "Gross Profit": NaN,
        "Operating Income": -1,
        "EBIT": -1,
        "Net Income": -1
    },
    "2013-09-30": {
        "Diluted EPS": -0.18,
        "Total Revenue": 1,
        "Gross Profit": 1,
        "Operating Income": 0,
        "EBIT": 0,
        "Net Income": 0
    },
    "2013-07-31": {
        "Diluted EPS": -0.18,
        "Total Revenue": NaN,
        "Gross Profit": NaN,
        "Operating Income": 0,
        "EBIT": 0,
        "Net Income": 0
    },
    "2013-06-30": {
        "Diluted EPS": 0.03,
        "Total Revenue": 2,
        "Gross Profit": 1,
        "Operating Income": 0,
        "EBIT": 0,
        "Net Income": 0
    },
    "2013-04-30": {
        "Diluted EPS": -0.27,
        "Total Revenue": NaN,
        "Gross Profit": NaN,
        "Operating Income": NaN,
        "EBIT": NaN,
        "Net Income": NaN
    },
    "2013-03-31": {
        "Diluted EPS": 0.0,
        "Total Revenue": NaN,
        "Gross Profit": NaN,
        "Operating Income": 0,
        "EBIT": 0,
        "Net Income": 0
    },
    "2013-01-31": {
        "Diluted EPS": -0.24,
        "Total Revenue": NaN,
        "Gross Profit": NaN,
        "Operating Income": 0,
        "EBIT": 0,
        "Net Income": 0
    },
    "2012-12-31": {
        "Diluted EPS": 0.0,
        "Total Revenue": NaN,
        "Gross Profit": NaN,
        "Operating Income": 0,
        "EBIT": 0,
        "Net Income": 0
    },
    "2012-10-31": {
        "Diluted EPS": -0.15,
        "Total Revenue": NaN,
        "Gross Profit": NaN,
        "Operating Income": 0,
        "EBIT": 0,
        "Net Income": 0
    },
    "2012-09-30": {
        "Diluted EPS": 0.0,
        "Total Revenue": NaN,
        "Gross Profit": NaN,
        "Operating Income": 0,
        "EBIT": 0,
        "Net Income": 0
    },
    "2012-07-31": {
        "Diluted EPS": -0.12,
        "Total Revenue": NaN,
        "Gross Profit": NaN,
        "Operating Income": 0,
        "EBIT": 0,
        "Net Income": 0
    },
    "2012-06-30": {
        "Diluted EPS": 0.0,
        "Total Revenue": NaN,
        "Gross Profit": NaN,
        "Operating Income": 0,
        "EBIT": 0,
        "Net Income": 0
    },
    "2012-03-31": {
        "Diluted EPS": 0.0,
        "Total Revenue": NaN,
        "Gross Profit": NaN,
        "Operating Income": NaN,
        "EBIT": NaN,
        "Net Income": NaN
    },
    "2023-06-30": {
        "Tax Effect Of Unusual Items": 0.0,
        "Tax Rate For Calcs": 0.21,
        "Normalized EBITDA": 2037000.0,
        "Total Unusual Items": 0.0,
        "Total Unusual Items Excluding Goodwill": 0.0,
        "Net Income From Continuing Operation Net Minority Interest": -515000.0,
        "Reconciled Depreciation": 1055000.0,
        "Reconciled Cost Of Revenue": 18754000.0,
        "EBITDA": 2037000.0,
        "EBIT": 982000.0,
        "Net Interest Income": -1418000.0,
        "Interest Expense": 1418000.0,
        "Normalized Income": -515000.0,
        "Net Income From Continuing And Discontinued Operation": -515000.0,
        "Total Expenses": 28022000.0,
        "Total Operating Income As Reported": -255000.0,
        "Diluted Average Shares": 86895208.0,
        "Basic Average Shares": 86895208.0,
        "Diluted EPS": -0.01,
        "Basic EPS": -0.01,
        "Diluted NI Availto Com Stockholders": -515000.0,
        "Net Income Common Stockholders": -515000.0,
        "Otherunder Preferred Stock Dividend": 0.0,
        "Preferred Stock Dividends": NaN,
        "Net Income": -515000.0,
        "Minority Interests": 0.0,
        "Net Income Including Noncontrolling Interests": -515000.0,
        "Net Income Continuous Operations": -515000.0,
        "Tax Provision": 79000.0,
        "Pretax Income": -436000.0,
        "Other Income Expense": 1237000.0,
        "Other Non Operating Income Expenses": 1237000.0,
        "Special Income Charges": 0.0,
        "Impairment Of Capital Assets": 0.0,
        "Net Non Operating Interest Income Expense": -1418000.0,
        "Interest Expense Non Operating": 1418000.0,
        "Operating Income": -255000.0,
        "Operating Expense": 8459000.0,
        "Depreciation Amortization Depletion Income Statement": 246000.0,
        "Depreciation And Amortization In Income Statement": 246000.0,
        "Amortization": 246000.0,
        "Amortization Of Intangibles Income Statement": 246000.0,
        "Depreciation Income Statement": 331000.0,
        "Research And Development": 1246000.0,
        "Selling General And Administration": 6967000.0,
        "Selling And Marketing Expense": 1904000.0,
        "General And Administrative Expense": 5063000.0,
        "Other Gand A": 5063000.0,
        "Salaries And Wages": 554000.0,
        "Gross Profit": 8204000.0,
        "Cost Of Revenue": 19563000.0,
        "Total Revenue": 27767000.0,
        "Operating Revenue": 27767000.0
    },
    "2023-09-30": {
        "Tax Effect Of Unusual Items": 0.0,
        "Tax Rate For Calcs": 0.002642,
        "Normalized EBITDA": -5925000.0,
        "Total Unusual Items": 0.0,
        "Total Unusual Items Excluding Goodwill": 0.0,
        "Net Income From Continuing Operation Net Minority Interest": -7580000.0,
        "Reconciled Depreciation": 1243000.0,
        "Reconciled Cost Of Revenue": 19756000.0,
        "EBITDA": -5925000.0,
        "EBIT": -7168000.0,
        "Net Interest Income": -780000.0,
        "Interest Expense": 780000.0,
        "Normalized Income": -7580000.0,
        "Net Income From Continuing And Discontinued Operation": -7580000.0,
        "Total Expenses": 31043000.0,
        "Total Operating Income As Reported": -2515000.0,
        "Diluted Average Shares": 87485495.0,
        "Basic Average Shares": 87485495.0,
        "Diluted EPS": -0.04,
        "Basic EPS": -0.04,
        "Diluted NI Availto Com Stockholders": -7580000.0,
        "Net Income Common Stockholders": -7580000.0,
        "Otherunder Preferred Stock Dividend": NaN,
        "Preferred Stock Dividends": NaN,
        "Net Income": -7580000.0,
        "Minority Interests": 347000.0,
        "Net Income Including Noncontrolling Interests": -7927000.0,
        "Net Income Continuous Operations": -7927000.0,
        "Tax Provision": -21000.0,
        "Pretax Income": -7948000.0,
        "Other Income Expense": -4653000.0,
        "Other Non Operating Income Expenses": -4653000.0,
        "Special Income Charges": 0.0,
        "Impairment Of Capital Assets": 0.0,
        "Net Non Operating Interest Income Expense": -780000.0,
        "Interest Expense Non Operating": 780000.0,
        "Operating Income": -2515000.0,
        "Operating Expense": 10496000.0,
        "Depreciation Amortization Depletion Income Statement": 452000.0,
        "Depreciation And Amortization In Income Statement": 452000.0,
        "Amortization": 452000.0,
        "Amortization Of Intangibles Income Statement": 452000.0,
        "Depreciation Income Statement": NaN,
        "Research And Development": 1439000.0,
        "Selling General And Administration": 8605000.0,
        "Selling And Marketing Expense": 2253000.0,
        "General And Administrative Expense": 6352000.0,
        "Other Gand A": 6352000.0,
        "Salaries And Wages": NaN,
        "Gross Profit": 7981000.0,
        "Cost Of Revenue": 20547000.0,
        "Total Revenue": 28528000.0,
        "Operating Revenue": 28528000.0
    },
    "2023-12-31": {
        "Tax Effect Of Unusual Items": -770.433229,
        "Tax Rate For Calcs": 0.006699,
        "Normalized EBITDA": 525000.0,
        "Total Unusual Items": -115000.0,
        "Total Unusual Items Excluding Goodwill": -115000.0,
        "Net Income From Continuing Operation Net Minority Interest": -1574000.0,
        "Reconciled Depreciation": 1370000.0,
        "Reconciled Cost Of Revenue": 22425000.0,
        "EBITDA": 410000.0,
        "EBIT": -960000.0,
        "Net Interest Income": -1279000.0,
        "Interest Expense": 1279000.0,
        "Normalized Income": -1459770.433229,
        "Net Income From Continuing And Discontinued Operation": -1574000.0,
        "Total Expenses": 31883000.0,
        "Total Operating Income As Reported": -753000.0,
        "Diluted Average Shares": 87745892.0,
        "Basic Average Shares": 87745892.0,
        "Diluted EPS": -0.03,
        "Basic EPS": -0.03,
        "Diluted NI Availto Com Stockholders": -1574000.0,
        "Net Income Common Stockholders": -1574000.0,
        "Otherunder Preferred Stock Dividend": NaN,
        "Preferred Stock Dividends": NaN,
        "Net Income": -1574000.0,
        "Minority Interests": 650000.0,
        "Net Income Including Noncontrolling Interests": -2224000.0,
        "Net Income Continuous Operations": -2224000.0,
        "Tax Provision": -15000.0,
        "Pretax Income": -2239000.0,
        "Other Income Expense": -322000.0,
        "Other Non Operating Income Expenses": -207000.0,
        "Special Income Charges": -115000.0,
        "Impairment Of Capital Assets": 115000.0,
        "Net Non Operating Interest Income Expense": -1279000.0,
        "Interest Expense Non Operating": 1279000.0,
        "Operating Income": -638000.0,
        "Operating Expense": 8616000.0,
        "Depreciation Amortization Depletion Income Statement": 528000.0,
        "Depreciation And Amortization In Income Statement": 528000.0,
        "Amortization": 528000.0,
        "Amortization Of Intangibles Income Statement": 528000.0,
        "Depreciation Income Statement": NaN,
        "Research And Development": 694000.0,
        "Selling General And Administration": 7394000.0,
        "Selling And Marketing Expense": 1514000.0,
        "General And Administrative Expense": 5880000.0,
        "Other Gand A": 5880000.0,
        "Salaries And Wages": NaN,
        "Gross Profit": 7978000.0,
        "Cost Of Revenue": 23267000.0,
        "Total Revenue": 31245000.0,
        "Operating Revenue": 31245000.0
    },
    "2024-03-31": {
        "Tax Effect Of Unusual Items": 0.0,
        "Tax Rate For Calcs": 0.21,
        "Normalized EBITDA": -242000.0,
        "Total Unusual Items": 0.0,
        "Total Unusual Items Excluding Goodwill": 0.0,
        "Net Income From Continuing Operation Net Minority Interest": -2297000.0,
        "Reconciled Depreciation": 1439000.0,
        "Reconciled Cost Of Revenue": 22525000.0,
        "EBITDA": -242000.0,
        "EBIT": -1681000.0,
        "Net Interest Income": -889000.0,
        "Interest Expense": 889000.0,
        "Normalized Income": -2297000.0,
        "Net Income From Continuing And Discontinued Operation": -2297000.0,
        "Total Expenses": 32060000.0,
        "Total Operating Income As Reported": -1161000.0,
        "Diluted Average Shares": 88390853.0,
        "Basic Average Shares": 88390853.0,
        "Diluted EPS": -0.03,
        "Basic EPS": -0.03,
        "Diluted NI Availto Com Stockholders": -5046000.0,
        "Net Income Common Stockholders": -5046000.0,
        "Otherunder Preferred Stock Dividend": NaN,
        "Preferred Stock Dividends": NaN,
        "Net Income": -2297000.0,
        "Minority Interests": 348000.0,
        "Net Income Including Noncontrolling Interests": -2645000.0,
        "Net Income Continuous Operations": -2645000.0,
        "Tax Provision": 75000.0,
        "Pretax Income": -2570000.0,
        "Other Income Expense": -520000.0,
        "Other Non Operating Income Expenses": -520000.0,
        "Special Income Charges": 0.0,
        "Impairment Of Capital Assets": 0.0,
        "Net Non Operating Interest Income Expense": -889000.0,
        "Interest Expense Non Operating": 889000.0,
        "Operating Income": -1161000.0,
        "Operating Expense": 8684000.0,
        "Depreciation Amortization Depletion Income Statement": 588000.0,
        "Depreciation And Amortization In Income Statement": 588000.0,
        "Amortization": 588000.0,
        "Amortization Of Intangibles Income Statement": 588000.0,
        "Depreciation Income Statement": NaN,
        "Research And Development": 1302000.0,
        "Selling General And Administration": 6794000.0,
        "Selling And Marketing Expense": 2167000.0,
        "General And Administrative Expense": 4627000.0,
        "Other Gand A": 4627000.0,
        "Salaries And Wages": NaN,
        "Gross Profit": 7523000.0,
        "Cost Of Revenue": 23376000.0,
        "Total Revenue": 30899000.0,
        "Operating Revenue": 30899000.0
    },
    "2024-06-30": {
        "Tax Effect Of Unusual Items": -36960.0,
        "Tax Rate For Calcs": 0.21,
        "Normalized EBITDA": 939000.0,
        "Total Unusual Items": -176000.0,
        "Total Unusual Items Excluding Goodwill": -176000.0,
        "Net Income From Continuing Operation Net Minority Interest": -1169000.0,
        "Reconciled Depreciation": 1412000.0,
        "Reconciled Cost Of Revenue": 24267000.0,
        "EBITDA": 763000.0,
        "EBIT": -649000.0,
        "Net Interest Income": -859000.0,
        "Interest Expense": 859000.0,
        "Normalized Income": -1029960.0,
        "Net Income From Continuing And Discontinued Operation": -1169000.0,
        "Total Expenses": 33686000.0,
        "Total Operating Income As Reported": -784000.0,
        "Diluted Average Shares": 98419692.0,
        "Basic Average Shares": 98419692.0,
        "Diluted EPS": -0.02,
        "Basic EPS": -0.02,
        "Diluted NI Availto Com Stockholders": -1863000.0,
        "Net Income Common Stockholders": -1863000.0,
        "Otherunder Preferred Stock Dividend": 378000.0,
        "Preferred Stock Dividends": 316000.0,
        "Net Income": -1169000.0,
        "Minority Interests": 388000.0,
        "Net Income Including Noncontrolling Interests": -1557000.0,
        "Net Income Continuous Operations": -1557000.0,
        "Tax Provision": 49000.0,
        "Pretax Income": -1508000.0,
        "Other Income Expense": -41000.0,
        "Other Non Operating Income Expenses": 135000.0,
        "Special Income Charges": -176000.0,
        "Impairment Of Capital Assets": 176000.0,
        "Net Non Operating Interest Income Expense": -859000.0,
        "Interest Expense Non Operating": 859000.0,
        "Operating Income": -608000.0,
        "Operating Expense": 8599000.0,
        "Depreciation Amortization Depletion Income Statement": 592000.0,
        "Depreciation And Amortization In Income Statement": 592000.0,
        "Amortization": 592000.0,
        "Amortization Of Intangibles Income Statement": 592000.0,
        "Depreciation Income Statement": NaN,
        "Research And Development": 1071000.0,
        "Selling General And Administration": 6936000.0,
        "Selling And Marketing Expense": 1431000.0,
        "General And Administrative Expense": 5505000.0,
        "Other Gand A": 5505000.0,
        "Salaries And Wages": NaN,
        "Gross Profit": 7991000.0,
        "Cost Of Revenue": 25087000.0,
        "Total Revenue": 33078000.0,
        "Operating Revenue": 33078000.0
    }
}