{
    "2023-06-30": {
        "Tax Effect Of Unusual Items": -472000.0,
        "Tax Rate For Calcs": 0.118,
        "Normalized EBITDA": 933000000.0,
        "Total Unusual Items": -4000000.0,
        "Total Unusual Items Excluding Goodwill": -4000000.0,
        "Net Income From Continuing Operation Net Minority Interest": 312000000.0,
        "Reconciled Depreciation": 302000000.0,
        "Reconciled Cost Of Revenue": 1293000000.0,
        "EBITDA": 929000000.0,
        "EBIT": 627000000.0,
        "Net Interest Income": -134000000.0,
        "Interest Expense": 210000000.0,
        "Interest Income": 76000000.0,
        "Normalized Income": 315528000.0,
        "Net Income From Continuing And Discontinued Operation": 312000000.0,
        "Total Expenses": 2001000000.0,
        "Total Operating Income As Reported": 537000000.0,
        "Diluted Average Shares": 767000000.0,
        "Basic Average Shares": 764000000.0,
        "Diluted EPS": 0.41,
        "Basic EPS": 0.41,
        "Diluted NI Availto Com Stockholders": 312000000.0,
        "Net Income Common Stockholders": 312000000.0,
        "Net Income": 312000000.0,
        "Minority Interests": -56000000.0,
        "Net Income Including Noncontrolling Interests": 368000000.0,
        "Net Income Discontinuous Operations": 0.0,
        "Net Income Continuous Operations": 368000000.0,
        "Tax Provision": 49000000.0,
        "Pretax Income": 417000000.0,
        "Other Income Expense": 10000000.0,
        "Other Non Operating Income Expenses": 14000000.0,
        "Special Income Charges": -4000000.0,
        "Gain On Sale Of Ppe": -4000000.0,
        "Net Non Operating Interest Income Expense": -134000000.0,
        "Interest Expense Non Operating": 210000000.0,
        "Interest Income Non Operating": 76000000.0,
        "Operating Income": 541000000.0,
        "Operating Expense": 708000000.0,
        "Other Operating Expenses": 68000000.0,
        "Provision For Doubtful Accounts": 5000000.0,
        "Depreciation Amortization Depletion Income Statement": 302000000.0,
        "Depreciation And Amortization In Income Statement": 302000000.0,
        "Depreciation Income Statement": 302000000.0,
        "Research And Development": 54000000.0,
        "Selling General And Administration": 279000000.0,
        "General And Administrative Expense": 279000000.0,
        "Other Gand A": 279000000.0,
        "Gross Profit": 1249000000.0,
        "Cost Of Revenue": 1293000000.0,
        "Total Revenue": 2542000000.0,
        "Operating Revenue": 2542000000.0
    },
    "2023-03-31": {
        "Tax Effect Of Unusual Items": -3584000.0,
        "Tax Rate For Calcs": 0.256,
        "Normalized EBITDA": 715000000.0,
        "Total Unusual Items": -14000000.0,
        "Total Unusual Items Excluding Goodwill": -14000000.0,
        "Net Income From Continuing Operation Net Minority Interest": 147000000.0,
        "Reconciled Depreciation": 288000000.0,
        "Reconciled Cost Of Revenue": 1094000000.0,
        "EBITDA": 701000000.0,
        "EBIT": 413000000.0,
        "Net Interest Income": -148000000.0,
        "Interest Expense": 218000000.0,
        "Interest Income": 70000000.0,
        "Normalized Income": 157416000.0,
        "Net Income From Continuing And Discontinued Operation": 147000000.0,
        "Total Expenses": 1728000000.0,
        "Total Operating Income As Reported": 378000000.0,
        "Diluted Average Shares": 766000000.0,
        "Basic Average Shares": 764000000.0,
        "Diluted EPS": 0.19,
        "Basic EPS": 0.19,
        "Diluted NI Availto Com Stockholders": 147000000.0,
        "Net Income Common Stockholders": 147000000.0,
        "Net Income": 147000000.0,
        "Minority Interests": 2000000.0,
        "Net Income Including Noncontrolling Interests": 145000000.0,
        "Net Income Discontinuous Operations": 0.0,
        "Net Income Continuous Operations": 145000000.0,
        "Tax Provision": 50000000.0,
        "Pretax Income": 195000000.0,
        "Other Income Expense": -49000000.0,
        "Other Non Operating Income Expenses": -35000000.0,
        "Special Income Charges": -14000000.0,
        "Gain On Sale Of Ppe": -14000000.0,
        "Net Non Operating Interest Income Expense": -148000000.0,
        "Interest Expense Non Operating": 218000000.0,
        "Interest Income Non Operating": 70000000.0,
        "Operating Income": 392000000.0,
        "Operating Expense": 634000000.0,
        "Other Operating Expenses": 59000000.0,
        "Provision For Doubtful Accounts": -6000000.0,
        "Depreciation Amortization Depletion Income Statement": 288000000.0,
        "Depreciation And Amortization In Income Statement": 288000000.0,
        "Depreciation Income Statement": 288000000.0,
        "Research And Development": 42000000.0,
        "Selling General And Administration": 251000000.0,
        "General And Administrative Expense": 251000000.0,
        "Other Gand A": 251000000.0,
        "Gross Profit": 1026000000.0,
        "Cost Of Revenue": 1094000000.0,
        "Total Revenue": 2120000000.0,
        "Operating Revenue": 2120000000.0
    },
    "2022-12-31": {
        "Tax Effect Of Unusual Items": NaN,
        "Tax Rate For Calcs": NaN,
        "Normalized EBITDA": NaN,
        "Total Unusual Items": NaN,
        "Total Unusual Items Excluding Goodwill": NaN,
        "Net Income From Continuing Operation Net Minority Interest": NaN,
        "Reconciled Depreciation": NaN,
        "Reconciled Cost Of Revenue": NaN,
        "EBITDA": NaN,
        "EBIT": NaN,
        "Net Interest Income": NaN,
        "Interest Expense": NaN,
        "Interest Income": NaN,
        "Normalized Income": NaN,
        "Net Income From Continuing And Discontinued Operation": NaN,
        "Total Expenses": NaN,
        "Total Operating Income As Reported": NaN,
        "Diluted Average Shares": NaN,
        "Basic Average Shares": NaN,
        "Diluted EPS": NaN,
        "Basic EPS": NaN,
        "Diluted NI Availto Com Stockholders": NaN,
        "Net Income Common Stockholders": NaN,
        "Net Income": NaN,
        "Minority Interests": NaN,
        "Net Income Including Noncontrolling Interests": NaN,
        "Net Income Discontinuous Operations": -5000000.0,
        "Net Income Continuous Operations": NaN,
        "Tax Provision": NaN,
        "Pretax Income": NaN,
        "Other Income Expense": 19000000.0,
        "Other Non Operating Income Expenses": NaN,
        "Special Income Charges": NaN,
        "Gain On Sale Of Ppe": NaN,
        "Net Non Operating Interest Income Expense": NaN,
        "Interest Expense Non Operating": NaN,
        "Interest Income Non Operating": NaN,
        "Operating Income": NaN,
        "Operating Expense": NaN,
        "Other Operating Expenses": NaN,
        "Provision For Doubtful Accounts": NaN,
        "Depreciation Amortization Depletion Income Statement": NaN,
        "Depreciation And Amortization In Income Statement": NaN,
        "Depreciation Income Statement": NaN,
        "Research And Development": NaN,
        "Selling General And Administration": NaN,
        "General And Administrative Expense": NaN,
        "Other Gand A": NaN,
        "Gross Profit": NaN,
        "Cost Of Revenue": NaN,
        "Total Revenue": NaN,
        "Operating Revenue": NaN
    },
    "2022-09-30": {
        "Tax Effect Of Unusual Items": -420000.0,
        "Tax Rate For Calcs": 0.21,
        "Normalized EBITDA": 139000000.0,
        "Total Unusual Items": -2000000.0,
        "Total Unusual Items Excluding Goodwill": -2000000.0,
        "Net Income From Continuing Operation Net Minority Interest": -238000000.0,
        "Reconciled Depreciation": 274000000.0,
        "Reconciled Cost Of Revenue": 577000000.0,
        "EBITDA": 137000000.0,
        "EBIT": -137000000.0,
        "Net Interest Income": -145000000.0,
        "Interest Expense": 183000000.0,
        "Interest Income": 38000000.0,
        "Normalized Income": -236420000.0,
        "Net Income From Continuing And Discontinued Operation": -239000000.0,
        "Total Expenses": 1180000000.0,
        "Total Operating Income As Reported": -177000000.0,
        "Diluted Average Shares": 764000000.0,
        "Basic Average Shares": 764000000.0,
        "Diluted EPS": -0.31,
        "Basic EPS": -0.31,
        "Diluted NI Availto Com Stockholders": -239000000.0,
        "Net Income Common Stockholders": -239000000.0,
        "Net Income": -239000000.0,
        "Minority Interests": 142000000.0,
        "Net Income Including Noncontrolling Interests": -381000000.0,
        "Net Income Discontinuous Operations": -1000000.0,
        "Net Income Continuous Operations": -380000000.0,
        "Tax Provision": 60000000.0,
        "Pretax Income": -320000000.0,
        "Other Income Expense": NaN,
        "Other Non Operating Income Expenses": 2000000.0,
        "Special Income Charges": -2000000.0,
        "Gain On Sale Of Ppe": -2000000.0,
        "Net Non Operating Interest Income Expense": -145000000.0,
        "Interest Expense Non Operating": 183000000.0,
        "Interest Income Non Operating": 38000000.0,
        "Operating Income": -175000000.0,
        "Operating Expense": 1180000000.0,
        "Other Operating Expenses": 57000000.0,
        "Provision For Doubtful Accounts": 8000000.0,
        "Depreciation Amortization Depletion Income Statement": 274000000.0,
        "Depreciation And Amortization In Income Statement": 274000000.0,
        "Depreciation Income Statement": 274000000.0,
        "Research And Development": 26000000.0,
        "Selling General And Administration": 823000000.0,
        "General And Administrative Expense": 823000000.0,
        "Other Gand A": 823000000.0,
        "Gross Profit": 428000000.0,
        "Cost Of Revenue": 577000000.0,
        "Total Revenue": 1005000000.0,
        "Operating Revenue": 1005000000.0
    },
    "2022-06-30": {
        "Tax Effect Of Unusual Items": 0.0,
        "Tax Rate For Calcs": 0.4,
        "Normalized EBITDA": 128000000.0,
        "Total Unusual Items": 0.0,
        "Total Unusual Items Excluding Goodwill": 0.0,
        "Net Income From Continuing Operation Net Minority Interest": -287000000.0,
        "Reconciled Depreciation": 270000000.0,
        "Reconciled Cost Of Revenue": 602000000.0,
        "EBITDA": 128000000.0,
        "EBIT": -142000000.0,
        "Net Interest Income": -148000000.0,
        "Interest Expense": 162000000.0,
        "Interest Income": 14000000.0,
        "Normalized Income": -287000000.0,
        "Net Income From Continuing And Discontinued Operation": -290000000.0,
        "Total Expenses": 1192000000.0,
        "Total Operating Income As Reported": -147000000.0,
        "Diluted Average Shares": 764000000.0,
        "Basic Average Shares": 764000000.0,
        "Diluted EPS": -0.38,
        "Basic EPS": -0.38,
        "Diluted NI Availto Com Stockholders": -290000000.0,
        "Net Income Common Stockholders": -290000000.0,
        "Net Income": -290000000.0,
        "Minority Interests": 127000000.0,
        "Net Income Including Noncontrolling Interests": -417000000.0,
        "Net Income Discontinuous Operations": -3000000.0,
        "Net Income Continuous Operations": -414000000.0,
        "Tax Provision": 110000000.0,
        "Pretax Income": -304000000.0,
        "Other Income Expense": -9000000.0,
        "Other Non Operating Income Expenses": -9000000.0,
        "Special Income Charges": 0.0,
        "Gain On Sale Of Ppe": 0.0,
        "Net Non Operating Interest Income Expense": -148000000.0,
        "Interest Expense Non Operating": 162000000.0,
        "Interest Income Non Operating": 14000000.0,
        "Operating Income": -147000000.0,
        "Operating Expense": 1192000000.0,
        "Other Operating Expenses": 3000000.0,
        "Provision For Doubtful Accounts": 2000000.0,
        "Depreciation Amortization Depletion Income Statement": 270000000.0,
        "Depreciation And Amortization In Income Statement": 270000000.0,
        "Depreciation Income Statement": 270000000.0,
        "Research And Development": 22000000.0,
        "Selling General And Administration": 897000000.0,
        "General And Administrative Expense": 897000000.0,
        "Other Gand A": 897000000.0,
        "Gross Profit": 443000000.0,
        "Cost Of Revenue": 602000000.0,
        "Total Revenue": 1045000000.0,
        "Operating Revenue": 1045000000.0
    },
    "2022-03-31": {
        "Diluted EPS": 3.31,
        "Total Revenue": 943,
        "Gross Profit": 327,
        "Operating Income": -302,
        "EBIT": -10,
        "Net Income": NaN
    },
    "2021-12-31": {
        "Diluted EPS": -0.17,
        "Total Revenue": NaN,
        "Gross Profit": 405,
        "Operating Income": -138,
        "EBIT": 156,
        "Net Income": -123
    },
    "2021-09-30": {
        "Diluted EPS": -0.48,
        "Total Revenue": 857,
        "Gross Profit": 273,
        "Operating Income": -316,
        "EBIT": -27,
        "Net Income": -368
    },
    "2021-06-30": {
        "Diluted EPS": -0.25,
        "Total Revenue": NaN,
        "Gross Profit": 462,
        "Operating Income": -139,
        "EBIT": 146,
        "Net Income": -192
    },
    "2021-03-31": {
        "Diluted EPS": -0.36,
        "Total Revenue": NaN,
        "Gross Profit": 468,
        "Operating Income": -96,
        "EBIT": 185,
        "Net Income": -278
    },
    "2020-12-31": {
        "Diluted EPS": -0.4,
        "Total Revenue": NaN,
        "Gross Profit": 403,
        "Operating Income": -119,
        "EBIT": 158,
        "Net Income": -299
    },
    "2020-09-30": {
        "Diluted EPS": -0.74,
        "Total Revenue": 446,
        "Gross Profit": 55,
        "Operating Income": -523,
        "EBIT": -249,
        "Net Income": -565
    },
    "2020-06-30": {
        "Diluted EPS": -1.07,
        "Total Revenue": 62,
        "Gross Profit": -226,
        "Operating Income": -757,
        "EBIT": -490,
        "Net Income": -820
    },
    "2020-03-31": {
        "Diluted EPS": -0.0,
        "Total Revenue": NaN,
        "Gross Profit": 589,
        "Operating Income": 6,
        "EBIT": 283,
        "Net Income": -1
    },
    "2019-12-31": {
        "Diluted EPS": 0.82,
        "Total Revenue": NaN,
        "Gross Profit": 913,
        "Operating Income": 601,
        "EBIT": 771,
        "Net Income": 629
    },
    "2019-09-30": {
        "Diluted EPS": 0.69,
        "Total Revenue": NaN,
        "Gross Profit": NaN,
        "Operating Income": 899,
        "EBIT": NaN,
        "Net Income": 533
    },
    "2019-06-30": {
        "Diluted EPS": 1.24,
        "Total Revenue": NaN,
        "Gross Profit": NaN,
        "Operating Income": 894,
        "EBIT": NaN,
        "Net Income": 954
    },
    "2019-03-31": {
        "Diluted EPS": 0.75,
        "Total Revenue": NaN,
        "Gross Profit": NaN,
        "Operating Income": 971,
        "EBIT": NaN,
        "Net Income": 582
    },
    "2018-12-31": {
        "Diluted EPS": -0.2,
        "Total Revenue": NaN,
        "Gross Profit": NaN,
        "Operating Income": 874,
        "EBIT": NaN,
        "Net Income": -170
    },
    "2018-09-30": {
        "Diluted EPS": 0.73,
        "Total Revenue": NaN,
        "Gross Profit": NaN,
        "Operating Income": 922,
        "EBIT": NaN,
        "Net Income": 571
    },
    "2018-06-30": {
        "Diluted EPS": 0.7,
        "Total Revenue": NaN,
        "Gross Profit": NaN,
        "Operating Income": 797,
        "EBIT": NaN,
        "Net Income": 556
    },
    "2018-03-31": {
        "Diluted EPS": 1.84,
        "Total Revenue": NaN,
        "Gross Profit": NaN,
        "Operating Income": NaN,
        "EBIT": NaN,
        "Net Income": NaN
    },
    "2017-12-31": {
        "Diluted EPS": 1.53,
        "Total Revenue": NaN,
        "Gross Profit": NaN,
        "Operating Income": NaN,
        "EBIT": NaN,
        "Net Income": NaN
    },
    "2017-09-30": {
        "Diluted EPS": 0.72,
        "Total Revenue": NaN,
        "Gross Profit": NaN,
        "Operating Income": 855,
        "EBIT": NaN,
        "Net Income": 569
    },
    "2017-06-30": {
        "Diluted EPS": 0.69,
        "Total Revenue": NaN,
        "Gross Profit": NaN,
        "Operating Income": 817,
        "EBIT": NaN,
        "Net Income": 546
    },
    "2017-03-31": {
        "Diluted EPS": 0.61,
        "Total Revenue": NaN,
        "Gross Profit": NaN,
        "Operating Income": 764,
        "EBIT": NaN,
        "Net Income": 481
    },
    "2016-12-31": {
        "Diluted EPS": 0.65,
        "Total Revenue": NaN,
        "Gross Profit": NaN,
        "Operating Income": 678,
        "EBIT": NaN,
        "Net Income": 518
    },
    "2016-09-30": {
        "Diluted EPS": 0.65,
        "Total Revenue": NaN,
        "Gross Profit": NaN,
        "Operating Income": 720,
        "EBIT": NaN,
        "Net Income": 513
    },
    "2016-06-30": {
        "Diluted EPS": 0.41,
        "Total Revenue": NaN,
        "Gross Profit": NaN,
        "Operating Income": 518,
        "EBIT": 792,
        "Net Income": 328
    },
    "2016-03-31": {
        "Diluted EPS": 0.4,
        "Total Revenue": NaN,
        "Gross Profit": NaN,
        "Operating Income": 586,
        "EBIT": 866,
        "Net Income": 320
    },
    "2015-12-31": {
        "Diluted EPS": 0.59,
        "Total Revenue": NaN,
        "Gross Profit": NaN,
        "Operating Income": 702,
        "EBIT": 970,
        "Net Income": 466
    },
    "2015-09-30": {
        "Diluted EPS": 0.65,
        "Total Revenue": NaN,
        "Gross Profit": NaN,
        "Operating Income": 739,
        "EBIT": NaN,
        "Net Income": 519
    },
    "2015-06-30": {
        "Diluted EPS": 0.59,
        "Total Revenue": NaN,
        "Gross Profit": NaN,
        "Operating Income": 689,
        "EBIT": 957,
        "Net Income": 469
    },
    "2015-03-31": {
        "Diluted EPS": 0.64,
        "Total Revenue": NaN,
        "Gross Profit": NaN,
        "Operating Income": 711,
        "EBIT": 985,
        "Net Income": 512
    },
    "2014-12-31": {
        "Diluted EPS": 0.91,
        "Total Revenue": NaN,
        "Gross Profit": NaN,
        "Operating Income": NaN,
        "EBIT": NaN,
        "Net Income": 722
    },
    "2014-09-30": {
        "Diluted EPS": 0.83,
        "Total Revenue": NaN,
        "Gross Profit": NaN,
        "Operating Income": 971,
        "EBIT": NaN,
        "Net Income": 672
    },
    "2014-06-30": {
        "Diluted EPS": 0.83,
        "Total Revenue": NaN,
        "Gross Profit": NaN,
        "Operating Income": 961,
        "EBIT": NaN,
        "Net Income": 671
    },
    "2014-03-31": {
        "Diluted EPS": 0.95,
        "Total Revenue": NaN,
        "Gross Profit": NaN,
        "Operating Income": NaN,
        "EBIT": NaN,
        "Net Income": 776
    },
    "2013-12-31": {
        "Diluted EPS": 0.7,
        "Total Revenue": NaN,
        "Gross Profit": NaN,
        "Operating Income": 886,
        "EBIT": NaN,
        "Net Income": 578
    },
    "2013-09-30": {
        "Diluted EPS": 0.76,
        "Total Revenue": NaN,
        "Gross Profit": NaN,
        "Operating Income": 915,
        "EBIT": NaN,
        "Net Income": 627
    },
    "2013-06-30": {
        "Diluted EPS": 0.64,
        "Total Revenue": NaN,
        "Gross Profit": NaN,
        "Operating Income": 781,
        "EBIT": NaN,
        "Net Income": 530
    },
    "2013-03-31": {
        "Diluted EPS": 0.69,
        "Total Revenue": NaN,
        "Gross Profit": NaN,
        "Operating Income": 827,
        "EBIT": NaN,
        "Net Income": 572
    },
    "2012-12-31": {
        "Diluted EPS": 0.53,
        "Total Revenue": NaN,
        "Gross Profit": NaN,
        "Operating Income": 672,
        "EBIT": 945,
        "Net Income": 435
    },
    "2012-09-30": {
        "Diluted EPS": 0.42,
        "Total Revenue": NaN,
        "Gross Profit": NaN,
        "Operating Income": 534,
        "EBIT": 783,
        "Net Income": 350
    },
    "2012-06-30": {
        "Diluted EPS": 0.29,
        "Total Revenue": NaN,
        "Gross Profit": NaN,
        "Operating Income": 398,
        "EBIT": 638,
        "Net Income": 241
    },
    "2012-03-31": {
        "Diluted EPS": 0.61,
        "Total Revenue": NaN,
        "Gross Profit": NaN,
        "Operating Income": 708,
        "EBIT": 923,
        "Net Income": 499
    },
    "2011-12-31": {
        "Diluted EPS": 0.39,
        "Total Revenue": NaN,
        "Gross Profit": NaN,
        "Operating Income": 663,
        "EBIT": 882,
        "Net Income": 320
    },
    "2011-09-30": {
        "Diluted EPS": 0.44,
        "Total Revenue": NaN,
        "Gross Profit": NaN,
        "Operating Income": 633,
        "EBIT": 849,
        "Net Income": 354
    },
    "2011-06-30": {
        "Diluted EPS": 0.45,
        "Total Revenue": NaN,
        "Gross Profit": NaN,
        "Operating Income": 608,
        "EBIT": 835,
        "Net Income": 368
    },
    "2011-03-31": {
        "Diluted EPS": 0.28,
        "Total Revenue": NaN,
        "Gross Profit": 983,
        "Operating Income": 486,
        "EBIT": 700,
        "Net Income": 228
    },
    "2010-12-31": {
        "Diluted EPS": 0.35,
        "Total Revenue": NaN,
        "Gross Profit": 946,
        "Operating Income": 489,
        "EBIT": 694,
        "Net Income": 273
    },
    "2010-09-30": {
        "Diluted EPS": 0.21,
        "Total Revenue": NaN,
        "Gross Profit": 868,
        "Operating Income": 383,
        "EBIT": 590,
        "Net Income": 168
    },
    "2010-06-30": {
        "Diluted EPS": -0.01,
        "Total Revenue": NaN,
        "Gross Profit": 656,
        "Operating Income": 167,
        "EBIT": 359,
        "Net Income": -5
    },
    "2010-03-31": {
        "Diluted EPS": -0.04,
        "Total Revenue": NaN,
        "Gross Profit": 508,
        "Operating Income": 142,
        "EBIT": 310,
        "Net Income": -29
    },
    "2009-12-31": {
        "Diluted EPS": -0.17,
        "Total Revenue": NaN,
        "Gross Profit": 485,
        "Operating Income": 44,
        "EBIT": 213,
        "Net Income": -114
    },
    "2009-09-30": {
        "Diluted EPS": -0.19,
        "Total Revenue": NaN,
        "Gross Profit": 420,
        "Operating Income": 62,
        "EBIT": 223,
        "Net Income": -123
    },
    "2009-06-30": {
        "Diluted EPS": -0.34,
        "Total Revenue": NaN,
        "Gross Profit": 387,
        "Operating Income": -171,
        "EBIT": -17,
        "Net Income": -222
    },
    "2009-03-31": {
        "Diluted EPS": -0.12,
        "Total Revenue": NaN,
        "Gross Profit": 395,
        "Operating Income": 36,
        "EBIT": 190,
        "Net Income": -81
    },
    "2023-09-30": {
        "Tax Effect Of Unusual Items": -856000.0,
        "Tax Rate For Calcs": 0.214,
        "Normalized EBITDA": 1103000000.0,
        "Total Unusual Items": -4000000.0,
        "Total Unusual Items Excluding Goodwill": -4000000.0,
        "Net Income From Continuing Operation Net Minority Interest": 380000000.0,
        "Reconciled Depreciation": 328000000.0,
        "Reconciled Cost Of Revenue": 1386000000.0,
        "EBITDA": 1099000000.0,
        "EBIT": 771000000.0,
        "Net Interest Income": -121000000.0,
        "Interest Expense": 200000000.0,
        "Interest Income": 79000000.0,
        "Normalized Income": 383144000.0,
        "Net Income From Continuing And Discontinued Operation": 380000000.0,
        "Total Expenses": 2103000000.0,
        "Total Operating Income As Reported": 688000000.0,
        "Diluted Average Shares": 766000000.0,
        "Basic Average Shares": 764000000.0,
        "Diluted EPS": 0.5,
        "Basic EPS": 0.5,
        "Diluted NI Availto Com Stockholders": 380000000.0,
        "Net Income Common Stockholders": 380000000.0,
        "Net Income": 380000000.0,
        "Minority Interests": -69000000.0,
        "Net Income Including Noncontrolling Interests": 449000000.0,
        "Net Income Discontinuous Operations": 0.0,
        "Net Income Continuous Operations": 449000000.0,
        "Tax Provision": 122000000.0,
        "Pretax Income": 571000000.0,
        "Other Income Expense": NaN,
        "Other Non Operating Income Expenses": 4000000.0,
        "Special Income Charges": -4000000.0,
        "Gain On Sale Of Ppe": -4000000.0,
        "Net Non Operating Interest Income Expense": -121000000.0,
        "Interest Expense Non Operating": 200000000.0,
        "Interest Income Non Operating": 79000000.0,
        "Operating Income": 692000000.0,
        "Operating Expense": 717000000.0,
        "Other Operating Expenses": 52000000.0,
        "Provision For Doubtful Accounts": 3000000.0,
        "Depreciation Amortization Depletion Income Statement": 328000000.0,
        "Depreciation And Amortization In Income Statement": 328000000.0,
        "Depreciation Income Statement": 328000000.0,
        "Research And Development": 44000000.0,
        "Selling General And Administration": 290000000.0,
        "General And Administrative Expense": 290000000.0,
        "Other Gand A": 290000000.0,
        "Gross Profit": 1409000000.0,
        "Cost Of Revenue": 1386000000.0,
        "Total Revenue": 2795000000.0,
        "Operating Revenue": 2795000000.0
    },
    "2023-12-31": {
        "Tax Effect Of Unusual Items": -1038851.351351,
        "Tax Rate For Calcs": 0.20777,
        "Normalized EBITDA": 1135000000.0,
        "Total Unusual Items": -5000000.0,
        "Total Unusual Items Excluding Goodwill": -5000000.0,
        "Net Income From Continuing Operation Net Minority Interest": 382000000.0,
        "Reconciled Depreciation": 348000000.0,
        "Reconciled Cost Of Revenue": 1432000000.0,
        "EBITDA": 1130000000.0,
        "EBIT": 782000000.0,
        "Net Interest Income": -127000000.0,
        "Interest Expense": 190000000.0,
        "Interest Income": 63000000.0,
        "Normalized Income": 385961148.648649,
        "Net Income From Continuing And Discontinued Operation": 382000000.0,
        "Total Expenses": 2200000000.0,
        "Total Operating Income As Reported": 710000000.0,
        "Diluted Average Shares": 760000000.0,
        "Basic Average Shares": 759000000.0,
        "Diluted EPS": 0.5,
        "Basic EPS": 0.5,
        "Diluted NI Availto Com Stockholders": 382000000.0,
        "Net Income Common Stockholders": 382000000.0,
        "Net Income": 382000000.0,
        "Minority Interests": -87000000.0,
        "Net Income Including Noncontrolling Interests": 469000000.0,
        "Net Income Discontinuous Operations": 0.0,
        "Net Income Continuous Operations": 469000000.0,
        "Tax Provision": 123000000.0,
        "Pretax Income": 592000000.0,
        "Other Income Expense": 4000000.0,
        "Other Non Operating Income Expenses": 9000000.0,
        "Special Income Charges": -5000000.0,
        "Gain On Sale Of Ppe": -5000000.0,
        "Net Non Operating Interest Income Expense": -127000000.0,
        "Interest Expense Non Operating": 190000000.0,
        "Interest Income Non Operating": 63000000.0,
        "Operating Income": 715000000.0,
        "Operating Expense": 768000000.0,
        "Other Operating Expenses": 66000000.0,
        "Provision For Doubtful Accounts": 2000000.0,
        "Depreciation Amortization Depletion Income Statement": 348000000.0,
        "Depreciation And Amortization In Income Statement": 348000000.0,
        "Depreciation Income Statement": 348000000.0,
        "Research And Development": 65000000.0,
        "Selling General And Administration": 287000000.0,
        "General And Administrative Expense": 287000000.0,
        "Other Gand A": 287000000.0,
        "Gross Profit": 1483000000.0,
        "Cost Of Revenue": 1432000000.0,
        "Total Revenue": 2915000000.0,
        "Operating Revenue": 2915000000.0
    },
    "2024-03-31": {
        "Tax Effect Of Unusual Items": -392000.0,
        "Tax Rate For Calcs": 0.028,
        "Normalized EBITDA": 1132000000.0,
        "Total Unusual Items": -14000000.0,
        "Total Unusual Items Excluding Goodwill": -14000000.0,
        "Net Income From Continuing Operation Net Minority Interest": 494000000.0,
        "Reconciled Depreciation": 336000000.0,
        "Reconciled Cost Of Revenue": 1461000000.0,
        "EBITDA": 1118000000.0,
        "EBIT": 782000000.0,
        "Net Interest Income": -111000000.0,
        "Interest Expense": 182000000.0,
        "Interest Income": 71000000.0,
        "Normalized Income": 507608000.0,
        "Net Income From Continuing And Discontinued Operation": 494000000.0,
        "Total Expenses": 2228000000.0,
        "Total Operating Income As Reported": 717000000.0,
        "Diluted Average Shares": 752000000.0,
        "Basic Average Shares": 750000000.0,
        "Diluted EPS": 0.66,
        "Basic EPS": 0.66,
        "Diluted NI Availto Com Stockholders": 494000000.0,
        "Net Income Common Stockholders": 494000000.0,
        "Net Income": 494000000.0,
        "Minority Interests": -89000000.0,
        "Net Income Including Noncontrolling Interests": 583000000.0,
        "Net Income Discontinuous Operations": NaN,
        "Net Income Continuous Operations": 583000000.0,
        "Tax Provision": 17000000.0,
        "Pretax Income": 600000000.0,
        "Other Income Expense": -20000000.0,
        "Other Non Operating Income Expenses": -6000000.0,
        "Special Income Charges": -14000000.0,
        "Gain On Sale Of Ppe": -14000000.0,
        "Net Non Operating Interest Income Expense": -111000000.0,
        "Interest Expense Non Operating": 182000000.0,
        "Interest Income Non Operating": 71000000.0,
        "Operating Income": 731000000.0,
        "Operating Expense": 767000000.0,
        "Other Operating Expenses": 81000000.0,
        "Provision For Doubtful Accounts": 11000000.0,
        "Depreciation Amortization Depletion Income Statement": 336000000.0,
        "Depreciation And Amortization In Income Statement": 336000000.0,
        "Depreciation Income Statement": 336000000.0,
        "Research And Development": 53000000.0,
        "Selling General And Administration": 286000000.0,
        "General And Administrative Expense": 286000000.0,
        "Other Gand A": 286000000.0,
        "Gross Profit": 1498000000.0,
        "Cost Of Revenue": 1461000000.0,
        "Total Revenue": 2959000000.0,
        "Operating Revenue": 2959000000.0
    }
}