{
    "2023-03-31": {
        "Tax Effect Of Unusual Items": -244326.0,
        "Tax Rate For Calcs": 0.258,
        "Normalized EBITDA": -12279000.0,
        "Total Unusual Items": -947000.0,
        "Total Unusual Items Excluding Goodwill": -947000.0,
        "Net Income From Continuing Operation Net Minority Interest": -13940000.0,
        "Reconciled Depreciation": 313000.0,
        "Reconciled Cost Of Revenue": 930000.0,
        "EBITDA": -13226000.0,
        "EBIT": -13539000.0,
        "Net Interest Income": 617000.0,
        "Interest Income": 617000.0,
        "Normalized Income": -13237326.0,
        "Net Income From Continuing And Discontinued Operation": -13940000.0,
        "Total Expenses": 14763000.0,
        "Total Operating Income As Reported": -13539000.0,
        "Diluted Average Shares": 26289087.0,
        "Basic Average Shares": 26289087.0,
        "Diluted EPS": -0.53,
        "Basic EPS": -0.53,
        "Diluted NI Availto Com Stockholders": -13940000.0,
        "Net Income Common Stockholders": -13940000.0,
        "Net Income": -13940000.0,
        "Net Income Including Noncontrolling Interests": -13940000.0,
        "Net Income Continuous Operations": -13940000.0,
        "Tax Provision": 71000.0,
        "Pretax Income": -13869000.0,
        "Other Income Expense": -947000.0,
        "Gain On Sale Of Security": -947000.0,
        "Net Non Operating Interest Income Expense": 617000.0,
        "Total Other Finance Cost": -617000.0,
        "Interest Income Non Operating": 617000.0,
        "Operating Income": -13539000.0,
        "Operating Expense": 13833000.0,
        "Research And Development": 9943000.0,
        "Selling General And Administration": 3890000.0,
        "General And Administrative Expense": 3890000.0,
        "Other Gand A": 778000.0,
        "Insurance And Claims": 894000.0,
        "Salaries And Wages": 2218000.0,
        "Gross Profit": 294000.0,
        "Cost Of Revenue": 930000.0,
        "Total Revenue": 1224000.0,
        "Operating Revenue": 1224000.0
    },
    "2022-12-31": {
        "Tax Effect Of Unusual Items": NaN,
        "Tax Rate For Calcs": NaN,
        "Normalized EBITDA": NaN,
        "Total Unusual Items": NaN,
        "Total Unusual Items Excluding Goodwill": NaN,
        "Net Income From Continuing Operation Net Minority Interest": NaN,
        "Reconciled Depreciation": NaN,
        "Reconciled Cost Of Revenue": NaN,
        "EBITDA": NaN,
        "EBIT": NaN,
        "Net Interest Income": NaN,
        "Interest Income": NaN,
        "Normalized Income": NaN,
        "Net Income From Continuing And Discontinued Operation": NaN,
        "Total Expenses": NaN,
        "Total Operating Income As Reported": NaN,
        "Diluted Average Shares": 26289087.0,
        "Basic Average Shares": 26289087.0,
        "Diluted EPS": -0.57,
        "Basic EPS": -0.57,
        "Diluted NI Availto Com Stockholders": NaN,
        "Net Income Common Stockholders": NaN,
        "Net Income": NaN,
        "Net Income Including Noncontrolling Interests": NaN,
        "Net Income Continuous Operations": NaN,
        "Tax Provision": NaN,
        "Pretax Income": NaN,
        "Other Income Expense": NaN,
        "Gain On Sale Of Security": NaN,
        "Net Non Operating Interest Income Expense": NaN,
        "Total Other Finance Cost": NaN,
        "Interest Income Non Operating": NaN,
        "Operating Income": NaN,
        "Operating Expense": NaN,
        "Research And Development": NaN,
        "Selling General And Administration": NaN,
        "General And Administrative Expense": NaN,
        "Other Gand A": NaN,
        "Insurance And Claims": NaN,
        "Salaries And Wages": NaN,
        "Gross Profit": NaN,
        "Cost Of Revenue": NaN,
        "Total Revenue": NaN,
        "Operating Revenue": NaN
    },
    "2022-09-30": {
        "Tax Effect Of Unusual Items": NaN,
        "Tax Rate For Calcs": NaN,
        "Normalized EBITDA": NaN,
        "Total Unusual Items": NaN,
        "Total Unusual Items Excluding Goodwill": NaN,
        "Net Income From Continuing Operation Net Minority Interest": NaN,
        "Reconciled Depreciation": NaN,
        "Reconciled Cost Of Revenue": NaN,
        "EBITDA": NaN,
        "EBIT": NaN,
        "Net Interest Income": NaN,
        "Interest Income": NaN,
        "Normalized Income": NaN,
        "Net Income From Continuing And Discontinued Operation": NaN,
        "Total Expenses": NaN,
        "Total Operating Income As Reported": NaN,
        "Diluted Average Shares": NaN,
        "Basic Average Shares": NaN,
        "Diluted EPS": NaN,
        "Basic EPS": NaN,
        "Diluted NI Availto Com Stockholders": NaN,
        "Net Income Common Stockholders": NaN,
        "Net Income": NaN,
        "Net Income Including Noncontrolling Interests": NaN,
        "Net Income Continuous Operations": NaN,
        "Tax Provision": NaN,
        "Pretax Income": NaN,
        "Other Income Expense": NaN,
        "Gain On Sale Of Security": NaN,
        "Net Non Operating Interest Income Expense": NaN,
        "Total Other Finance Cost": -39000.0,
        "Interest Income Non Operating": NaN,
        "Operating Income": NaN,
        "Operating Expense": NaN,
        "Research And Development": NaN,
        "Selling General And Administration": NaN,
        "General And Administrative Expense": NaN,
        "Other Gand A": NaN,
        "Insurance And Claims": NaN,
        "Salaries And Wages": NaN,
        "Gross Profit": NaN,
        "Cost Of Revenue": NaN,
        "Total Revenue": NaN,
        "Operating Revenue": NaN
    },
    "2022-06-30": {
        "Tax Effect Of Unusual Items": 1254400.0,
        "Tax Rate For Calcs": 0.4,
        "Normalized EBITDA": -10716000.0,
        "Total Unusual Items": 3136000.0,
        "Total Unusual Items Excluding Goodwill": 3136000.0,
        "Net Income From Continuing Operation Net Minority Interest": -7920000.0,
        "Reconciled Depreciation": 174000.0,
        "Reconciled Cost Of Revenue": NaN,
        "EBITDA": -7580000.0,
        "EBIT": -7754000.0,
        "Net Interest Income": -90000.0,
        "Interest Expense": 90000.0,
        "Normalized Income": -9801600.0,
        "Net Income From Continuing And Discontinued Operation": -7920000.0,
        "Total Expenses": 11358000.0,
        "Total Operating Income As Reported": -10890000.0,
        "Diluted Average Shares": 25780811.0,
        "Basic Average Shares": 25780811.0,
        "Diluted EPS": -0.31,
        "Basic EPS": -0.31,
        "Diluted NI Availto Com Stockholders": -7920000.0,
        "Net Income Common Stockholders": -7920000.0,
        "Net Income": -7920000.0,
        "Net Income Including Noncontrolling Interests": -7920000.0,
        "Net Income Continuous Operations": -7920000.0,
        "Tax Provision": 76000.0,
        "Pretax Income": -7844000.0,
        "Other Income Expense": 3136000.0,
        "Other Non Operating Income Expenses": NaN,
        "Gain On Sale Of Security": 3136000.0,
        "Net Non Operating Interest Income Expense": -90000.0,
        "Total Other Finance Cost": NaN,
        "Interest Expense Non Operating": 90000.0,
        "Operating Income": -10890000.0,
        "Operating Expense": 11358000.0,
        "Research And Development": 8342000.0,
        "Selling General And Administration": 3016000.0,
        "General And Administrative Expense": 3016000.0,
        "Other Gand A": 1000000.0,
        "Insurance And Claims": 713000.0,
        "Salaries And Wages": 1303000.0,
        "Gross Profit": NaN,
        "Cost Of Revenue": NaN,
        "Total Revenue": 468000.0,
        "Operating Revenue": 468000.0
    },
    "2022-03-31": {
        "Diluted EPS": -0.38,
        "Total Revenue": 1,
        "Gross Profit": 1,
        "Operating Income": -11,
        "EBIT": -10,
        "Net Income": -10
    },
    "2021-12-31": {
        "Diluted EPS": 10.58,
        "Total Revenue": 1,
        "Gross Profit": 1,
        "Operating Income": -9,
        "EBIT": -9,
        "Net Income": -8
    },
    "2021-09-30": {
        "Diluted EPS": -0.27,
        "Total Revenue": 2,
        "Gross Profit": 2,
        "Operating Income": -8,
        "EBIT": -8,
        "Net Income": -7
    },
    "2021-06-30": {
        "Diluted EPS": -0.31,
        "Total Revenue": 1,
        "Gross Profit": 1,
        "Operating Income": -7,
        "EBIT": -6,
        "Net Income": -8
    },
    "2021-03-31": {
        "Diluted EPS": -12.14,
        "Total Revenue": 1,
        "Gross Profit": 1,
        "Operating Income": -19,
        "EBIT": -19,
        "Net Income": -20
    },
    "2020-12-31": {
        "Diluted EPS": 0.0,
        "Total Revenue": NaN,
        "Gross Profit": NaN,
        "Operating Income": NaN,
        "EBIT": NaN,
        "Net Income": NaN
    },
    "2023-06-30": {
        "Tax Effect Of Unusual Items": 62952.0,
        "Tax Rate For Calcs": 0.258,
        "Normalized EBITDA": -13494000.0,
        "Total Unusual Items": 244000.0,
        "Total Unusual Items Excluding Goodwill": 244000.0,
        "Net Income From Continuing Operation Net Minority Interest": -12700000.0,
        "Reconciled Depreciation": 295000.0,
        "Reconciled Cost Of Revenue": 2388000.0,
        "EBITDA": -13250000.0,
        "EBIT": -13545000.0,
        "Net Interest Income": 698000.0,
        "Interest Income": NaN,
        "Normalized Income": -12881048.0,
        "Net Income From Continuing And Discontinued Operation": -12700000.0,
        "Total Expenses": 18684000.0,
        "Total Operating Income As Reported": -13545000.0,
        "Diluted Average Shares": 26289087.0,
        "Basic Average Shares": 26289087.0,
        "Diluted EPS": -0.48,
        "Basic EPS": -0.48,
        "Diluted NI Availto Com Stockholders": -12700000.0,
        "Net Income Common Stockholders": -12700000.0,
        "Net Income": -12700000.0,
        "Net Income Including Noncontrolling Interests": -12700000.0,
        "Net Income Continuous Operations": -12700000.0,
        "Tax Provision": 97000.0,
        "Pretax Income": -12603000.0,
        "Other Income Expense": 244000.0,
        "Gain On Sale Of Security": 244000.0,
        "Net Non Operating Interest Income Expense": 698000.0,
        "Total Other Finance Cost": -698000.0,
        "Interest Income Non Operating": NaN,
        "Operating Income": -13545000.0,
        "Operating Expense": 16296000.0,
        "Research And Development": 12599000.0,
        "Selling General And Administration": 3697000.0,
        "General And Administrative Expense": 3697000.0,
        "Other Gand A": 1002000.0,
        "Insurance And Claims": 657000.0,
        "Salaries And Wages": 2038000.0,
        "Gross Profit": 2751000.0,
        "Cost Of Revenue": 2388000.0,
        "Total Revenue": 5139000.0,
        "Operating Revenue": 5139000.0
    },
    "2023-09-30": {
        "Tax Effect Of Unusual Items": 292056.0,
        "Tax Rate For Calcs": 0.258,
        "Normalized EBITDA": -11541000.0,
        "Total Unusual Items": 1132000.0,
        "Total Unusual Items Excluding Goodwill": 1132000.0,
        "Net Income From Continuing Operation Net Minority Interest": -8836000.0,
        "Reconciled Depreciation": 318000.0,
        "Reconciled Cost Of Revenue": 10000.0,
        "EBITDA": -10409000.0,
        "EBIT": -10727000.0,
        "Net Interest Income": 809000.0,
        "Interest Income": NaN,
        "Normalized Income": -9675944.0,
        "Net Income From Continuing And Discontinued Operation": -8836000.0,
        "Total Expenses": 10780000.0,
        "Total Operating Income As Reported": -10727000.0,
        "Diluted Average Shares": 26289087.0,
        "Basic Average Shares": 26289087.0,
        "Diluted EPS": -0.34,
        "Basic EPS": -0.34,
        "Diluted NI Availto Com Stockholders": -8836000.0,
        "Net Income Common Stockholders": -8836000.0,
        "Net Income": -8836000.0,
        "Net Income Including Noncontrolling Interests": -8836000.0,
        "Net Income Continuous Operations": -8836000.0,
        "Tax Provision": 50000.0,
        "Pretax Income": -8786000.0,
        "Other Income Expense": 1132000.0,
        "Gain On Sale Of Security": 1132000.0,
        "Net Non Operating Interest Income Expense": 809000.0,
        "Total Other Finance Cost": -809000.0,
        "Interest Income Non Operating": NaN,
        "Operating Income": -10727000.0,
        "Operating Expense": 10770000.0,
        "Research And Development": 7912000.0,
        "Selling General And Administration": 2858000.0,
        "General And Administrative Expense": 2858000.0,
        "Other Gand A": 887000.0,
        "Insurance And Claims": 608000.0,
        "Salaries And Wages": 1363000.0,
        "Gross Profit": 43000.0,
        "Cost Of Revenue": 10000.0,
        "Total Revenue": 53000.0,
        "Operating Revenue": 53000.0
    },
    "2023-12-31": {
        "Tax Effect Of Unusual Items": -474978.0,
        "Tax Rate For Calcs": 0.258,
        "Normalized EBITDA": -1459000.0,
        "Total Unusual Items": -1841000.0,
        "Total Unusual Items Excluding Goodwill": -1841000.0,
        "Net Income From Continuing Operation Net Minority Interest": -6498000.0,
        "Reconciled Depreciation": 352000.0,
        "Reconciled Cost Of Revenue": 154000.0,
        "EBITDA": -3300000.0,
        "EBIT": -3652000.0,
        "Net Interest Income": 846000.0,
        "Interest Income": NaN,
        "Normalized Income": -5131978.0,
        "Net Income From Continuing And Discontinued Operation": -6498000.0,
        "Total Expenses": 5795000.0,
        "Total Operating Income As Reported": -5442000.0,
        "Diluted Average Shares": NaN,
        "Basic Average Shares": NaN,
        "Diluted EPS": NaN,
        "Basic EPS": NaN,
        "Diluted NI Availto Com Stockholders": -6498000.0,
        "Net Income Common Stockholders": -6498000.0,
        "Net Income": -6498000.0,
        "Net Income Including Noncontrolling Interests": -6498000.0,
        "Net Income Continuous Operations": -6498000.0,
        "Tax Provision": 61000.0,
        "Pretax Income": -6437000.0,
        "Other Income Expense": -1841000.0,
        "Gain On Sale Of Security": -1841000.0,
        "Net Non Operating Interest Income Expense": 846000.0,
        "Total Other Finance Cost": NaN,
        "Interest Income Non Operating": NaN,
        "Operating Income": -5442000.0,
        "Operating Expense": 5641000.0,
        "Research And Development": 3360000.0,
        "Selling General And Administration": 2281000.0,
        "General And Administrative Expense": 2281000.0,
        "Other Gand A": 202000.0,
        "Insurance And Claims": 575000.0,
        "Salaries And Wages": 1504000.0,
        "Gross Profit": 199000.0,
        "Cost Of Revenue": 154000.0,
        "Total Revenue": 353000.0,
        "Operating Revenue": 353000.0
    },
    "2024-03-31": {
        "Tax Effect Of Unusual Items": 263200.0,
        "Tax Rate For Calcs": 0.4,
        "Normalized EBITDA": -2363000.0,
        "Total Unusual Items": 658000.0,
        "Total Unusual Items Excluding Goodwill": 658000.0,
        "Net Income From Continuing Operation Net Minority Interest": -553000.0,
        "Reconciled Depreciation": 247000.0,
        "Reconciled Cost Of Revenue": 0.0,
        "EBITDA": -1705000.0,
        "EBIT": -1952000.0,
        "Net Interest Income": 810000.0,
        "Interest Income": 810000.0,
        "Normalized Income": -947800.0,
        "Net Income From Continuing And Discontinued Operation": -553000.0,
        "Total Expenses": 8944000.0,
        "Total Operating Income As Reported": -1952000.0,
        "Diluted Average Shares": 26794215.0,
        "Basic Average Shares": 26794215.0,
        "Diluted EPS": -0.02,
        "Basic EPS": -0.02,
        "Diluted NI Availto Com Stockholders": -553000.0,
        "Net Income Common Stockholders": -553000.0,
        "Net Income": -553000.0,
        "Net Income Including Noncontrolling Interests": -553000.0,
        "Net Income Continuous Operations": -553000.0,
        "Tax Provision": 69000.0,
        "Pretax Income": -484000.0,
        "Other Income Expense": 658000.0,
        "Gain On Sale Of Security": 658000.0,
        "Net Non Operating Interest Income Expense": 810000.0,
        "Total Other Finance Cost": NaN,
        "Interest Income Non Operating": 810000.0,
        "Operating Income": -1952000.0,
        "Operating Expense": 8944000.0,
        "Research And Development": 6009000.0,
        "Selling General And Administration": 2935000.0,
        "General And Administrative Expense": 2935000.0,
        "Other Gand A": 682000.0,
        "Insurance And Claims": 644000.0,
        "Salaries And Wages": 1609000.0,
        "Gross Profit": 6992000.0,
        "Cost Of Revenue": 0.0,
        "Total Revenue": 6992000.0,
        "Operating Revenue": 6992000.0
    }
}