{
    "2023-06-30": {
        "Tax Effect Of Unusual Items": NaN,
        "Tax Rate For Calcs": NaN,
        "Normalized EBITDA": NaN,
        "Total Unusual Items": NaN,
        "Total Unusual Items Excluding Goodwill": NaN,
        "Net Income From Continuing Operation Net Minority Interest": NaN,
        "Reconciled Depreciation": NaN,
        "Reconciled Cost Of Revenue": NaN,
        "EBITDA": NaN,
        "EBIT": NaN,
        "Net Interest Income": NaN,
        "Interest Expense": 0.0,
        "Interest Income": NaN,
        "Normalized Income": NaN,
        "Net Income From Continuing And Discontinued Operation": NaN,
        "Total Expenses": NaN,
        "Total Operating Income As Reported": NaN,
        "Diluted Average Shares": NaN,
        "Basic Average Shares": NaN,
        "Diluted EPS": NaN,
        "Basic EPS": NaN,
        "Diluted NI Availto Com Stockholders": NaN,
        "Net Income Common Stockholders": NaN,
        "Net Income": NaN,
        "Net Income Including Noncontrolling Interests": NaN,
        "Net Income Continuous Operations": NaN,
        "Tax Provision": NaN,
        "Pretax Income": NaN,
        "Other Income Expense": NaN,
        "Gain On Sale Of Security": NaN,
        "Net Non Operating Interest Income Expense": NaN,
        "Interest Expense Non Operating": 0.0,
        "Interest Income Non Operating": NaN,
        "Operating Income": NaN,
        "Operating Expense": NaN,
        "Selling General And Administration": NaN,
        "Gross Profit": NaN,
        "Cost Of Revenue": NaN,
        "Total Revenue": NaN,
        "Operating Revenue": NaN
    },
    "2023-03-31": {
        "Tax Effect Of Unusual Items": NaN,
        "Tax Rate For Calcs": NaN,
        "Normalized EBITDA": NaN,
        "Total Unusual Items": NaN,
        "Total Unusual Items Excluding Goodwill": NaN,
        "Net Income From Continuing Operation Net Minority Interest": NaN,
        "Reconciled Depreciation": NaN,
        "Reconciled Cost Of Revenue": NaN,
        "EBITDA": NaN,
        "EBIT": NaN,
        "Net Interest Income": NaN,
        "Interest Expense": 0.0,
        "Interest Income": NaN,
        "Normalized Income": NaN,
        "Net Income From Continuing And Discontinued Operation": NaN,
        "Total Expenses": NaN,
        "Total Operating Income As Reported": NaN,
        "Diluted Average Shares": NaN,
        "Basic Average Shares": NaN,
        "Diluted EPS": NaN,
        "Basic EPS": NaN,
        "Diluted NI Availto Com Stockholders": NaN,
        "Net Income Common Stockholders": NaN,
        "Net Income": NaN,
        "Net Income Including Noncontrolling Interests": NaN,
        "Net Income Continuous Operations": NaN,
        "Tax Provision": NaN,
        "Pretax Income": NaN,
        "Other Income Expense": NaN,
        "Gain On Sale Of Security": NaN,
        "Net Non Operating Interest Income Expense": NaN,
        "Interest Expense Non Operating": 0.0,
        "Interest Income Non Operating": NaN,
        "Operating Income": NaN,
        "Operating Expense": NaN,
        "Selling General And Administration": NaN,
        "Gross Profit": NaN,
        "Cost Of Revenue": NaN,
        "Total Revenue": NaN,
        "Operating Revenue": NaN
    },
    "2022-12-31": {
        "Tax Effect Of Unusual Items": NaN,
        "Tax Rate For Calcs": NaN,
        "Normalized EBITDA": NaN,
        "Total Unusual Items": NaN,
        "Total Unusual Items Excluding Goodwill": NaN,
        "Net Income From Continuing Operation Net Minority Interest": NaN,
        "Reconciled Depreciation": NaN,
        "Reconciled Cost Of Revenue": NaN,
        "EBITDA": NaN,
        "EBIT": NaN,
        "Net Interest Income": NaN,
        "Interest Expense": -23000.0,
        "Interest Income": NaN,
        "Normalized Income": NaN,
        "Net Income From Continuing And Discontinued Operation": NaN,
        "Total Expenses": NaN,
        "Total Operating Income As Reported": NaN,
        "Diluted Average Shares": NaN,
        "Basic Average Shares": NaN,
        "Diluted EPS": NaN,
        "Basic EPS": NaN,
        "Diluted NI Availto Com Stockholders": NaN,
        "Net Income Common Stockholders": NaN,
        "Net Income": NaN,
        "Net Income Including Noncontrolling Interests": NaN,
        "Net Income Continuous Operations": NaN,
        "Tax Provision": NaN,
        "Pretax Income": NaN,
        "Other Income Expense": NaN,
        "Other Non Operating Income Expenses": 0.0,
        "Gain On Sale Of Security": NaN,
        "Net Non Operating Interest Income Expense": NaN,
        "Interest Expense Non Operating": -23000.0,
        "Interest Income Non Operating": NaN,
        "Operating Income": NaN,
        "Operating Expense": NaN,
        "Selling General And Administration": NaN,
        "Gross Profit": NaN,
        "Cost Of Revenue": NaN,
        "Total Revenue": NaN,
        "Operating Revenue": NaN
    },
    "2022-09-30": {
        "Tax Effect Of Unusual Items": NaN,
        "Tax Rate For Calcs": NaN,
        "Normalized EBITDA": NaN,
        "Total Unusual Items": NaN,
        "Total Unusual Items Excluding Goodwill": NaN,
        "Net Income From Continuing Operation Net Minority Interest": NaN,
        "Reconciled Depreciation": NaN,
        "Reconciled Cost Of Revenue": NaN,
        "EBITDA": NaN,
        "EBIT": NaN,
        "Net Interest Income": NaN,
        "Interest Expense": NaN,
        "Interest Income": NaN,
        "Normalized Income": NaN,
        "Net Income From Continuing And Discontinued Operation": NaN,
        "Total Expenses": NaN,
        "Total Operating Income As Reported": NaN,
        "Diluted Average Shares": NaN,
        "Basic Average Shares": NaN,
        "Diluted EPS": NaN,
        "Basic EPS": NaN,
        "Diluted NI Availto Com Stockholders": NaN,
        "Net Income Common Stockholders": NaN,
        "Net Income": NaN,
        "Net Income Including Noncontrolling Interests": NaN,
        "Net Income Continuous Operations": NaN,
        "Tax Provision": NaN,
        "Pretax Income": NaN,
        "Other Income Expense": NaN,
        "Other Non Operating Income Expenses": 79000.0,
        "Gain On Sale Of Security": NaN,
        "Net Non Operating Interest Income Expense": NaN,
        "Interest Expense Non Operating": NaN,
        "Interest Income Non Operating": NaN,
        "Operating Income": NaN,
        "Operating Expense": NaN,
        "Selling General And Administration": NaN,
        "Gross Profit": NaN,
        "Cost Of Revenue": NaN,
        "Total Revenue": NaN,
        "Operating Revenue": NaN
    },
    "2022-06-30": {
        "Tax Effect Of Unusual Items": 0.0,
        "Tax Rate For Calcs": 0.4,
        "Normalized EBITDA": -18183000.0,
        "Total Unusual Items": NaN,
        "Total Unusual Items Excluding Goodwill": NaN,
        "Net Income From Continuing Operation Net Minority Interest": -19842000.0,
        "Reconciled Depreciation": 1350000.0,
        "Reconciled Cost Of Revenue": 14699000.0,
        "EBITDA": -18183000.0,
        "EBIT": -19533000.0,
        "Net Interest Income": -214000.0,
        "Interest Expense": 214000.0,
        "Interest Income": NaN,
        "Normalized Income": -19842000.0,
        "Net Income From Continuing And Discontinued Operation": -19842000.0,
        "Total Expenses": 33868000.0,
        "Total Operating Income As Reported": -19620000.0,
        "Diluted Average Shares": 202402888.0,
        "Basic Average Shares": 202402888.0,
        "Diluted EPS": -0.096728,
        "Basic EPS": -0.096728,
        "Diluted NI Availto Com Stockholders": -19842000.0,
        "Net Income Common Stockholders": -19842000.0,
        "Net Income": -19842000.0,
        "Net Income Including Noncontrolling Interests": -19842000.0,
        "Net Income Continuous Operations": -19842000.0,
        "Tax Provision": 95000.0,
        "Pretax Income": -19747000.0,
        "Other Income Expense": 87000.0,
        "Other Non Operating Income Expenses": 87000.0,
        "Gain On Sale Of Security": NaN,
        "Net Non Operating Interest Income Expense": -214000.0,
        "Interest Expense Non Operating": 214000.0,
        "Interest Income Non Operating": NaN,
        "Operating Income": -19620000.0,
        "Operating Expense": 19169000.0,
        "Selling General And Administration": 19169000.0,
        "Gross Profit": -451000.0,
        "Cost Of Revenue": 14699000.0,
        "Total Revenue": 14248000.0,
        "Operating Revenue": 14248000.0
    },
    "2022-03-31": {
        "Diluted EPS": -0.1,
        "Total Revenue": 10,
        "Gross Profit": 0,
        "Operating Income": -16,
        "EBIT": -14,
        "Net Income": -16
    },
    "2021-12-31": {
        "Diluted EPS": -0.88,
        "Total Revenue": NaN,
        "Gross Profit": NaN,
        "Operating Income": -100,
        "EBIT": -100,
        "Net Income": -91
    },
    "2021-09-30": {
        "Diluted EPS": 0.11,
        "Total Revenue": NaN,
        "Gross Profit": NaN,
        "Operating Income": -3,
        "EBIT": -3,
        "Net Income": 5
    },
    "2021-06-30": {
        "Diluted EPS": -0.04,
        "Total Revenue": NaN,
        "Gross Profit": NaN,
        "Operating Income": 0,
        "EBIT": 0,
        "Net Income": -2
    },
    "2021-03-31": {
        "Diluted EPS": 0.39,
        "Total Revenue": NaN,
        "Gross Profit": NaN,
        "Operating Income": 0,
        "EBIT": 0,
        "Net Income": 19
    },
    "2020-12-31": {
        "Diluted EPS": 0.0,
        "Total Revenue": NaN,
        "Gross Profit": NaN,
        "Operating Income": NaN,
        "EBIT": NaN,
        "Net Income": NaN
    },
    "2020-09-30": {
        "Diluted EPS": 0.0,
        "Total Revenue": NaN,
        "Gross Profit": NaN,
        "Operating Income": 0,
        "EBIT": 0,
        "Net Income": 0
    },
    "2023-09-30": {
        "Tax Effect Of Unusual Items": 551.34097,
        "Tax Rate For Calcs": 6.9e-05,
        "Normalized EBITDA": -31939000.0,
        "Total Unusual Items": 8038000.0,
        "Total Unusual Items Excluding Goodwill": 8038000.0,
        "Net Income From Continuing Operation Net Minority Interest": -14578000.0,
        "Reconciled Depreciation": 1442000.0,
        "Reconciled Cost Of Revenue": 7052000.0,
        "EBITDA": -23901000.0,
        "EBIT": -25343000.0,
        "Net Interest Income": 2726000.0,
        "Interest Expense": 0.0,
        "Interest Income": 2726000.0,
        "Normalized Income": -22615448.65903,
        "Net Income From Continuing And Discontinued Operation": -14578000.0,
        "Total Expenses": 33487000.0,
        "Total Operating Income As Reported": -25343000.0,
        "Diluted Average Shares": 202529000.0,
        "Basic Average Shares": 202529000.0,
        "Diluted EPS": -0.07,
        "Basic EPS": -0.07,
        "Diluted NI Availto Com Stockholders": -14578000.0,
        "Net Income Common Stockholders": -14578000.0,
        "Net Income": -14578000.0,
        "Net Income Including Noncontrolling Interests": -14578000.0,
        "Net Income Continuous Operations": -14578000.0,
        "Tax Provision": -1000.0,
        "Pretax Income": -14579000.0,
        "Other Income Expense": 8038000.0,
        "Gain On Sale Of Security": 8038000.0,
        "Net Non Operating Interest Income Expense": 2726000.0,
        "Interest Expense Non Operating": 0.0,
        "Interest Income Non Operating": 2726000.0,
        "Operating Income": -25343000.0,
        "Operating Expense": 26435000.0,
        "Selling General And Administration": 26435000.0,
        "Gross Profit": 1092000.0,
        "Cost Of Revenue": 7052000.0,
        "Total Revenue": 8144000.0,
        "Operating Revenue": 8144000.0
    },
    "2023-12-31": {
        "Tax Effect Of Unusual Items": -354480.0,
        "Tax Rate For Calcs": 0.21,
        "Normalized EBITDA": -28372000.0,
        "Total Unusual Items": -1688000.0,
        "Total Unusual Items Excluding Goodwill": -1688000.0,
        "Net Income From Continuing Operation Net Minority Interest": -33093000.0,
        "Reconciled Depreciation": 3018000.0,
        "Reconciled Cost Of Revenue": 20279000.0,
        "EBITDA": -30060000.0,
        "EBIT": -33078000.0,
        "Net Interest Income": 2365000.0,
        "Interest Expense": 0.0,
        "Interest Income": 2365000.0,
        "Normalized Income": -31759480.0,
        "Net Income From Continuing And Discontinued Operation": -33093000.0,
        "Total Expenses": 48846000.0,
        "Total Operating Income As Reported": -33755000.0,
        "Diluted Average Shares": 202672000.0,
        "Basic Average Shares": 202672000.0,
        "Diluted EPS": -0.16,
        "Basic EPS": -0.16,
        "Diluted NI Availto Com Stockholders": -33093000.0,
        "Net Income Common Stockholders": -33093000.0,
        "Net Income": -33093000.0,
        "Net Income Including Noncontrolling Interests": -33093000.0,
        "Net Income Continuous Operations": -33093000.0,
        "Tax Provision": 15000.0,
        "Pretax Income": -33078000.0,
        "Other Income Expense": -1688000.0,
        "Gain On Sale Of Security": -1688000.0,
        "Net Non Operating Interest Income Expense": 2365000.0,
        "Interest Expense Non Operating": 0.0,
        "Interest Income Non Operating": 2365000.0,
        "Operating Income": -33755000.0,
        "Operating Expense": 28567000.0,
        "Selling General And Administration": 28567000.0,
        "Gross Profit": -5188000.0,
        "Cost Of Revenue": 20279000.0,
        "Total Revenue": 15091000.0,
        "Operating Revenue": 15091000.0
    },
    "2024-03-31": {
        "Tax Effect Of Unusual Items": 0.0,
        "Tax Rate For Calcs": 0.0,
        "Normalized EBITDA": -32854000.0,
        "Total Unusual Items": 4758000.0,
        "Total Unusual Items Excluding Goodwill": 4758000.0,
        "Net Income From Continuing Operation Net Minority Interest": -23644000.0,
        "Reconciled Depreciation": 2326000.0,
        "Reconciled Cost Of Revenue": 9105000.0,
        "EBITDA": -28096000.0,
        "EBIT": -30422000.0,
        "Net Interest Income": 2016000.0,
        "Interest Expense": NaN,
        "Interest Income": 2016000.0,
        "Normalized Income": -28402000.0,
        "Net Income From Continuing And Discontinued Operation": -23644000.0,
        "Total Expenses": 35400000.0,
        "Total Operating Income As Reported": -30422000.0,
        "Diluted Average Shares": 203100000.0,
        "Basic Average Shares": 203100000.0,
        "Diluted EPS": -0.12,
        "Basic EPS": -0.12,
        "Diluted NI Availto Com Stockholders": -23644000.0,
        "Net Income Common Stockholders": -23644000.0,
        "Net Income": -23644000.0,
        "Net Income Including Noncontrolling Interests": -23644000.0,
        "Net Income Continuous Operations": -23644000.0,
        "Tax Provision": -4000.0,
        "Pretax Income": -23648000.0,
        "Other Income Expense": 4758000.0,
        "Gain On Sale Of Security": 4758000.0,
        "Net Non Operating Interest Income Expense": 2016000.0,
        "Interest Expense Non Operating": NaN,
        "Interest Income Non Operating": 2016000.0,
        "Operating Income": -30422000.0,
        "Operating Expense": 26295000.0,
        "Selling General And Administration": 26295000.0,
        "Gross Profit": -4127000.0,
        "Cost Of Revenue": 9105000.0,
        "Total Revenue": 4978000.0,
        "Operating Revenue": 4978000.0
    },
    "2024-06-30": {
        "Tax Effect Of Unusual Items": 376320.0,
        "Tax Rate For Calcs": 0.21,
        "Normalized EBITDA": -27241000.0,
        "Total Unusual Items": 1792000.0,
        "Total Unusual Items Excluding Goodwill": 1792000.0,
        "Net Income From Continuing Operation Net Minority Interest": -24805000.0,
        "Reconciled Depreciation": 2716000.0,
        "Reconciled Cost Of Revenue": 8231000.0,
        "EBITDA": -25449000.0,
        "EBIT": -28165000.0,
        "Net Interest Income": 1596000.0,
        "Interest Expense": NaN,
        "Interest Income": 1596000.0,
        "Normalized Income": -26220680.0,
        "Net Income From Continuing And Discontinued Operation": -24805000.0,
        "Total Expenses": 34614000.0,
        "Total Operating Income As Reported": -28165000.0,
        "Diluted Average Shares": 203184000.0,
        "Basic Average Shares": 203184000.0,
        "Diluted EPS": -0.12,
        "Basic EPS": -0.12,
        "Diluted NI Availto Com Stockholders": -24805000.0,
        "Net Income Common Stockholders": -24805000.0,
        "Net Income": -24805000.0,
        "Net Income Including Noncontrolling Interests": -24805000.0,
        "Net Income Continuous Operations": -24805000.0,
        "Tax Provision": 28000.0,
        "Pretax Income": -24777000.0,
        "Other Income Expense": 1792000.0,
        "Gain On Sale Of Security": 1792000.0,
        "Net Non Operating Interest Income Expense": 1596000.0,
        "Interest Expense Non Operating": NaN,
        "Interest Income Non Operating": 1596000.0,
        "Operating Income": -28165000.0,
        "Operating Expense": 26383000.0,
        "Selling General And Administration": 26383000.0,
        "Gross Profit": -1782000.0,
        "Cost Of Revenue": 8231000.0,
        "Total Revenue": 6449000.0,
        "Operating Revenue": 6449000.0
    },
    "2024-09-30": {
        "Tax Effect Of Unusual Items": 542010.0,
        "Tax Rate For Calcs": 0.21,
        "Normalized EBITDA": -26411000.0,
        "Total Unusual Items": 2581000.0,
        "Total Unusual Items Excluding Goodwill": 2581000.0,
        "Net Income From Continuing Operation Net Minority Interest": -22694000.0,
        "Reconciled Depreciation": 2695000.0,
        "Reconciled Cost Of Revenue": 5965000.0,
        "EBITDA": -23830000.0,
        "EBIT": -26525000.0,
        "Net Interest Income": 1252000.0,
        "Interest Expense": NaN,
        "Interest Income": 1252000.0,
        "Normalized Income": -24732990.0,
        "Net Income From Continuing And Discontinued Operation": -22694000.0,
        "Total Expenses": 30970000.0,
        "Total Operating Income As Reported": -26525000.0,
        "Diluted Average Shares": 203250000.0,
        "Basic Average Shares": 203250000.0,
        "Diluted EPS": -0.11,
        "Basic EPS": -0.11,
        "Diluted NI Availto Com Stockholders": -22694000.0,
        "Net Income Common Stockholders": -22694000.0,
        "Net Income": -22694000.0,
        "Net Income Including Noncontrolling Interests": -22694000.0,
        "Net Income Continuous Operations": -22694000.0,
        "Tax Provision": 2000.0,
        "Pretax Income": -22692000.0,
        "Other Income Expense": 2581000.0,
        "Gain On Sale Of Security": 2581000.0,
        "Net Non Operating Interest Income Expense": 1252000.0,
        "Interest Expense Non Operating": NaN,
        "Interest Income Non Operating": 1252000.0,
        "Operating Income": -26525000.0,
        "Operating Expense": 25005000.0,
        "Selling General And Administration": 25005000.0,
        "Gross Profit": -1520000.0,
        "Cost Of Revenue": 5965000.0,
        "Total Revenue": 4445000.0,
        "Operating Revenue": 4445000.0
    }
}