{
    "2023-03-31": {
        "Tax Effect Of Unusual Items": NaN,
        "Tax Rate For Calcs": NaN,
        "Normalized EBITDA": NaN,
        "Total Unusual Items": 0.0,
        "Total Unusual Items Excluding Goodwill": 0.0,
        "Net Income From Continuing Operation Net Minority Interest": NaN,
        "Reconciled Depreciation": NaN,
        "Reconciled Cost Of Revenue": 0.0,
        "EBITDA": NaN,
        "EBIT": NaN,
        "Net Interest Income": NaN,
        "Interest Income": NaN,
        "Normalized Income": NaN,
        "Net Income From Continuing And Discontinued Operation": NaN,
        "Total Expenses": NaN,
        "Total Operating Income As Reported": NaN,
        "Diluted Average Shares": 113270655.0,
        "Basic Average Shares": 113270655.0,
        "Diluted EPS": -0.05,
        "Basic EPS": -0.05,
        "Diluted NI Availto Com Stockholders": NaN,
        "Net Income Common Stockholders": NaN,
        "Net Income": NaN,
        "Net Income Including Noncontrolling Interests": NaN,
        "Net Income Continuous Operations": NaN,
        "Pretax Income": NaN,
        "Other Income Expense": NaN,
        "Other Non Operating Income Expenses": NaN,
        "Special Income Charges": 0.0,
        "Gain On Sale Of Ppe": 0.0,
        "Net Non Operating Interest Income Expense": NaN,
        "Interest Income Non Operating": NaN,
        "Operating Income": NaN,
        "Operating Expense": NaN,
        "Research And Development": NaN,
        "Selling General And Administration": NaN,
        "General And Administrative Expense": NaN,
        "Other Gand A": NaN,
        "Gross Profit": 0.0,
        "Cost Of Revenue": 0.0,
        "Total Revenue": NaN,
        "Operating Revenue": NaN
    },
    "2022-12-31": {
        "Tax Effect Of Unusual Items": NaN,
        "Tax Rate For Calcs": NaN,
        "Normalized EBITDA": NaN,
        "Total Unusual Items": 0.0,
        "Total Unusual Items Excluding Goodwill": 0.0,
        "Net Income From Continuing Operation Net Minority Interest": NaN,
        "Reconciled Depreciation": NaN,
        "Reconciled Cost Of Revenue": NaN,
        "EBITDA": NaN,
        "EBIT": NaN,
        "Net Interest Income": NaN,
        "Interest Income": NaN,
        "Normalized Income": NaN,
        "Net Income From Continuing And Discontinued Operation": NaN,
        "Total Expenses": NaN,
        "Total Operating Income As Reported": NaN,
        "Diluted Average Shares": NaN,
        "Basic Average Shares": NaN,
        "Diluted EPS": NaN,
        "Basic EPS": NaN,
        "Diluted NI Availto Com Stockholders": NaN,
        "Net Income Common Stockholders": NaN,
        "Net Income": NaN,
        "Net Income Including Noncontrolling Interests": NaN,
        "Net Income Continuous Operations": NaN,
        "Pretax Income": NaN,
        "Other Income Expense": NaN,
        "Other Non Operating Income Expenses": NaN,
        "Special Income Charges": 0.0,
        "Gain On Sale Of Ppe": NaN,
        "Net Non Operating Interest Income Expense": NaN,
        "Interest Income Non Operating": NaN,
        "Operating Income": NaN,
        "Operating Expense": NaN,
        "Research And Development": NaN,
        "Selling General And Administration": NaN,
        "General And Administrative Expense": NaN,
        "Other Gand A": NaN,
        "Gross Profit": NaN,
        "Cost Of Revenue": NaN,
        "Total Revenue": NaN,
        "Operating Revenue": NaN
    },
    "2022-09-30": {
        "Tax Effect Of Unusual Items": NaN,
        "Tax Rate For Calcs": NaN,
        "Normalized EBITDA": NaN,
        "Total Unusual Items": 0.0,
        "Total Unusual Items Excluding Goodwill": 0.0,
        "Net Income From Continuing Operation Net Minority Interest": NaN,
        "Reconciled Depreciation": NaN,
        "Reconciled Cost Of Revenue": NaN,
        "EBITDA": NaN,
        "EBIT": NaN,
        "Net Interest Income": NaN,
        "Interest Income": NaN,
        "Normalized Income": NaN,
        "Net Income From Continuing And Discontinued Operation": NaN,
        "Total Expenses": NaN,
        "Total Operating Income As Reported": NaN,
        "Diluted Average Shares": 112111706.0,
        "Basic Average Shares": 112111706.0,
        "Diluted EPS": -0.04,
        "Basic EPS": -0.04,
        "Diluted NI Availto Com Stockholders": NaN,
        "Net Income Common Stockholders": NaN,
        "Net Income": NaN,
        "Net Income Including Noncontrolling Interests": NaN,
        "Net Income Continuous Operations": NaN,
        "Pretax Income": NaN,
        "Other Income Expense": NaN,
        "Other Non Operating Income Expenses": NaN,
        "Special Income Charges": 0.0,
        "Gain On Sale Of Ppe": NaN,
        "Net Non Operating Interest Income Expense": NaN,
        "Interest Income Non Operating": NaN,
        "Operating Income": NaN,
        "Operating Expense": NaN,
        "Research And Development": NaN,
        "Selling General And Administration": NaN,
        "General And Administrative Expense": NaN,
        "Other Gand A": NaN,
        "Gross Profit": NaN,
        "Cost Of Revenue": NaN,
        "Total Revenue": NaN,
        "Operating Revenue": NaN
    },
    "2022-06-30": {
        "Tax Effect Of Unusual Items": 0.0,
        "Tax Rate For Calcs": 0.0,
        "Normalized EBITDA": -3515971.0,
        "Total Unusual Items": 0.0,
        "Total Unusual Items Excluding Goodwill": 0.0,
        "Net Income From Continuing Operation Net Minority Interest": -3802598.0,
        "Reconciled Depreciation": 252381.0,
        "EBITDA": -3515971.0,
        "EBIT": -3768352.0,
        "Net Interest Income": 13398.0,
        "Interest Income": 13398.0,
        "Normalized Income": -3802598.0,
        "Net Income From Continuing And Discontinued Operation": -3802598.0,
        "Total Expenses": 3768352.0,
        "Total Operating Income As Reported": -3768352.0,
        "Diluted Average Shares": 111593709.0,
        "Basic Average Shares": 111593709.0,
        "Diluted EPS": -0.03,
        "Basic EPS": -0.03,
        "Diluted NI Availto Com Stockholders": -3802598.0,
        "Net Income Common Stockholders": -3802598.0,
        "Net Income": -3802598.0,
        "Net Income Including Noncontrolling Interests": -3802598.0,
        "Net Income Continuous Operations": -3802598.0,
        "Pretax Income": -3802598.0,
        "Other Income Expense": -47644.0,
        "Other Non Operating Income Expenses": -47644.0,
        "Special Income Charges": 0.0,
        "Net Non Operating Interest Income Expense": 13398.0,
        "Interest Income Non Operating": 13398.0,
        "Operating Income": -3768352.0,
        "Operating Expense": 3768352.0,
        "Research And Development": 2781215.0,
        "Selling General And Administration": 987137.0,
        "General And Administrative Expense": 987137.0,
        "Other Gand A": 987137.0,
        "Total Revenue": 0.0,
        "Operating Revenue": 0.0
    },
    "2022-03-31": {
        "Diluted EPS": -0.03,
        "Total Revenue": NaN,
        "Gross Profit": NaN,
        "Operating Income": -4,
        "EBIT": -3,
        "Net Income": -4
    },
    "2021-12-31": {
        "Diluted EPS": -0.08,
        "Total Revenue": NaN,
        "Gross Profit": NaN,
        "Operating Income": -7,
        "EBIT": -7,
        "Net Income": -8
    },
    "2021-09-30": {
        "Diluted EPS": -0.04,
        "Total Revenue": NaN,
        "Gross Profit": NaN,
        "Operating Income": -4,
        "EBIT": -4,
        "Net Income": -4
    },
    "2021-06-30": {
        "Diluted EPS": -0.04,
        "Total Revenue": NaN,
        "Gross Profit": NaN,
        "Operating Income": -3,
        "EBIT": -3,
        "Net Income": -5
    },
    "2021-03-31": {
        "Diluted EPS": -0.02,
        "Total Revenue": NaN,
        "Gross Profit": NaN,
        "Operating Income": -2,
        "EBIT": -2,
        "Net Income": -2
    },
    "2020-12-31": {
        "Diluted EPS": -0.01,
        "Total Revenue": NaN,
        "Gross Profit": NaN,
        "Operating Income": -2,
        "EBIT": -1,
        "Net Income": -2
    },
    "2020-09-30": {
        "Diluted EPS": -0.02,
        "Total Revenue": NaN,
        "Gross Profit": NaN,
        "Operating Income": -2,
        "EBIT": -1,
        "Net Income": -2
    },
    "2020-06-30": {
        "Diluted EPS": -0.02,
        "Total Revenue": NaN,
        "Gross Profit": NaN,
        "Operating Income": -2,
        "EBIT": -1,
        "Net Income": -2
    },
    "2020-03-31": {
        "Diluted EPS": -0.02,
        "Total Revenue": NaN,
        "Gross Profit": NaN,
        "Operating Income": -2,
        "EBIT": -2,
        "Net Income": -2
    },
    "2019-12-31": {
        "Diluted EPS": -0.01,
        "Total Revenue": NaN,
        "Gross Profit": NaN,
        "Operating Income": -1,
        "EBIT": -1,
        "Net Income": -1
    },
    "2019-09-30": {
        "Diluted EPS": -0.02,
        "Total Revenue": NaN,
        "Gross Profit": NaN,
        "Operating Income": -2,
        "EBIT": -1,
        "Net Income": -2
    },
    "2019-06-30": {
        "Diluted EPS": -0.02,
        "Total Revenue": NaN,
        "Gross Profit": NaN,
        "Operating Income": -2,
        "EBIT": -1,
        "Net Income": -2
    },
    "2019-03-31": {
        "Diluted EPS": -0.03,
        "Total Revenue": NaN,
        "Gross Profit": NaN,
        "Operating Income": -2,
        "EBIT": -2,
        "Net Income": -2
    },
    "2018-12-31": {
        "Diluted EPS": -0.02,
        "Total Revenue": NaN,
        "Gross Profit": NaN,
        "Operating Income": -1,
        "EBIT": -1,
        "Net Income": -1
    },
    "2018-09-30": {
        "Diluted EPS": -0.02,
        "Total Revenue": NaN,
        "Gross Profit": NaN,
        "Operating Income": -1,
        "EBIT": -1,
        "Net Income": -1
    },
    "2018-06-30": {
        "Diluted EPS": -0.02,
        "Total Revenue": NaN,
        "Gross Profit": NaN,
        "Operating Income": -1,
        "EBIT": -1,
        "Net Income": -1
    },
    "2018-03-31": {
        "Diluted EPS": -0.02,
        "Total Revenue": NaN,
        "Gross Profit": NaN,
        "Operating Income": -1,
        "EBIT": -1,
        "Net Income": -2
    },
    "2017-12-31": {
        "Diluted EPS": -0.02,
        "Total Revenue": NaN,
        "Gross Profit": NaN,
        "Operating Income": -1,
        "EBIT": -1,
        "Net Income": -2
    },
    "2017-09-30": {
        "Diluted EPS": -0.02,
        "Total Revenue": NaN,
        "Gross Profit": NaN,
        "Operating Income": -1,
        "EBIT": -1,
        "Net Income": -1
    },
    "2017-06-30": {
        "Diluted EPS": -0.02,
        "Total Revenue": NaN,
        "Gross Profit": NaN,
        "Operating Income": -2,
        "EBIT": -2,
        "Net Income": -2
    },
    "2017-03-31": {
        "Diluted EPS": -0.02,
        "Total Revenue": NaN,
        "Gross Profit": NaN,
        "Operating Income": -1,
        "EBIT": -1,
        "Net Income": -1
    },
    "2016-12-31": {
        "Diluted EPS": -0.02,
        "Total Revenue": NaN,
        "Gross Profit": NaN,
        "Operating Income": -1,
        "EBIT": -1,
        "Net Income": -1
    },
    "2016-09-30": {
        "Diluted EPS": -0.01,
        "Total Revenue": NaN,
        "Gross Profit": NaN,
        "Operating Income": -1,
        "EBIT": -1,
        "Net Income": -1
    },
    "2016-06-30": {
        "Diluted EPS": -0.02,
        "Total Revenue": NaN,
        "Gross Profit": NaN,
        "Operating Income": -1,
        "EBIT": -1,
        "Net Income": -1
    },
    "2016-03-31": {
        "Diluted EPS": -0.02,
        "Total Revenue": NaN,
        "Gross Profit": NaN,
        "Operating Income": -1,
        "EBIT": -1,
        "Net Income": -1
    },
    "2015-12-31": {
        "Diluted EPS": -0.01,
        "Total Revenue": NaN,
        "Gross Profit": NaN,
        "Operating Income": -1,
        "EBIT": -1,
        "Net Income": -1
    },
    "2015-09-30": {
        "Diluted EPS": -0.03,
        "Total Revenue": NaN,
        "Gross Profit": NaN,
        "Operating Income": -2,
        "EBIT": -2,
        "Net Income": -2
    },
    "2015-06-30": {
        "Diluted EPS": -0.02,
        "Total Revenue": NaN,
        "Gross Profit": NaN,
        "Operating Income": -1,
        "EBIT": -1,
        "Net Income": -1
    },
    "2015-03-31": {
        "Diluted EPS": -0.02,
        "Total Revenue": NaN,
        "Gross Profit": NaN,
        "Operating Income": -1,
        "EBIT": -1,
        "Net Income": -1
    },
    "2014-12-31": {
        "Diluted EPS": -0.02,
        "Total Revenue": NaN,
        "Gross Profit": NaN,
        "Operating Income": -1,
        "EBIT": -1,
        "Net Income": -1
    },
    "2014-09-30": {
        "Diluted EPS": -0.02,
        "Total Revenue": NaN,
        "Gross Profit": NaN,
        "Operating Income": -1,
        "EBIT": -1,
        "Net Income": -1
    },
    "2014-06-30": {
        "Diluted EPS": -0.02,
        "Total Revenue": NaN,
        "Gross Profit": NaN,
        "Operating Income": -1,
        "EBIT": -1,
        "Net Income": -1
    },
    "2014-03-31": {
        "Diluted EPS": -0.02,
        "Total Revenue": 0,
        "Gross Profit": 0,
        "Operating Income": -1,
        "EBIT": -1,
        "Net Income": -1
    },
    "2013-12-31": {
        "Diluted EPS": -0.02,
        "Total Revenue": NaN,
        "Gross Profit": NaN,
        "Operating Income": -1,
        "EBIT": -1,
        "Net Income": -1
    },
    "2013-09-30": {
        "Diluted EPS": -0.02,
        "Total Revenue": NaN,
        "Gross Profit": NaN,
        "Operating Income": -1,
        "EBIT": -1,
        "Net Income": -1
    },
    "2013-06-30": {
        "Diluted EPS": -0.02,
        "Total Revenue": NaN,
        "Gross Profit": NaN,
        "Operating Income": -1,
        "EBIT": -1,
        "Net Income": -1
    },
    "2013-03-31": {
        "Diluted EPS": -0.02,
        "Total Revenue": NaN,
        "Gross Profit": NaN,
        "Operating Income": -1,
        "EBIT": -1,
        "Net Income": -1
    },
    "2012-12-31": {
        "Diluted EPS": -0.03,
        "Total Revenue": NaN,
        "Gross Profit": NaN,
        "Operating Income": -2,
        "EBIT": -2,
        "Net Income": -2
    },
    "2012-09-30": {
        "Diluted EPS": -0.02,
        "Total Revenue": NaN,
        "Gross Profit": NaN,
        "Operating Income": -1,
        "EBIT": -1,
        "Net Income": -1
    },
    "2012-06-30": {
        "Diluted EPS": -0.02,
        "Total Revenue": NaN,
        "Gross Profit": NaN,
        "Operating Income": -1,
        "EBIT": -1,
        "Net Income": -1
    },
    "2012-03-31": {
        "Diluted EPS": -0.02,
        "Total Revenue": NaN,
        "Gross Profit": NaN,
        "Operating Income": -1,
        "EBIT": -1,
        "Net Income": -1
    },
    "2010-12-31": {
        "Diluted EPS": 0.0,
        "Total Revenue": NaN,
        "Gross Profit": NaN,
        "Operating Income": NaN,
        "EBIT": NaN,
        "Net Income": NaN
    },
    "2010-09-30": {
        "Diluted EPS": 0.0,
        "Total Revenue": NaN,
        "Gross Profit": NaN,
        "Operating Income": NaN,
        "EBIT": NaN,
        "Net Income": NaN
    },
    "2023-06-30": {
        "Tax Effect Of Unusual Items": NaN,
        "Tax Rate For Calcs": NaN,
        "Normalized EBITDA": NaN,
        "Total Unusual Items": 0.0,
        "Total Unusual Items Excluding Goodwill": 0.0,
        "Net Income From Continuing Operation Net Minority Interest": NaN,
        "Reconciled Depreciation": NaN,
        "Reconciled Cost Of Revenue": 0.0,
        "EBITDA": NaN,
        "EBIT": NaN,
        "Net Interest Income": NaN,
        "Interest Income": NaN,
        "Normalized Income": NaN,
        "Net Income From Continuing And Discontinued Operation": NaN,
        "Total Expenses": NaN,
        "Total Operating Income As Reported": NaN,
        "Diluted Average Shares": 114857638.0,
        "Basic Average Shares": 114857638.0,
        "Diluted EPS": -0.05,
        "Basic EPS": -0.05,
        "Diluted NI Availto Com Stockholders": NaN,
        "Net Income Common Stockholders": NaN,
        "Net Income": NaN,
        "Net Income Including Noncontrolling Interests": NaN,
        "Net Income Continuous Operations": NaN,
        "Pretax Income": NaN,
        "Other Income Expense": NaN,
        "Other Non Operating Income Expenses": NaN,
        "Special Income Charges": 0.0,
        "Gain On Sale Of Ppe": 0.0,
        "Net Non Operating Interest Income Expense": NaN,
        "Interest Income Non Operating": NaN,
        "Operating Income": NaN,
        "Operating Expense": NaN,
        "Research And Development": NaN,
        "Selling General And Administration": NaN,
        "General And Administrative Expense": NaN,
        "Other Gand A": NaN,
        "Gross Profit": 0.0,
        "Cost Of Revenue": 0.0,
        "Total Revenue": NaN,
        "Operating Revenue": NaN
    },
    "2023-09-30": {
        "Tax Effect Of Unusual Items": 0.0,
        "Tax Rate For Calcs": 0.0,
        "Normalized EBITDA": -5074132.0,
        "Total Unusual Items": 0.0,
        "Total Unusual Items Excluding Goodwill": 0.0,
        "Net Income From Continuing Operation Net Minority Interest": -5164591.0,
        "Reconciled Depreciation": 312144.0,
        "Reconciled Cost Of Revenue": 0.0,
        "EBITDA": -5074132.0,
        "EBIT": -5386276.0,
        "Net Interest Income": 246987.0,
        "Interest Income": 246987.0,
        "Normalized Income": -5164591.0,
        "Net Income From Continuing And Discontinued Operation": -5164591.0,
        "Total Expenses": 5386276.0,
        "Total Operating Income As Reported": -5386276.0,
        "Diluted Average Shares": 116491837.0,
        "Basic Average Shares": 116491837.0,
        "Diluted EPS": -0.04,
        "Basic EPS": -0.04,
        "Diluted NI Availto Com Stockholders": -5164591.0,
        "Net Income Common Stockholders": -5164591.0,
        "Net Income": -5164591.0,
        "Net Income Including Noncontrolling Interests": -5164591.0,
        "Net Income Continuous Operations": -5164591.0,
        "Pretax Income": -5164591.0,
        "Other Income Expense": -25302.0,
        "Other Non Operating Income Expenses": -25302.0,
        "Special Income Charges": 0.0,
        "Gain On Sale Of Ppe": 0.0,
        "Net Non Operating Interest Income Expense": 246987.0,
        "Interest Income Non Operating": 246987.0,
        "Operating Income": -5386276.0,
        "Operating Expense": 5386276.0,
        "Research And Development": 4040941.0,
        "Selling General And Administration": 1345335.0,
        "General And Administrative Expense": 1345335.0,
        "Other Gand A": 1345335.0,
        "Gross Profit": 0.0,
        "Cost Of Revenue": 0.0,
        "Total Revenue": 0.0,
        "Operating Revenue": 0.0
    },
    "2023-12-31": {
        "Tax Effect Of Unusual Items": 0.0,
        "Tax Rate For Calcs": 0.0,
        "Normalized EBITDA": -4971018.0,
        "Total Unusual Items": NaN,
        "Total Unusual Items Excluding Goodwill": NaN,
        "Net Income From Continuing Operation Net Minority Interest": -4939676.0,
        "Reconciled Depreciation": 367974.0,
        "Reconciled Cost Of Revenue": NaN,
        "EBITDA": -4971018.0,
        "EBIT": -5338992.0,
        "Net Interest Income": 253586.0,
        "Interest Income": 253586.0,
        "Normalized Income": -4939676.0,
        "Net Income From Continuing And Discontinued Operation": -4939676.0,
        "Total Expenses": 5379494.0,
        "Total Operating Income As Reported": -5338992.0,
        "Diluted Average Shares": NaN,
        "Basic Average Shares": NaN,
        "Diluted EPS": NaN,
        "Basic EPS": NaN,
        "Diluted NI Availto Com Stockholders": -4939676.0,
        "Net Income Common Stockholders": -4939676.0,
        "Net Income": -4939676.0,
        "Net Income Including Noncontrolling Interests": -4939676.0,
        "Net Income Continuous Operations": -4939676.0,
        "Pretax Income": -4939676.0,
        "Other Income Expense": 145730.0,
        "Other Non Operating Income Expenses": -69779.0,
        "Special Income Charges": NaN,
        "Gain On Sale Of Ppe": NaN,
        "Net Non Operating Interest Income Expense": 253586.0,
        "Interest Income Non Operating": 253586.0,
        "Operating Income": -5338992.0,
        "Operating Expense": 5376981.0,
        "Research And Development": 3896931.0,
        "Selling General And Administration": 1480050.0,
        "General And Administrative Expense": 1480050.0,
        "Other Gand A": 1480050.0,
        "Gross Profit": NaN,
        "Cost Of Revenue": NaN,
        "Total Revenue": 40502.0,
        "Operating Revenue": 40502.0
    },
    "2024-03-31": {
        "Tax Effect Of Unusual Items": 0.0,
        "Tax Rate For Calcs": 0.0,
        "Normalized EBITDA": -5414195.0,
        "Total Unusual Items": -3166.0,
        "Total Unusual Items Excluding Goodwill": -3166.0,
        "Net Income From Continuing Operation Net Minority Interest": -5679911.0,
        "Reconciled Depreciation": 433509.0,
        "Reconciled Cost Of Revenue": 5175.0,
        "EBITDA": -5417361.0,
        "EBIT": -5850870.0,
        "Net Interest Income": 253336.0,
        "Interest Income": 253336.0,
        "Normalized Income": -5676745.0,
        "Net Income From Continuing And Discontinued Operation": -5679911.0,
        "Total Expenses": 5881287.0,
        "Total Operating Income As Reported": -5850870.0,
        "Diluted Average Shares": 118950591.0,
        "Basic Average Shares": 118950591.0,
        "Diluted EPS": -0.05,
        "Basic EPS": -0.05,
        "Diluted NI Availto Com Stockholders": -5679911.0,
        "Net Income Common Stockholders": -5679911.0,
        "Net Income": -5679911.0,
        "Net Income Including Noncontrolling Interests": -5679911.0,
        "Net Income Continuous Operations": -5679911.0,
        "Pretax Income": -5679911.0,
        "Other Income Expense": -82377.0,
        "Other Non Operating Income Expenses": -79211.0,
        "Special Income Charges": -3166.0,
        "Gain On Sale Of Ppe": -3166.0,
        "Net Non Operating Interest Income Expense": 253336.0,
        "Interest Income Non Operating": 253336.0,
        "Operating Income": -5850870.0,
        "Operating Expense": 5876112.0,
        "Research And Development": 4620662.0,
        "Selling General And Administration": 1255450.0,
        "General And Administrative Expense": 1255450.0,
        "Other Gand A": 1255450.0,
        "Gross Profit": 25242.0,
        "Cost Of Revenue": 5175.0,
        "Total Revenue": 30417.0,
        "Operating Revenue": 30417.0
    },
    "2024-06-30": {
        "Tax Effect Of Unusual Items": 0.0,
        "Tax Rate For Calcs": 0.0,
        "Normalized EBITDA": -5773594.0,
        "Total Unusual Items": 0.0,
        "Total Unusual Items Excluding Goodwill": 0.0,
        "Net Income From Continuing Operation Net Minority Interest": -6019684.0,
        "Reconciled Depreciation": 465981.0,
        "Reconciled Cost Of Revenue": 0.0,
        "EBITDA": -5773594.0,
        "EBIT": -6239575.0,
        "Net Interest Income": 251730.0,
        "Interest Income": 251730.0,
        "Normalized Income": -6019684.0,
        "Net Income From Continuing And Discontinued Operation": -6019684.0,
        "Total Expenses": 6258930.0,
        "Total Operating Income As Reported": -6239575.0,
        "Diluted Average Shares": 120179570.0,
        "Basic Average Shares": 120179570.0,
        "Diluted EPS": -0.05,
        "Basic EPS": -0.05,
        "Diluted NI Availto Com Stockholders": -6019684.0,
        "Net Income Common Stockholders": -6019684.0,
        "Net Income": -6019684.0,
        "Net Income Including Noncontrolling Interests": -6019684.0,
        "Net Income Continuous Operations": -6019684.0,
        "Pretax Income": -6019684.0,
        "Other Income Expense": -31839.0,
        "Other Non Operating Income Expenses": -31839.0,
        "Special Income Charges": 0.0,
        "Gain On Sale Of Ppe": 0.0,
        "Net Non Operating Interest Income Expense": 251730.0,
        "Interest Income Non Operating": 251730.0,
        "Operating Income": -6239575.0,
        "Operating Expense": 6258930.0,
        "Research And Development": 4362258.0,
        "Selling General And Administration": 1896672.0,
        "General And Administrative Expense": 1896672.0,
        "Other Gand A": 1896672.0,
        "Gross Profit": 19355.0,
        "Cost Of Revenue": 0.0,
        "Total Revenue": 19355.0,
        "Operating Revenue": 19355.0
    },
    "2024-09-30": {
        "Tax Effect Of Unusual Items": 0.0,
        "Tax Rate For Calcs": 0.0,
        "Normalized EBITDA": -4602440.0,
        "Total Unusual Items": -210274.0,
        "Total Unusual Items Excluding Goodwill": -210274.0,
        "Net Income From Continuing Operation Net Minority Interest": -5300913.0,
        "Reconciled Depreciation": 484388.0,
        "Reconciled Cost Of Revenue": 1236.0,
        "EBITDA": -4812714.0,
        "EBIT": -5297102.0,
        "Net Interest Income": 222404.0,
        "Interest Income": 222404.0,
        "Normalized Income": -5090639.0,
        "Net Income From Continuing And Discontinued Operation": -5300913.0,
        "Total Expenses": 5320018.0,
        "Total Operating Income As Reported": -5297102.0,
        "Diluted Average Shares": 120901708.0,
        "Basic Average Shares": 120901708.0,
        "Diluted EPS": -0.04,
        "Basic EPS": -0.04,
        "Diluted NI Availto Com Stockholders": -5300913.0,
        "Net Income Common Stockholders": -5300913.0,
        "Net Income": -5300913.0,
        "Net Income Including Noncontrolling Interests": -5300913.0,
        "Net Income Continuous Operations": -5300913.0,
        "Pretax Income": -5300913.0,
        "Other Income Expense": -226215.0,
        "Other Non Operating Income Expenses": -15941.0,
        "Special Income Charges": -210274.0,
        "Gain On Sale Of Ppe": -210274.0,
        "Net Non Operating Interest Income Expense": 222404.0,
        "Interest Income Non Operating": 222404.0,
        "Operating Income": -5297102.0,
        "Operating Expense": 5318782.0,
        "Research And Development": 3828301.0,
        "Selling General And Administration": 1490481.0,
        "General And Administrative Expense": 1490481.0,
        "Other Gand A": 1490481.0,
        "Gross Profit": 21680.0,
        "Cost Of Revenue": 1236.0,
        "Total Revenue": 22916.0,
        "Operating Revenue": 22916.0
    }
}