{
    "2023-03-31": {
        "Tax Effect Of Unusual Items": NaN,
        "Tax Rate For Calcs": NaN,
        "Normalized EBITDA": NaN,
        "Total Unusual Items": NaN,
        "Total Unusual Items Excluding Goodwill": NaN,
        "Net Income From Continuing Operation Net Minority Interest": NaN,
        "Reconciled Cost Of Revenue": NaN,
        "EBITDA": NaN,
        "EBIT": NaN,
        "Net Interest Income": NaN,
        "Interest Expense": NaN,
        "Normalized Income": NaN,
        "Net Income From Continuing And Discontinued Operation": NaN,
        "Total Expenses": NaN,
        "Diluted Average Shares": NaN,
        "Basic Average Shares": NaN,
        "Diluted EPS": NaN,
        "Basic EPS": NaN,
        "Diluted NI Availto Com Stockholders": NaN,
        "Net Income Common Stockholders": NaN,
        "Net Income": NaN,
        "Minority Interests": 0.0,
        "Net Income Including Noncontrolling Interests": NaN,
        "Net Income Continuous Operations": NaN,
        "Tax Provision": NaN,
        "Pretax Income": NaN,
        "Other Income Expense": NaN,
        "Other Non Operating Income Expenses": NaN,
        "Gain On Sale Of Security": NaN,
        "Net Non Operating Interest Income Expense": NaN,
        "Total Other Finance Cost": NaN,
        "Interest Expense Non Operating": NaN,
        "Operating Income": NaN,
        "Operating Expense": NaN,
        "Research And Development": NaN,
        "Selling General And Administration": NaN,
        "Selling And Marketing Expense": NaN,
        "General And Administrative Expense": NaN,
        "Other Gand A": NaN,
        "Gross Profit": NaN,
        "Cost Of Revenue": NaN,
        "Total Revenue": NaN,
        "Operating Revenue": NaN
    },
    "2022-12-31": {
        "Tax Effect Of Unusual Items": NaN,
        "Tax Rate For Calcs": NaN,
        "Normalized EBITDA": NaN,
        "Total Unusual Items": NaN,
        "Total Unusual Items Excluding Goodwill": NaN,
        "Net Income From Continuing Operation Net Minority Interest": NaN,
        "Reconciled Cost Of Revenue": NaN,
        "EBITDA": NaN,
        "EBIT": NaN,
        "Net Interest Income": NaN,
        "Interest Expense": NaN,
        "Normalized Income": NaN,
        "Net Income From Continuing And Discontinued Operation": NaN,
        "Total Expenses": NaN,
        "Diluted Average Shares": NaN,
        "Basic Average Shares": NaN,
        "Diluted EPS": NaN,
        "Basic EPS": NaN,
        "Diluted NI Availto Com Stockholders": NaN,
        "Net Income Common Stockholders": NaN,
        "Net Income": NaN,
        "Minority Interests": 113000.0,
        "Net Income Including Noncontrolling Interests": NaN,
        "Net Income Continuous Operations": NaN,
        "Tax Provision": NaN,
        "Pretax Income": NaN,
        "Other Income Expense": NaN,
        "Other Non Operating Income Expenses": NaN,
        "Gain On Sale Of Security": NaN,
        "Net Non Operating Interest Income Expense": NaN,
        "Total Other Finance Cost": NaN,
        "Interest Expense Non Operating": NaN,
        "Operating Income": NaN,
        "Operating Expense": NaN,
        "Research And Development": NaN,
        "Selling General And Administration": NaN,
        "Selling And Marketing Expense": NaN,
        "General And Administrative Expense": NaN,
        "Other Gand A": NaN,
        "Gross Profit": NaN,
        "Cost Of Revenue": NaN,
        "Total Revenue": NaN,
        "Operating Revenue": NaN
    },
    "2022-09-30": {
        "Tax Effect Of Unusual Items": 24271989.784169,
        "Tax Rate For Calcs": 0.204397,
        "Normalized EBITDA": 243974000.0,
        "Total Unusual Items": 118749000.0,
        "Total Unusual Items Excluding Goodwill": 118749000.0,
        "Net Income From Continuing Operation Net Minority Interest": 275462000.0,
        "Reconciled Cost Of Revenue": 1793080000.0,
        "EBITDA": 362723000.0,
        "EBIT": 362723000.0,
        "Net Interest Income": -16202000.0,
        "Interest Expense": 16202000.0,
        "Normalized Income": 180984989.784169,
        "Net Income From Continuing And Discontinued Operation": 275462000.0,
        "Total Expenses": 2462573000.0,
        "Diluted Average Shares": 190762093.0,
        "Basic Average Shares": 168450272.0,
        "Diluted EPS": 1.5,
        "Basic EPS": 1.64,
        "Diluted NI Availto Com Stockholders": 275462000.0,
        "Net Income Common Stockholders": 275462000.0,
        "Net Income": 275462000.0,
        "Minority Interests": -231000.0,
        "Net Income Including Noncontrolling Interests": 275693000.0,
        "Net Income Continuous Operations": 275693000.0,
        "Tax Provision": 70828000.0,
        "Pretax Income": 346521000.0,
        "Other Income Expense": 134959000.0,
        "Other Non Operating Income Expenses": 16210000.0,
        "Gain On Sale Of Security": 118749000.0,
        "Net Non Operating Interest Income Expense": -16202000.0,
        "Interest Expense Non Operating": 16202000.0,
        "Operating Income": 227764000.0,
        "Operating Expense": 669493000.0,
        "Research And Development": 140560000.0,
        "Selling General And Administration": 528933000.0,
        "Selling And Marketing Expense": 424544000.0,
        "General And Administrative Expense": 104389000.0,
        "Other Gand A": 104389000.0,
        "Gross Profit": 897257000.0,
        "Cost Of Revenue": 1793080000.0,
        "Total Revenue": 2690337000.0,
        "Operating Revenue": 2690337000.0
    },
    "2022-06-30": {
        "Tax Effect Of Unusual Items": 60066002.379771,
        "Tax Rate For Calcs": 0.193335,
        "Normalized EBITDA": -87159000.0,
        "Total Unusual Items": 310684000.0,
        "Total Unusual Items Excluding Goodwill": 310684000.0,
        "Net Income From Continuing Operation Net Minority Interest": 164775000.0,
        "Reconciled Cost Of Revenue": 1779554000.0,
        "EBITDA": 223525000.0,
        "EBIT": 223525000.0,
        "Net Interest Income": -15942000.0,
        "Interest Expense": 15942000.0,
        "Normalized Income": -85842997.620229,
        "Net Income From Continuing And Discontinued Operation": 164775000.0,
        "Total Expenses": 2524663000.0,
        "Diluted Average Shares": 201247572.0,
        "Basic Average Shares": 178886580.0,
        "Diluted EPS": 0.88,
        "Basic EPS": 0.92,
        "Diluted NI Availto Com Stockholders": 164775000.0,
        "Net Income Common Stockholders": 164775000.0,
        "Net Income": 164775000.0,
        "Minority Interests": -2675000.0,
        "Net Income Including Noncontrolling Interests": 167450000.0,
        "Net Income Continuous Operations": 167450000.0,
        "Tax Provision": 40133000.0,
        "Pretax Income": 207583000.0,
        "Other Income Expense": 335358000.0,
        "Other Non Operating Income Expenses": 24674000.0,
        "Gain On Sale Of Security": 310684000.0,
        "Net Non Operating Interest Income Expense": -15942000.0,
        "Interest Expense Non Operating": 15942000.0,
        "Operating Income": -111833000.0,
        "Operating Expense": 745109000.0,
        "Research And Development": 154529000.0,
        "Selling General And Administration": 590580000.0,
        "Selling And Marketing Expense": 477453000.0,
        "General And Administrative Expense": 113127000.0,
        "Other Gand A": 113127000.0,
        "Gross Profit": 633276000.0,
        "Cost Of Revenue": 1779554000.0,
        "Total Revenue": 2412830000.0,
        "Operating Revenue": 2412830000.0
    },
    "2023-06-30": {
        "Tax Effect Of Unusual Items": NaN,
        "Tax Rate For Calcs": NaN,
        "Normalized EBITDA": NaN,
        "Total Unusual Items": NaN,
        "Total Unusual Items Excluding Goodwill": NaN,
        "Net Income From Continuing Operation Net Minority Interest": NaN,
        "Reconciled Cost Of Revenue": NaN,
        "EBITDA": NaN,
        "EBIT": NaN,
        "Net Interest Income": NaN,
        "Interest Expense": 21804000.0,
        "Normalized Income": NaN,
        "Net Income From Continuing And Discontinued Operation": NaN,
        "Total Expenses": NaN,
        "Diluted Average Shares": NaN,
        "Basic Average Shares": NaN,
        "Diluted EPS": NaN,
        "Basic EPS": NaN,
        "Diluted NI Availto Com Stockholders": NaN,
        "Net Income Common Stockholders": NaN,
        "Net Income": NaN,
        "Minority Interests": 0.0,
        "Net Income Including Noncontrolling Interests": NaN,
        "Net Income Continuous Operations": NaN,
        "Tax Provision": NaN,
        "Pretax Income": NaN,
        "Other Income Expense": NaN,
        "Other Non Operating Income Expenses": NaN,
        "Gain On Sale Of Security": NaN,
        "Net Non Operating Interest Income Expense": NaN,
        "Total Other Finance Cost": 21804000.0,
        "Interest Expense Non Operating": 21804000.0,
        "Operating Income": NaN,
        "Operating Expense": NaN,
        "Research And Development": NaN,
        "Selling General And Administration": NaN,
        "Selling And Marketing Expense": NaN,
        "General And Administrative Expense": NaN,
        "Other Gand A": NaN,
        "Gross Profit": NaN,
        "Cost Of Revenue": NaN,
        "Total Revenue": NaN,
        "Operating Revenue": NaN
    },
    "2023-09-30": {
        "Tax Effect Of Unusual Items": -58472135.888616,
        "Tax Rate For Calcs": 0.23756,
        "Normalized EBITDA": 746594000.0,
        "Total Unusual Items": -246136000.0,
        "Total Unusual Items Excluding Goodwill": -246136000.0,
        "Net Income From Continuing Operation Net Minority Interest": 370625000.0,
        "Reconciled Cost Of Revenue": 2152592000.0,
        "EBITDA": 500458000.0,
        "EBIT": 500458000.0,
        "Net Interest Income": -14354000.0,
        "Interest Expense": 14354000.0,
        "Normalized Income": 558288864.111384,
        "Net Income From Continuing And Discontinued Operation": 370625000.0,
        "Total Expenses": 2775351000.0,
        "Diluted Average Shares": 177610676.0,
        "Basic Average Shares": 164496792.0,
        "Diluted EPS": 2.2,
        "Basic EPS": 2.26,
        "Diluted NI Availto Com Stockholders": 370625000.0,
        "Net Income Common Stockholders": 370625000.0,
        "Net Income": 370625000.0,
        "Minority Interests": 0.0,
        "Net Income Including Noncontrolling Interests": 370625000.0,
        "Net Income Continuous Operations": 370625000.0,
        "Tax Provision": 115479000.0,
        "Pretax Income": 486104000.0,
        "Other Income Expense": -233126000.0,
        "Other Non Operating Income Expenses": 13010000.0,
        "Gain On Sale Of Security": -246136000.0,
        "Net Non Operating Interest Income Expense": -14354000.0,
        "Total Other Finance Cost": NaN,
        "Interest Expense Non Operating": 14354000.0,
        "Operating Income": 733584000.0,
        "Operating Expense": 622759000.0,
        "Research And Development": 126582000.0,
        "Selling General And Administration": 496177000.0,
        "Selling And Marketing Expense": 410651000.0,
        "General And Administrative Expense": 85526000.0,
        "Other Gand A": 85526000.0,
        "Gross Profit": 1356343000.0,
        "Cost Of Revenue": 2152592000.0,
        "Total Revenue": 3508935000.0,
        "Operating Revenue": 3508935000.0
    },
    "2023-12-31": {
        "Tax Effect Of Unusual Items": -152740750.0,
        "Tax Rate For Calcs": 0.25,
        "Normalized EBITDA": 623579000.0,
        "Total Unusual Items": -610963000.0,
        "Total Unusual Items Excluding Goodwill": -610963000.0,
        "Net Income From Continuing Operation Net Minority Interest": 12097000.0,
        "Reconciled Cost Of Revenue": 2251359000.0,
        "EBITDA": 12616000.0,
        "EBIT": 12616000.0,
        "Net Interest Income": -10245000.0,
        "Interest Expense": 10245000.0,
        "Normalized Income": 470319250.0,
        "Net Income From Continuing And Discontinued Operation": 12097000.0,
        "Total Expenses": 2925074000.0,
        "Diluted Average Shares": 165970692.0,
        "Basic Average Shares": 164648820.0,
        "Diluted EPS": 0.08,
        "Basic EPS": 0.08,
        "Diluted NI Availto Com Stockholders": 85904000.0,
        "Net Income Common Stockholders": 12097000.0,
        "Net Income": 12097000.0,
        "Minority Interests": 0.0,
        "Net Income Including Noncontrolling Interests": 12097000.0,
        "Net Income Continuous Operations": 12097000.0,
        "Tax Provision": -9726000.0,
        "Pretax Income": 2371000.0,
        "Other Income Expense": -571746000.0,
        "Other Non Operating Income Expenses": 39217000.0,
        "Gain On Sale Of Security": -610963000.0,
        "Net Non Operating Interest Income Expense": -10245000.0,
        "Total Other Finance Cost": NaN,
        "Interest Expense Non Operating": 10245000.0,
        "Operating Income": 584362000.0,
        "Operating Expense": 673715000.0,
        "Research And Development": 135837000.0,
        "Selling General And Administration": 537878000.0,
        "Selling And Marketing Expense": 429573000.0,
        "General And Administrative Expense": 108305000.0,
        "Other Gand A": 108305000.0,
        "Gross Profit": 1258077000.0,
        "Cost Of Revenue": 2251359000.0,
        "Total Revenue": 3509436000.0,
        "Operating Revenue": 3170585000.0
    },
    "2024-03-31": {
        "Tax Effect Of Unusual Items": -66150803.964853,
        "Tax Rate For Calcs": 0.209449,
        "Normalized EBITDA": 574778000.0,
        "Total Unusual Items": -315833000.0,
        "Total Unusual Items Excluding Goodwill": -315833000.0,
        "Net Income From Continuing Operation Net Minority Interest": 201623000.0,
        "Reconciled Cost Of Revenue": 2045218000.0,
        "EBITDA": 258945000.0,
        "EBIT": 258945000.0,
        "Net Interest Income": -3904000.0,
        "Interest Expense": 3904000.0,
        "Normalized Income": 451305196.035147,
        "Net Income From Continuing And Discontinued Operation": 201623000.0,
        "Total Expenses": 2687577000.0,
        "Diluted Average Shares": 166825052.0,
        "Basic Average Shares": 165138571.0,
        "Diluted EPS": 1.2,
        "Basic EPS": 1.22,
        "Diluted NI Availto Com Stockholders": 201623000.0,
        "Net Income Common Stockholders": 201623000.0,
        "Net Income": 201623000.0,
        "Minority Interests": NaN,
        "Net Income Including Noncontrolling Interests": 201623000.0,
        "Net Income Continuous Operations": 201623000.0,
        "Tax Provision": 53418000.0,
        "Pretax Income": 255041000.0,
        "Other Income Expense": -295408000.0,
        "Other Non Operating Income Expenses": 20425000.0,
        "Gain On Sale Of Security": -315833000.0,
        "Net Non Operating Interest Income Expense": -3904000.0,
        "Total Other Finance Cost": NaN,
        "Interest Expense Non Operating": 3904000.0,
        "Operating Income": 554353000.0,
        "Operating Expense": 642359000.0,
        "Research And Development": 134982000.0,
        "Selling General And Administration": 507377000.0,
        "Selling And Marketing Expense": 417617000.0,
        "General And Administrative Expense": 89760000.0,
        "Other Gand A": 89760000.0,
        "Gross Profit": 1196712000.0,
        "Cost Of Revenue": 2045218000.0,
        "Total Revenue": 3241930000.0,
        "Operating Revenue": 3241930000.0
    },
    "2024-06-30": {
        "Tax Effect Of Unusual Items": -77105619.60876,
        "Tax Rate For Calcs": 0.209526,
        "Normalized EBITDA": 1004987000.0,
        "Total Unusual Items": -368001000.0,
        "Total Unusual Items Excluding Goodwill": -368001000.0,
        "Net Income From Continuing Operation Net Minority Interest": 226531000.0,
        "Reconciled Cost Of Revenue": 2292595000.0,
        "EBITDA": 636986000.0,
        "EBIT": 636986000.0,
        "Net Interest Income": 1988000.0,
        "Interest Expense": NaN,
        "Normalized Income": 517426380.39124,
        "Net Income From Continuing And Discontinued Operation": 226531000.0,
        "Total Expenses": 3003702000.0,
        "Diluted Average Shares": 167596211.0,
        "Basic Average Shares": 165390300.0,
        "Diluted EPS": 1.36,
        "Basic EPS": 1.36,
        "Diluted NI Availto Com Stockholders": 226531000.0,
        "Net Income Common Stockholders": 226531000.0,
        "Net Income": 226531000.0,
        "Minority Interests": NaN,
        "Net Income Including Noncontrolling Interests": 226531000.0,
        "Net Income Continuous Operations": 226531000.0,
        "Tax Provision": 60045000.0,
        "Pretax Income": 286576000.0,
        "Other Income Expense": -352398000.0,
        "Other Non Operating Income Expenses": 15603000.0,
        "Gain On Sale Of Security": -368001000.0,
        "Net Non Operating Interest Income Expense": 1988000.0,
        "Total Other Finance Cost": -1988000.0,
        "Interest Expense Non Operating": NaN,
        "Operating Income": 636986000.0,
        "Operating Expense": 711107000.0,
        "Research And Development": 143250000.0,
        "Selling General And Administration": 567857000.0,
        "Selling And Marketing Expense": 467423000.0,
        "General And Administrative Expense": 100434000.0,
        "Other Gand A": 100434000.0,
        "Gross Profit": 1348093000.0,
        "Cost Of Revenue": 2292595000.0,
        "Total Revenue": 3640688000.0,
        "Operating Revenue": 3640688000.0
    },
    "2024-09-30": {
        "Tax Effect Of Unusual Items": -29048008.396207,
        "Tax Rate For Calcs": 0.189047,
        "Normalized EBITDA": 539906000.0,
        "Total Unusual Items": -153655000.0,
        "Total Unusual Items Excluding Goodwill": -153655000.0,
        "Net Income From Continuing Operation Net Minority Interest": 309557000.0,
        "Reconciled Cost Of Revenue": 2454765000.0,
        "EBITDA": 386251000.0,
        "EBIT": 386251000.0,
        "Net Interest Income": -4531000.0,
        "Interest Expense": 4531000.0,
        "Normalized Income": 434163991.603793,
        "Net Income From Continuing And Discontinued Operation": 309557000.0,
        "Total Expenses": 3130643000.0,
        "Diluted Average Shares": 168303134.0,
        "Basic Average Shares": 165678002.0,
        "Diluted EPS": 1.84,
        "Basic EPS": 1.86,
        "Diluted NI Availto Com Stockholders": 309557000.0,
        "Net Income Common Stockholders": 309557000.0,
        "Net Income": 309557000.0,
        "Minority Interests": NaN,
        "Net Income Including Noncontrolling Interests": 309557000.0,
        "Net Income Continuous Operations": 309557000.0,
        "Tax Provision": 72163000.0,
        "Pretax Income": 381720000.0,
        "Other Income Expense": -145249000.0,
        "Other Non Operating Income Expenses": 8406000.0,
        "Gain On Sale Of Security": -153655000.0,
        "Net Non Operating Interest Income Expense": -4531000.0,
        "Total Other Finance Cost": NaN,
        "Interest Expense Non Operating": 4531000.0,
        "Operating Income": 531500000.0,
        "Operating Expense": 675878000.0,
        "Research And Development": 148930000.0,
        "Selling General And Administration": 526948000.0,
        "Selling And Marketing Expense": 437996000.0,
        "General And Administrative Expense": 88952000.0,
        "Other Gand A": 88952000.0,
        "Gross Profit": 1207378000.0,
        "Cost Of Revenue": 2454765000.0,
        "Total Revenue": 3662143000.0,
        "Operating Revenue": 3662143000.0
    }
}