{
    "2023-03-31": {
        "Tax Effect Of Unusual Items": NaN,
        "Tax Rate For Calcs": NaN,
        "Normalized EBITDA": NaN,
        "Net Income From Continuing Operation Net Minority Interest": NaN,
        "Reconciled Depreciation": NaN,
        "Reconciled Cost Of Revenue": NaN,
        "EBITDA": NaN,
        "EBIT": NaN,
        "Net Interest Income": NaN,
        "Interest Expense": NaN,
        "Interest Income": NaN,
        "Normalized Income": NaN,
        "Net Income From Continuing And Discontinued Operation": NaN,
        "Total Expenses": NaN,
        "Total Operating Income As Reported": NaN,
        "Diluted Average Shares": NaN,
        "Basic Average Shares": NaN,
        "Diluted EPS": NaN,
        "Basic EPS": NaN,
        "Diluted NI Availto Com Stockholders": NaN,
        "Net Income Common Stockholders": NaN,
        "Net Income": NaN,
        "Net Income Including Noncontrolling Interests": NaN,
        "Net Income Continuous Operations": NaN,
        "Pretax Income": NaN,
        "Net Non Operating Interest Income Expense": NaN,
        "Interest Expense Non Operating": NaN,
        "Interest Income Non Operating": NaN,
        "Operating Income": NaN,
        "Operating Expense": NaN,
        "Research And Development": NaN,
        "Selling General And Administration": NaN,
        "Selling And Marketing Expense": 16928000.0,
        "General And Administrative Expense": 19140000.0,
        "Other Gand A": 16928000.0,
        "Salaries And Wages": 2212000.0,
        "Gross Profit": NaN,
        "Cost Of Revenue": NaN,
        "Total Revenue": NaN,
        "Operating Revenue": NaN
    },
    "2022-12-31": {
        "Tax Effect Of Unusual Items": 0.0,
        "Tax Rate For Calcs": 0.0,
        "Normalized EBITDA": -29288000.0,
        "Net Income From Continuing Operation Net Minority Interest": -30494000.0,
        "Reconciled Depreciation": 103000.0,
        "Reconciled Cost Of Revenue": NaN,
        "EBITDA": -29288000.0,
        "EBIT": -29391000.0,
        "Net Interest Income": -216000.0,
        "Interest Expense": 1103000.0,
        "Interest Income": 887000.0,
        "Normalized Income": -30494000.0,
        "Net Income From Continuing And Discontinued Operation": -30494000.0,
        "Total Expenses": 30306000.0,
        "Total Operating Income As Reported": -30278000.0,
        "Diluted Average Shares": 188726000.0,
        "Basic Average Shares": 188726000.0,
        "Diluted EPS": -0.16,
        "Basic EPS": -0.16,
        "Diluted NI Availto Com Stockholders": -30494000.0,
        "Net Income Common Stockholders": -30494000.0,
        "Net Income": -30494000.0,
        "Net Income Including Noncontrolling Interests": -30494000.0,
        "Net Income Continuous Operations": -30494000.0,
        "Pretax Income": -30494000.0,
        "Net Non Operating Interest Income Expense": -216000.0,
        "Interest Expense Non Operating": 1103000.0,
        "Interest Income Non Operating": 887000.0,
        "Operating Income": -30278000.0,
        "Operating Expense": 30306000.0,
        "Research And Development": 13977000.0,
        "Selling General And Administration": 16329000.0,
        "Selling And Marketing Expense": NaN,
        "General And Administrative Expense": NaN,
        "Other Gand A": NaN,
        "Salaries And Wages": NaN,
        "Gross Profit": NaN,
        "Cost Of Revenue": NaN,
        "Total Revenue": 28000.0,
        "Operating Revenue": 28000.0
    },
    "2022-09-30": {
        "Tax Effect Of Unusual Items": NaN,
        "Tax Rate For Calcs": NaN,
        "Normalized EBITDA": NaN,
        "Net Income From Continuing Operation Net Minority Interest": NaN,
        "Reconciled Depreciation": NaN,
        "Reconciled Cost Of Revenue": NaN,
        "EBITDA": NaN,
        "EBIT": NaN,
        "Net Interest Income": NaN,
        "Interest Expense": NaN,
        "Interest Income": NaN,
        "Normalized Income": NaN,
        "Net Income From Continuing And Discontinued Operation": NaN,
        "Total Expenses": NaN,
        "Total Operating Income As Reported": NaN,
        "Diluted Average Shares": NaN,
        "Basic Average Shares": NaN,
        "Diluted EPS": NaN,
        "Basic EPS": NaN,
        "Diluted NI Availto Com Stockholders": NaN,
        "Net Income Common Stockholders": NaN,
        "Net Income": NaN,
        "Net Income Including Noncontrolling Interests": NaN,
        "Net Income Continuous Operations": NaN,
        "Pretax Income": NaN,
        "Net Non Operating Interest Income Expense": NaN,
        "Interest Expense Non Operating": NaN,
        "Interest Income Non Operating": NaN,
        "Operating Income": NaN,
        "Operating Expense": NaN,
        "Research And Development": NaN,
        "Selling General And Administration": NaN,
        "Selling And Marketing Expense": 10868000.0,
        "General And Administrative Expense": 12577000.0,
        "Other Gand A": 10868000.0,
        "Salaries And Wages": 1709000.0,
        "Gross Profit": NaN,
        "Cost Of Revenue": NaN,
        "Total Revenue": NaN,
        "Operating Revenue": NaN
    },
    "2022-06-30": {
        "Tax Effect Of Unusual Items": 0.0,
        "Tax Rate For Calcs": 0.0,
        "Normalized EBITDA": -23884000.0,
        "Net Income From Continuing Operation Net Minority Interest": -24587000.0,
        "Reconciled Depreciation": 107000.0,
        "Reconciled Cost Of Revenue": NaN,
        "EBITDA": -23884000.0,
        "EBIT": -23884000.0,
        "Net Interest Income": -580000.0,
        "Interest Expense": 703000.0,
        "Interest Income": 123000.0,
        "Normalized Income": -24587000.0,
        "Net Income From Continuing And Discontinued Operation": -24587000.0,
        "Total Expenses": 24042000.0,
        "Total Operating Income As Reported": -24007000.0,
        "Diluted Average Shares": 149616000.0,
        "Basic Average Shares": 149616000.0,
        "Diluted EPS": -0.16,
        "Basic EPS": -0.16,
        "Diluted NI Availto Com Stockholders": -24587000.0,
        "Net Income Common Stockholders": -24587000.0,
        "Net Income": -24587000.0,
        "Net Income Including Noncontrolling Interests": -24587000.0,
        "Net Income Continuous Operations": -24587000.0,
        "Pretax Income": -24587000.0,
        "Net Non Operating Interest Income Expense": -580000.0,
        "Interest Expense Non Operating": 703000.0,
        "Interest Income Non Operating": 123000.0,
        "Operating Income": -24007000.0,
        "Operating Expense": 24042000.0,
        "Research And Development": 13356000.0,
        "Selling General And Administration": 10686000.0,
        "General And Administrative Expense": 10686000.0,
        "Other Gand A": 8952000.0,
        "Salaries And Wages": 1734000.0,
        "Gross Profit": NaN,
        "Cost Of Revenue": NaN,
        "Total Revenue": 35000.0,
        "Operating Revenue": 35000.0
    },
    "2022-03-31": {
        "Diluted EPS": -0.16,
        "Total Revenue": 0,
        "Gross Profit": 0,
        "Operating Income": -23,
        "EBIT": -23,
        "Net Income": -23
    },
    "2021-12-31": {
        "Diluted EPS": -0.16,
        "Total Revenue": 0,
        "Gross Profit": 0,
        "Operating Income": -25,
        "EBIT": -25,
        "Net Income": -26
    },
    "2021-09-30": {
        "Diluted EPS": -0.16,
        "Total Revenue": 0,
        "Gross Profit": 0,
        "Operating Income": -23,
        "EBIT": -23,
        "Net Income": -23
    },
    "2021-06-30": {
        "Diluted EPS": -0.13,
        "Total Revenue": 0,
        "Gross Profit": 0,
        "Operating Income": -18,
        "EBIT": -18,
        "Net Income": -18
    },
    "2021-03-31": {
        "Diluted EPS": -0.15,
        "Total Revenue": 0,
        "Gross Profit": 0,
        "Operating Income": -21,
        "EBIT": -21,
        "Net Income": -21
    },
    "2020-12-31": {
        "Diluted EPS": 0.04,
        "Total Revenue": 0,
        "Gross Profit": 0,
        "Operating Income": -7,
        "EBIT": -7,
        "Net Income": -5
    },
    "2020-09-30": {
        "Diluted EPS": 0.71,
        "Total Revenue": 7,
        "Gross Profit": 6,
        "Operating Income": 87,
        "EBIT": 88,
        "Net Income": 83
    },
    "2020-06-30": {
        "Diluted EPS": -0.65,
        "Total Revenue": 9,
        "Gross Profit": 8,
        "Operating Income": -65,
        "EBIT": -63,
        "Net Income": -69
    },
    "2020-03-31": {
        "Diluted EPS": -0.63,
        "Total Revenue": 8,
        "Gross Profit": 7,
        "Operating Income": -62,
        "EBIT": -61,
        "Net Income": -67
    },
    "2019-12-31": {
        "Diluted EPS": -0.36,
        "Total Revenue": 9,
        "Gross Profit": 8,
        "Operating Income": -47,
        "EBIT": -75,
        "Net Income": -51
    },
    "2019-09-30": {
        "Diluted EPS": 1.95,
        "Total Revenue": 294,
        "Gross Profit": 294,
        "Operating Income": 225,
        "EBIT": 255,
        "Net Income": 226
    },
    "2019-06-30": {
        "Diluted EPS": -0.22,
        "Total Revenue": 10,
        "Gross Profit": 8,
        "Operating Income": -19,
        "EBIT": -17,
        "Net Income": -23
    },
    "2019-03-31": {
        "Diluted EPS": -0.21,
        "Total Revenue": 9,
        "Gross Profit": 9,
        "Operating Income": -17,
        "EBIT": -16,
        "Net Income": -22
    },
    "2018-12-31": {
        "Diluted EPS": -0.15,
        "Total Revenue": 17,
        "Gross Profit": 17,
        "Operating Income": -12,
        "EBIT": -11,
        "Net Income": -17
    },
    "2018-09-30": {
        "Diluted EPS": -0.26,
        "Total Revenue": 7,
        "Gross Profit": 6,
        "Operating Income": -23,
        "EBIT": -22,
        "Net Income": -27
    },
    "2018-06-30": {
        "Diluted EPS": -0.33,
        "Total Revenue": 14,
        "Gross Profit": 13,
        "Operating Income": -30,
        "EBIT": -29,
        "Net Income": -35
    },
    "2018-03-31": {
        "Diluted EPS": -0.4,
        "Total Revenue": 25,
        "Gross Profit": 25,
        "Operating Income": -38,
        "EBIT": -36,
        "Net Income": -42
    },
    "2017-12-31": {
        "Diluted EPS": -0.22,
        "Total Revenue": 34,
        "Gross Profit": 34,
        "Operating Income": -25,
        "EBIT": -24,
        "Net Income": -22
    },
    "2017-09-30": {
        "Diluted EPS": -0.29,
        "Total Revenue": 27,
        "Gross Profit": 26,
        "Operating Income": -30,
        "EBIT": -28,
        "Net Income": -31
    },
    "2017-06-30": {
        "Diluted EPS": -0.33,
        "Total Revenue": 12,
        "Gross Profit": 12,
        "Operating Income": -34,
        "EBIT": -33,
        "Net Income": -35
    },
    "2017-03-31": {
        "Diluted EPS": -0.33,
        "Total Revenue": 18,
        "Gross Profit": 18,
        "Operating Income": -42,
        "EBIT": -42,
        "Net Income": -35
    },
    "2016-12-31": {
        "Diluted EPS": -0.21,
        "Total Revenue": 19,
        "Gross Profit": 19,
        "Operating Income": -21,
        "EBIT": -21,
        "Net Income": -22
    },
    "2016-09-30": {
        "Diluted EPS": -0.35,
        "Total Revenue": 28,
        "Gross Profit": 28,
        "Operating Income": -35,
        "EBIT": -34,
        "Net Income": -36
    },
    "2016-06-30": {
        "Diluted EPS": -0.37,
        "Total Revenue": 20,
        "Gross Profit": 20,
        "Operating Income": -37,
        "EBIT": -36,
        "Net Income": -38
    },
    "2016-03-31": {
        "Diluted EPS": -0.34,
        "Total Revenue": 12,
        "Gross Profit": 12,
        "Operating Income": -34,
        "EBIT": -33,
        "Net Income": -35
    },
    "2015-12-31": {
        "Diluted EPS": 0.83,
        "Total Revenue": 127,
        "Gross Profit": 127,
        "Operating Income": 88,
        "EBIT": 89,
        "Net Income": 87
    },
    "2015-09-30": {
        "Diluted EPS": -0.34,
        "Total Revenue": 1,
        "Gross Profit": 1,
        "Operating Income": -34,
        "EBIT": -33,
        "Net Income": -35
    },
    "2015-06-30": {
        "Diluted EPS": -0.27,
        "Total Revenue": 0,
        "Gross Profit": 0,
        "Operating Income": -27,
        "EBIT": -26,
        "Net Income": -28
    },
    "2015-03-31": {
        "Diluted EPS": -0.27,
        "Total Revenue": 2,
        "Gross Profit": 2,
        "Operating Income": -27,
        "EBIT": -26,
        "Net Income": -28
    },
    "2014-12-31": {
        "Diluted EPS": 0.01,
        "Total Revenue": 21,
        "Gross Profit": 21,
        "Operating Income": -3,
        "EBIT": -3,
        "Net Income": -3
    },
    "2014-09-30": {
        "Diluted EPS": -0.55,
        "Total Revenue": 0,
        "Gross Profit": 0,
        "Operating Income": -40,
        "EBIT": -40,
        "Net Income": -40
    },
    "2014-06-30": {
        "Diluted EPS": -0.35,
        "Total Revenue": 1,
        "Gross Profit": 1,
        "Operating Income": -26,
        "EBIT": -26,
        "Net Income": -26
    },
    "2014-03-31": {
        "Diluted EPS": -0.42,
        "Total Revenue": 0,
        "Gross Profit": 0,
        "Operating Income": -30,
        "EBIT": -30,
        "Net Income": -31
    },
    "2013-12-31": {
        "Diluted EPS": -0.23,
        "Total Revenue": 1,
        "Gross Profit": 1,
        "Operating Income": -17,
        "EBIT": -16,
        "Net Income": -17
    },
    "2013-09-30": {
        "Diluted EPS": -0.42,
        "Total Revenue": 0,
        "Gross Profit": 0,
        "Operating Income": -31,
        "EBIT": -31,
        "Net Income": -32
    },
    "2013-06-30": {
        "Diluted EPS": -0.42,
        "Total Revenue": 0,
        "Gross Profit": 0,
        "Operating Income": -29,
        "EBIT": -28,
        "Net Income": -29
    },
    "2013-03-31": {
        "Diluted EPS": -0.35,
        "Total Revenue": 0,
        "Gross Profit": 0,
        "Operating Income": -26,
        "EBIT": -25,
        "Net Income": -26
    },
    "2012-12-31": {
        "Diluted EPS": -0.42,
        "Total Revenue": 0,
        "Gross Profit": 0,
        "Operating Income": -24,
        "EBIT": -24,
        "Net Income": -25
    },
    "2012-09-30": {
        "Diluted EPS": -0.42,
        "Total Revenue": 0,
        "Gross Profit": 0,
        "Operating Income": -29,
        "EBIT": -28,
        "Net Income": -30
    },
    "2012-06-30": {
        "Diluted EPS": -0.35,
        "Total Revenue": 0,
        "Gross Profit": 0,
        "Operating Income": -25,
        "EBIT": -24,
        "Net Income": -26
    },
    "2012-03-31": {
        "Diluted EPS": -0.42,
        "Total Revenue": 0,
        "Gross Profit": 0,
        "Operating Income": -29,
        "EBIT": -28,
        "Net Income": -30
    },
    "2011-12-31": {
        "Diluted EPS": -0.63,
        "Total Revenue": 0,
        "Gross Profit": 0,
        "Operating Income": -33,
        "EBIT": -32,
        "Net Income": -34
    },
    "2011-09-30": {
        "Diluted EPS": -0.56,
        "Total Revenue": 0,
        "Gross Profit": 0,
        "Operating Income": -26,
        "EBIT": -25,
        "Net Income": -26
    },
    "2011-06-30": {
        "Diluted EPS": -0.56,
        "Total Revenue": 1,
        "Gross Profit": 1,
        "Operating Income": -26,
        "EBIT": -25,
        "Net Income": -27
    },
    "2011-03-31": {
        "Diluted EPS": -0.63,
        "Total Revenue": 1,
        "Gross Profit": 1,
        "Operating Income": -29,
        "EBIT": -28,
        "Net Income": -30
    },
    "2010-12-31": {
        "Diluted EPS": -0.42,
        "Total Revenue": 1,
        "Gross Profit": 1,
        "Operating Income": -22,
        "EBIT": -21,
        "Net Income": -23
    },
    "2010-09-30": {
        "Diluted EPS": -0.56,
        "Total Revenue": 1,
        "Gross Profit": 1,
        "Operating Income": -24,
        "EBIT": -20,
        "Net Income": -28
    },
    "2010-06-30": {
        "Diluted EPS": -0.49,
        "Total Revenue": 1,
        "Gross Profit": 1,
        "Operating Income": -24,
        "EBIT": -22,
        "Net Income": -25
    },
    "2010-03-31": {
        "Diluted EPS": -0.91,
        "Total Revenue": 2,
        "Gross Profit": 2,
        "Operating Income": -25,
        "EBIT": -23,
        "Net Income": -26
    },
    "2009-12-31": {
        "Diluted EPS": -0.84,
        "Total Revenue": 1,
        "Gross Profit": 1,
        "Operating Income": -22,
        "EBIT": -20,
        "Net Income": -22
    },
    "2009-09-30": {
        "Diluted EPS": -0.98,
        "Total Revenue": 2,
        "Gross Profit": 2,
        "Operating Income": -22,
        "EBIT": -20,
        "Net Income": -19
    },
    "2009-06-30": {
        "Diluted EPS": -1.05,
        "Total Revenue": 3,
        "Gross Profit": 3,
        "Operating Income": -23,
        "EBIT": -21,
        "Net Income": -20
    },
    "2009-03-31": {
        "Diluted EPS": -1.12,
        "Total Revenue": 4,
        "Gross Profit": 4,
        "Operating Income": -24,
        "EBIT": -21,
        "Net Income": -22
    },
    "2023-06-30": {
        "Tax Effect Of Unusual Items": NaN,
        "Tax Rate For Calcs": NaN,
        "Normalized EBITDA": NaN,
        "Net Income From Continuing Operation Net Minority Interest": NaN,
        "Reconciled Depreciation": NaN,
        "Reconciled Cost Of Revenue": NaN,
        "EBITDA": NaN,
        "EBIT": NaN,
        "Net Interest Income": NaN,
        "Interest Expense": NaN,
        "Interest Income": NaN,
        "Normalized Income": NaN,
        "Net Income From Continuing And Discontinued Operation": NaN,
        "Total Expenses": NaN,
        "Total Operating Income As Reported": NaN,
        "Diluted Average Shares": NaN,
        "Basic Average Shares": NaN,
        "Diluted EPS": NaN,
        "Basic EPS": NaN,
        "Diluted NI Availto Com Stockholders": NaN,
        "Net Income Common Stockholders": NaN,
        "Net Income": NaN,
        "Net Income Including Noncontrolling Interests": NaN,
        "Net Income Continuous Operations": NaN,
        "Pretax Income": NaN,
        "Net Non Operating Interest Income Expense": NaN,
        "Interest Expense Non Operating": NaN,
        "Interest Income Non Operating": NaN,
        "Operating Income": NaN,
        "Operating Expense": NaN,
        "Research And Development": NaN,
        "Selling General And Administration": NaN,
        "Selling And Marketing Expense": 27495000.0,
        "General And Administrative Expense": 30008000.0,
        "Other Gand A": 27495000.0,
        "Salaries And Wages": 2513000.0,
        "Gross Profit": NaN,
        "Cost Of Revenue": NaN,
        "Total Revenue": NaN,
        "Operating Revenue": NaN
    },
    "2023-09-30": {
        "Tax Effect Of Unusual Items": 0.0,
        "Tax Rate For Calcs": 0.0,
        "Normalized EBITDA": -46475000.0,
        "Net Income From Continuing Operation Net Minority Interest": -50525000.0,
        "Reconciled Depreciation": 151000.0,
        "Reconciled Cost Of Revenue": 7000.0,
        "EBITDA": -46475000.0,
        "EBIT": -46626000.0,
        "Net Interest Income": -894000.0,
        "Interest Expense": 3899000.0,
        "Interest Income": 3005000.0,
        "Normalized Income": -50525000.0,
        "Net Income From Continuing And Discontinued Operation": -50525000.0,
        "Total Expenses": 49793000.0,
        "Total Operating Income As Reported": -49631000.0,
        "Diluted Average Shares": 244925000.0,
        "Basic Average Shares": 244925000.0,
        "Diluted EPS": -0.21,
        "Basic EPS": -0.21,
        "Diluted NI Availto Com Stockholders": -50525000.0,
        "Net Income Common Stockholders": -50525000.0,
        "Net Income": -50525000.0,
        "Net Income Including Noncontrolling Interests": -50525000.0,
        "Net Income Continuous Operations": -50525000.0,
        "Pretax Income": -50525000.0,
        "Net Non Operating Interest Income Expense": -894000.0,
        "Interest Expense Non Operating": 3899000.0,
        "Interest Income Non Operating": 3005000.0,
        "Operating Income": -49631000.0,
        "Operating Expense": 49786000.0,
        "Research And Development": 17558000.0,
        "Selling General And Administration": 32228000.0,
        "Selling And Marketing Expense": 29667000.0,
        "General And Administrative Expense": 32228000.0,
        "Other Gand A": 29667000.0,
        "Salaries And Wages": 2561000.0,
        "Gross Profit": 155000.0,
        "Cost Of Revenue": 7000.0,
        "Total Revenue": 162000.0,
        "Operating Revenue": 162000.0
    },
    "2023-12-31": {
        "Tax Effect Of Unusual Items": 0.0,
        "Tax Rate For Calcs": 0.0,
        "Normalized EBITDA": -44188000.0,
        "Net Income From Continuing Operation Net Minority Interest": -49756000.0,
        "Reconciled Depreciation": 147000.0,
        "Reconciled Cost Of Revenue": 70000.0,
        "EBITDA": -44188000.0,
        "EBIT": -44335000.0,
        "Net Interest Income": -3019000.0,
        "Interest Expense": 5421000.0,
        "Interest Income": 2402000.0,
        "Normalized Income": -49756000.0,
        "Net Income From Continuing And Discontinued Operation": -49756000.0,
        "Total Expenses": 47439000.0,
        "Total Operating Income As Reported": -46737000.0,
        "Diluted Average Shares": 244925000.0,
        "Basic Average Shares": 244925000.0,
        "Diluted EPS": -0.2,
        "Basic EPS": -0.2,
        "Diluted NI Availto Com Stockholders": -49756000.0,
        "Net Income Common Stockholders": -49756000.0,
        "Net Income": -49756000.0,
        "Net Income Including Noncontrolling Interests": -49756000.0,
        "Net Income Continuous Operations": -49756000.0,
        "Pretax Income": -49756000.0,
        "Net Non Operating Interest Income Expense": -3019000.0,
        "Interest Expense Non Operating": 5421000.0,
        "Interest Income Non Operating": 2402000.0,
        "Operating Income": -46737000.0,
        "Operating Expense": 47369000.0,
        "Research And Development": 14762000.0,
        "Selling General And Administration": 32607000.0,
        "Selling And Marketing Expense": NaN,
        "General And Administrative Expense": NaN,
        "Other Gand A": NaN,
        "Salaries And Wages": NaN,
        "Gross Profit": 632000.0,
        "Cost Of Revenue": 70000.0,
        "Total Revenue": 702000.0,
        "Operating Revenue": 702000.0
    },
    "2024-03-31": {
        "Tax Effect Of Unusual Items": 0.0,
        "Tax Rate For Calcs": 0.0,
        "Normalized EBITDA": -43305000.0,
        "Net Income From Continuing Operation Net Minority Interest": -48397000.0,
        "Reconciled Depreciation": 144000.0,
        "Reconciled Cost Of Revenue": 31000.0,
        "EBITDA": -43305000.0,
        "EBIT": -43449000.0,
        "Net Interest Income": -3064000.0,
        "Interest Expense": 4948000.0,
        "Interest Income": 1884000.0,
        "Normalized Income": -48397000.0,
        "Net Income From Continuing And Discontinued Operation": -48397000.0,
        "Total Expenses": 46463000.0,
        "Total Operating Income As Reported": -45333000.0,
        "Diluted Average Shares": 245390000.0,
        "Basic Average Shares": 245390000.0,
        "Diluted EPS": -0.2,
        "Basic EPS": -0.2,
        "Diluted NI Availto Com Stockholders": -48397000.0,
        "Net Income Common Stockholders": -48397000.0,
        "Net Income": -48397000.0,
        "Net Income Including Noncontrolling Interests": -48397000.0,
        "Net Income Continuous Operations": -48397000.0,
        "Pretax Income": -48397000.0,
        "Net Non Operating Interest Income Expense": -3064000.0,
        "Interest Expense Non Operating": 4948000.0,
        "Interest Income Non Operating": 1884000.0,
        "Operating Income": -45333000.0,
        "Operating Expense": 46432000.0,
        "Research And Development": 14372000.0,
        "Selling General And Administration": 32060000.0,
        "Selling And Marketing Expense": NaN,
        "General And Administrative Expense": 32060000.0,
        "Other Gand A": 29352000.0,
        "Salaries And Wages": 2708000.0,
        "Gross Profit": 1099000.0,
        "Cost Of Revenue": 31000.0,
        "Total Revenue": 1130000.0,
        "Operating Revenue": 1130000.0
    },
    "2024-06-30": {
        "Tax Effect Of Unusual Items": 0.0,
        "Tax Rate For Calcs": 0.0,
        "Normalized EBITDA": -51079000.0,
        "Net Income From Continuing Operation Net Minority Interest": -53429000.0,
        "Reconciled Depreciation": 139000.0,
        "Reconciled Cost Of Revenue": 166000.0,
        "EBITDA": -51079000.0,
        "EBIT": -51218000.0,
        "Net Interest Income": 1925000.0,
        "Interest Expense": 2211000.0,
        "Interest Income": 4136000.0,
        "Normalized Income": -53429000.0,
        "Net Income From Continuing And Discontinued Operation": -53429000.0,
        "Total Expenses": 57001000.0,
        "Total Operating Income As Reported": -55354000.0,
        "Diluted Average Shares": 310836000.0,
        "Basic Average Shares": 310836000.0,
        "Diluted EPS": -0.17,
        "Basic EPS": -0.17,
        "Diluted NI Availto Com Stockholders": -53429000.0,
        "Net Income Common Stockholders": -53429000.0,
        "Net Income": -53429000.0,
        "Net Income Including Noncontrolling Interests": -53429000.0,
        "Net Income Continuous Operations": -53429000.0,
        "Pretax Income": -53429000.0,
        "Net Non Operating Interest Income Expense": 1925000.0,
        "Interest Expense Non Operating": 2211000.0,
        "Interest Income Non Operating": 4136000.0,
        "Operating Income": -55354000.0,
        "Operating Expense": 56835000.0,
        "Research And Development": 17643000.0,
        "Selling General And Administration": 39192000.0,
        "Selling And Marketing Expense": NaN,
        "General And Administrative Expense": NaN,
        "Other Gand A": NaN,
        "Salaries And Wages": NaN,
        "Gross Profit": 1481000.0,
        "Cost Of Revenue": 166000.0,
        "Total Revenue": 1647000.0,
        "Operating Revenue": 1647000.0
    },
    "2024-09-30": {
        "Tax Effect Of Unusual Items": 0.0,
        "Tax Rate For Calcs": 0.0,
        "Normalized EBITDA": -60123000.0,
        "Net Income From Continuing Operation Net Minority Interest": -64811000.0,
        "Reconciled Depreciation": 126000.0,
        "Reconciled Cost Of Revenue": 71000.0,
        "EBITDA": -60123000.0,
        "EBIT": -60249000.0,
        "Net Interest Income": -1118000.0,
        "Interest Expense": 4562000.0,
        "Interest Income": 3444000.0,
        "Normalized Income": -64811000.0,
        "Net Income From Continuing And Discontinued Operation": -64811000.0,
        "Total Expenses": 65443000.0,
        "Total Operating Income As Reported": -63693000.0,
        "Diluted Average Shares": 361492000.0,
        "Basic Average Shares": 361492000.0,
        "Diluted EPS": -0.18,
        "Basic EPS": -0.18,
        "Diluted NI Availto Com Stockholders": -64811000.0,
        "Net Income Common Stockholders": -64811000.0,
        "Net Income": -64811000.0,
        "Net Income Including Noncontrolling Interests": -64811000.0,
        "Net Income Continuous Operations": -64811000.0,
        "Pretax Income": -64811000.0,
        "Net Non Operating Interest Income Expense": -1118000.0,
        "Interest Expense Non Operating": 4562000.0,
        "Interest Income Non Operating": 3444000.0,
        "Operating Income": -63693000.0,
        "Operating Expense": 65372000.0,
        "Research And Development": 25780000.0,
        "Selling General And Administration": 39592000.0,
        "Selling And Marketing Expense": NaN,
        "General And Administrative Expense": NaN,
        "Other Gand A": NaN,
        "Salaries And Wages": NaN,
        "Gross Profit": 1679000.0,
        "Cost Of Revenue": 71000.0,
        "Total Revenue": 1750000.0,
        "Operating Revenue": 1750000.0
    }
}