{
    "2023-03-31": {
        "Tax Effect Of Unusual Items": -65520000.0,
        "Tax Rate For Calcs": 0.26,
        "Normalized EBITDA": 1406000000.0,
        "Total Unusual Items": -252000000.0,
        "Total Unusual Items Excluding Goodwill": -252000000.0,
        "Net Income From Continuing Operation Net Minority Interest": 473000000.0,
        "Reconciled Depreciation": 396000000.0,
        "Reconciled Cost Of Revenue": 8864000000.0,
        "EBIT": 758000000.0,
        "Net Interest Income": -93000000.0,
        "Interest Expense": 116000000.0,
        "Interest Income": 23000000.0,
        "Normalized Income": 659480000.0,
        "Net Income From Continuing And Discontinued Operation": 472000000.0,
        "Total Expenses": 9282000000.0,
        "Total Operating Income As Reported": 713000000.0,
        "Diluted Average Shares": 327000000.0,
        "Basic Average Shares": 326000000.0,
        "Diluted EPS": 1.44,
        "Basic EPS": 1.45,
        "Diluted NI Availto Com Stockholders": 472000000.0,
        "Net Income Common Stockholders": 472000000.0,
        "Otherunder Preferred Stock Dividend": NaN,
        "Net Income": 472000000.0,
        "Minority Interests": -2000000.0,
        "Net Income Including Noncontrolling Interests": 474000000.0,
        "Net Income Discontinuous Operations": -1000000.0,
        "Net Income Continuous Operations": 475000000.0,
        "Tax Provision": 167000000.0,
        "Pretax Income": 642000000.0,
        "Other Income Expense": -230000000.0,
        "Other Non Operating Income Expenses": 5000000.0,
        "Special Income Charges": -252000000.0,
        "Impairment Of Capital Assets": 252000000.0,
        "Earnings From Equity Interest": 17000000.0,
        "Net Non Operating Interest Income Expense": -93000000.0,
        "Interest Expense Non Operating": 116000000.0,
        "Interest Income Non Operating": 23000000.0,
        "Operating Income": 965000000.0,
        "Operating Expense": 418000000.0,
        "Research And Development": 33000000.0,
        "Selling General And Administration": 385000000.0,
        "Gross Profit": 1383000000.0,
        "Cost Of Revenue": 8864000000.0,
        "Total Revenue": 10247000000.0,
        "Operating Revenue": 10247000000.0
    },
    "2022-12-31": {
        "Tax Effect Of Unusual Items": 0.0,
        "Tax Rate For Calcs": 0.087404,
        "Normalized EBITDA": 808000000.0,
        "Total Unusual Items": 0.0,
        "Total Unusual Items Excluding Goodwill": 0.0,
        "Net Income From Continuing Operation Net Minority Interest": 353000000.0,
        "Reconciled Depreciation": 334000000.0,
        "Reconciled Cost Of Revenue": 9356000000.0,
        "EBIT": 474000000.0,
        "Net Interest Income": -69000000.0,
        "Interest Expense": 85000000.0,
        "Interest Income": 16000000.0,
        "Normalized Income": 353000000.0,
        "Net Income From Continuing And Discontinued Operation": 351000000.0,
        "Total Expenses": 9719000000.0,
        "Total Operating Income As Reported": 487000000.0,
        "Diluted Average Shares": 331000000.0,
        "Basic Average Shares": 330000000.0,
        "Diluted EPS": 1.07,
        "Basic EPS": 1.08,
        "Diluted NI Availto Com Stockholders": 341000000.0,
        "Net Income Common Stockholders": 341000000.0,
        "Otherunder Preferred Stock Dividend": NaN,
        "Net Income": 351000000.0,
        "Minority Interests": -2000000.0,
        "Net Income Including Noncontrolling Interests": 353000000.0,
        "Net Income Discontinuous Operations": -2000000.0,
        "Net Income Continuous Operations": 355000000.0,
        "Tax Provision": 34000000.0,
        "Pretax Income": 389000000.0,
        "Other Income Expense": -29000000.0,
        "Other Non Operating Income Expenses": -9000000.0,
        "Special Income Charges": 0.0,
        "Impairment Of Capital Assets": 0.0,
        "Earnings From Equity Interest": -20000000.0,
        "Net Non Operating Interest Income Expense": -69000000.0,
        "Interest Expense Non Operating": 85000000.0,
        "Interest Income Non Operating": 16000000.0,
        "Operating Income": 487000000.0,
        "Operating Expense": 363000000.0,
        "Research And Development": 29000000.0,
        "Selling General And Administration": 334000000.0,
        "Gross Profit": 850000000.0,
        "Cost Of Revenue": 9356000000.0,
        "Total Revenue": 10206000000.0,
        "Operating Revenue": 10206000000.0
    },
    "2022-09-30": {
        "Tax Effect Of Unusual Items": 0.0,
        "Tax Rate For Calcs": 0.212,
        "Normalized EBITDA": 1115000000.0,
        "Total Unusual Items": 0.0,
        "Total Unusual Items Excluding Goodwill": 0.0,
        "Net Income From Continuing Operation Net Minority Interest": 571000000.0,
        "Reconciled Depreciation": 318000000.0,
        "Reconciled Cost Of Revenue": 11088000000.0,
        "EBIT": 797000000.0,
        "Net Interest Income": -63000000.0,
        "Interest Expense": 70000000.0,
        "Interest Income": 7000000.0,
        "Normalized Income": 571000000.0,
        "Net Income From Continuing And Discontinued Operation": 570000000.0,
        "Total Expenses": 11438000000.0,
        "Total Operating Income As Reported": 812000000.0,
        "Diluted Average Shares": 327000000.0,
        "Basic Average Shares": 326000000.0,
        "Diluted EPS": 1.75,
        "Basic EPS": 1.75,
        "Diluted NI Availto Com Stockholders": 570000000.0,
        "Net Income Common Stockholders": 570000000.0,
        "Otherunder Preferred Stock Dividend": NaN,
        "Net Income": 570000000.0,
        "Minority Interests": -2000000.0,
        "Net Income Including Noncontrolling Interests": 572000000.0,
        "Net Income Discontinuous Operations": -1000000.0,
        "Net Income Continuous Operations": 573000000.0,
        "Tax Provision": 154000000.0,
        "Pretax Income": 727000000.0,
        "Other Income Expense": -22000000.0,
        "Other Non Operating Income Expenses": 4000000.0,
        "Special Income Charges": 0.0,
        "Impairment Of Capital Assets": 0.0,
        "Earnings From Equity Interest": -26000000.0,
        "Net Non Operating Interest Income Expense": -63000000.0,
        "Interest Expense Non Operating": 70000000.0,
        "Interest Income Non Operating": 7000000.0,
        "Operating Income": 812000000.0,
        "Operating Expense": 350000000.0,
        "Research And Development": 31000000.0,
        "Selling General And Administration": 319000000.0,
        "Gross Profit": 1162000000.0,
        "Cost Of Revenue": 11088000000.0,
        "Total Revenue": 12250000000.0,
        "Operating Revenue": 12250000000.0
    },
    "2022-06-30": {
        "Tax Effect Of Unusual Items": -12903000.0,
        "Tax Rate For Calcs": 0.187,
        "Normalized EBITDA": 2454000000.0,
        "Total Unusual Items": -69000000.0,
        "Total Unusual Items Excluding Goodwill": -69000000.0,
        "Net Income From Continuing Operation Net Minority Interest": 1644000000.0,
        "Reconciled Depreciation": 304000000.0,
        "Reconciled Cost Of Revenue": 12267000000.0,
        "EBIT": 2081000000.0,
        "Net Interest Income": -54000000.0,
        "Interest Expense": 58000000.0,
        "Interest Income": 4000000.0,
        "Normalized Income": 1700097000.0,
        "Net Income From Continuing And Discontinued Operation": 1643000000.0,
        "Total Expenses": 12628000000.0,
        "Total Operating Income As Reported": 2141000000.0,
        "Diluted Average Shares": 326000000.0,
        "Basic Average Shares": 325000000.0,
        "Diluted EPS": 4.98,
        "Basic EPS": 5.0,
        "Diluted NI Availto Com Stockholders": 1636000000.0,
        "Net Income Common Stockholders": 1636000000.0,
        "Otherunder Preferred Stock Dividend": 7000000.0,
        "Net Income": 1643000000.0,
        "Minority Interests": -1000000.0,
        "Net Income Including Noncontrolling Interests": 1644000000.0,
        "Net Income Discontinuous Operations": -1000000.0,
        "Net Income Continuous Operations": 1645000000.0,
        "Tax Provision": 378000000.0,
        "Pretax Income": 2023000000.0,
        "Other Income Expense": -133000000.0,
        "Other Non Operating Income Expenses": -86000000.0,
        "Special Income Charges": -69000000.0,
        "Impairment Of Capital Assets": 69000000.0,
        "Earnings From Equity Interest": 22000000.0,
        "Net Non Operating Interest Income Expense": -54000000.0,
        "Interest Expense Non Operating": 58000000.0,
        "Interest Income Non Operating": 4000000.0,
        "Operating Income": 2210000000.0,
        "Operating Expense": 361000000.0,
        "Research And Development": 32000000.0,
        "Selling General And Administration": 329000000.0,
        "Gross Profit": 2571000000.0,
        "Cost Of Revenue": 12267000000.0,
        "Total Revenue": 14838000000.0,
        "Operating Revenue": 14838000000.0
    },
    "2022-03-31": {
        "Diluted EPS": 4.0,
        "Total Revenue": NaN,
        "Gross Profit": NaN,
        "Operating Income": NaN,
        "EBIT": NaN,
        "Net Income": NaN
    },
    "2021-12-31": {
        "Diluted EPS": 2.19,
        "Total Revenue": NaN,
        "Gross Profit": NaN,
        "Operating Income": 911,
        "EBIT": NaN,
        "Net Income": 724
    },
    "2021-09-30": {
        "Diluted EPS": 5.25,
        "Total Revenue": NaN,
        "Gross Profit": NaN,
        "Operating Income": NaN,
        "EBIT": NaN,
        "Net Income": NaN
    },
    "2021-06-30": {
        "Diluted EPS": 6.13,
        "Total Revenue": NaN,
        "Gross Profit": NaN,
        "Operating Income": NaN,
        "EBIT": NaN,
        "Net Income": NaN
    },
    "2021-03-31": {
        "Diluted EPS": 3.18,
        "Total Revenue": NaN,
        "Gross Profit": NaN,
        "Operating Income": NaN,
        "EBIT": NaN,
        "Net Income": NaN
    },
    "2020-12-31": {
        "Diluted EPS": 2.55,
        "Total Revenue": NaN,
        "Gross Profit": NaN,
        "Operating Income": 893,
        "EBIT": NaN,
        "Net Income": 853
    },
    "2020-09-30": {
        "Diluted EPS": 0.33,
        "Total Revenue": NaN,
        "Gross Profit": 891,
        "Operating Income": 23,
        "EBIT": 386,
        "Net Income": 112
    },
    "2020-06-30": {
        "Diluted EPS": 0.94,
        "Total Revenue": NaN,
        "Gross Profit": 652,
        "Operating Income": 339,
        "EBIT": 698,
        "Net Income": 313
    },
    "2020-03-31": {
        "Diluted EPS": 0.42,
        "Total Revenue": NaN,
        "Gross Profit": 626,
        "Operating Income": 304,
        "EBIT": 650,
        "Net Income": 142
    },
    "2019-12-31": {
        "Diluted EPS": 1.84,
        "Total Revenue": NaN,
        "Gross Profit": NaN,
        "Operating Income": 798,
        "EBIT": NaN,
        "Net Income": 610
    },
    "2019-09-30": {
        "Diluted EPS": 2.85,
        "Total Revenue": NaN,
        "Gross Profit": NaN,
        "Operating Income": NaN,
        "EBIT": NaN,
        "Net Income": 963
    },
    "2019-06-30": {
        "Diluted EPS": 2.7,
        "Total Revenue": NaN,
        "Gross Profit": NaN,
        "Operating Income": NaN,
        "EBIT": NaN,
        "Net Income": NaN
    },
    "2019-03-31": {
        "Diluted EPS": 2.19,
        "Total Revenue": NaN,
        "Gross Profit": NaN,
        "Operating Income": NaN,
        "EBIT": NaN,
        "Net Income": 815
    },
    "2018-12-31": {
        "Diluted EPS": 1.83,
        "Total Revenue": NaN,
        "Gross Profit": NaN,
        "Operating Income": 794,
        "EBIT": NaN,
        "Net Income": 690
    },
    "2018-09-30": {
        "Diluted EPS": 2.85,
        "Total Revenue": NaN,
        "Gross Profit": NaN,
        "Operating Income": NaN,
        "EBIT": NaN,
        "Net Income": NaN
    },
    "2018-06-30": {
        "Diluted EPS": 4.22,
        "Total Revenue": NaN,
        "Gross Profit": NaN,
        "Operating Income": NaN,
        "EBIT": NaN,
        "Net Income": NaN
    },
    "2018-03-31": {
        "Diluted EPS": 3.11,
        "Total Revenue": NaN,
        "Gross Profit": NaN,
        "Operating Income": NaN,
        "EBIT": NaN,
        "Net Income": NaN
    },
    "2017-12-31": {
        "Diluted EPS": 4.77,
        "Total Revenue": NaN,
        "Gross Profit": NaN,
        "Operating Income": NaN,
        "EBIT": NaN,
        "Net Income": NaN
    },
    "2017-09-30": {
        "Diluted EPS": 2.67,
        "Total Revenue": NaN,
        "Gross Profit": NaN,
        "Operating Income": NaN,
        "EBIT": NaN,
        "Net Income": NaN
    },
    "2017-06-30": {
        "Diluted EPS": 2.81,
        "Total Revenue": NaN,
        "Gross Profit": NaN,
        "Operating Income": NaN,
        "EBIT": NaN,
        "Net Income": NaN
    },
    "2017-03-31": {
        "Diluted EPS": 1.98,
        "Total Revenue": NaN,
        "Gross Profit": NaN,
        "Operating Income": NaN,
        "EBIT": NaN,
        "Net Income": 797
    },
    "2016-12-31": {
        "Diluted EPS": 1.9,
        "Total Revenue": NaN,
        "Gross Profit": NaN,
        "Operating Income": NaN,
        "EBIT": NaN,
        "Net Income": 763
    },
    "2016-09-30": {
        "Diluted EPS": 2.3,
        "Total Revenue": NaN,
        "Gross Profit": NaN,
        "Operating Income": NaN,
        "EBIT": NaN,
        "Net Income": 952
    },
    "2016-06-30": {
        "Diluted EPS": 2.56,
        "Total Revenue": NaN,
        "Gross Profit": NaN,
        "Operating Income": NaN,
        "EBIT": NaN,
        "Net Income": NaN
    },
    "2016-03-31": {
        "Diluted EPS": 2.37,
        "Total Revenue": NaN,
        "Gross Profit": NaN,
        "Operating Income": NaN,
        "EBIT": NaN,
        "Net Income": NaN
    },
    "2015-12-31": {
        "Diluted EPS": 1.82,
        "Total Revenue": NaN,
        "Gross Profit": NaN,
        "Operating Income": NaN,
        "EBIT": NaN,
        "Net Income": 795
    },
    "2015-09-30": {
        "Diluted EPS": 2.54,
        "Total Revenue": NaN,
        "Gross Profit": NaN,
        "Operating Income": NaN,
        "EBIT": NaN,
        "Net Income": NaN
    },
    "2015-06-30": {
        "Diluted EPS": 2.82,
        "Total Revenue": NaN,
        "Gross Profit": NaN,
        "Operating Income": NaN,
        "EBIT": NaN,
        "Net Income": NaN
    },
    "2015-03-31": {
        "Diluted EPS": 2.41,
        "Total Revenue": NaN,
        "Gross Profit": NaN,
        "Operating Income": NaN,
        "EBIT": NaN,
        "Net Income": NaN
    },
    "2014-12-31": {
        "Diluted EPS": 1.59,
        "Total Revenue": NaN,
        "Gross Profit": NaN,
        "Operating Income": NaN,
        "EBIT": NaN,
        "Net Income": 795
    },
    "2014-09-30": {
        "Diluted EPS": 2.45,
        "Total Revenue": NaN,
        "Gross Profit": NaN,
        "Operating Income": NaN,
        "EBIT": NaN,
        "Net Income": NaN
    },
    "2014-06-30": {
        "Diluted EPS": 2.23,
        "Total Revenue": NaN,
        "Gross Profit": NaN,
        "Operating Income": NaN,
        "EBIT": NaN,
        "Net Income": NaN
    },
    "2014-03-31": {
        "Diluted EPS": 1.72,
        "Total Revenue": NaN,
        "Gross Profit": NaN,
        "Operating Income": NaN,
        "EBIT": NaN,
        "Net Income": 943
    },
    "2013-12-31": {
        "Diluted EPS": 2.09,
        "Total Revenue": NaN,
        "Gross Profit": NaN,
        "Operating Income": NaN,
        "EBIT": NaN,
        "Net Income": NaN
    },
    "2013-09-30": {
        "Diluted EPS": 1.5,
        "Total Revenue": NaN,
        "Gross Profit": NaN,
        "Operating Income": NaN,
        "EBIT": NaN,
        "Net Income": 853
    },
    "2013-06-30": {
        "Diluted EPS": 1.61,
        "Total Revenue": NaN,
        "Gross Profit": NaN,
        "Operating Income": NaN,
        "EBIT": NaN,
        "Net Income": 929
    },
    "2013-03-31": {
        "Diluted EPS": 1.55,
        "Total Revenue": NaN,
        "Gross Profit": NaN,
        "Operating Income": NaN,
        "EBIT": NaN,
        "Net Income": 901
    },
    "2012-12-31": {
        "Diluted EPS": 1.09,
        "Total Revenue": NaN,
        "Gross Profit": NaN,
        "Operating Income": 959,
        "EBIT": NaN,
        "Net Income": 629
    },
    "2012-09-30": {
        "Diluted EPS": 1.46,
        "Total Revenue": NaN,
        "Gross Profit": NaN,
        "Operating Income": NaN,
        "EBIT": NaN,
        "Net Income": 846
    },
    "2012-06-30": {
        "Diluted EPS": 1.33,
        "Total Revenue": NaN,
        "Gross Profit": NaN,
        "Operating Income": NaN,
        "EBIT": NaN,
        "Net Income": 770
    },
    "2012-03-31": {
        "Diluted EPS": 1.04,
        "Total Revenue": NaN,
        "Gross Profit": NaN,
        "Operating Income": 940,
        "EBIT": NaN,
        "Net Income": 600
    },
    "2011-12-31": {
        "Diluted EPS": -0.3,
        "Total Revenue": NaN,
        "Gross Profit": 758,
        "Operating Income": 469,
        "EBIT": 757,
        "Net Income": -218
    },
    "2011-09-30": {
        "Diluted EPS": 1.51,
        "Total Revenue": NaN,
        "Gross Profit": NaN,
        "Operating Income": NaN,
        "EBIT": NaN,
        "Net Income": 890
    },
    "2011-06-30": {
        "Diluted EPS": 1.38,
        "Total Revenue": NaN,
        "Gross Profit": NaN,
        "Operating Income": NaN,
        "EBIT": NaN,
        "Net Income": 804
    },
    "2011-03-31": {
        "Diluted EPS": 1.15,
        "Total Revenue": NaN,
        "Gross Profit": NaN,
        "Operating Income": NaN,
        "EBIT": NaN,
        "Net Income": 659
    },
    "2010-12-31": {
        "Diluted EPS": 1.37,
        "Total Revenue": NaN,
        "Gross Profit": NaN,
        "Operating Income": 896,
        "EBIT": NaN,
        "Net Income": 763
    },
    "2010-09-30": {
        "Diluted EPS": 0.84,
        "Total Revenue": NaN,
        "Gross Profit": NaN,
        "Operating Income": 988,
        "EBIT": NaN,
        "Net Income": 472
    },
    "2010-06-30": {
        "Diluted EPS": 15.77,
        "Total Revenue": NaN,
        "Gross Profit": NaN,
        "Operating Income": 745,
        "EBIT": NaN,
        "Net Income": NaN
    },
    "2010-03-31": {
        "Diluted EPS": 0.0,
        "Total Revenue": NaN,
        "Gross Profit": 625,
        "Operating Income": 367,
        "EBIT": 897,
        "Net Income": 10
    },
    "2009-12-31": {
        "Diluted EPS": 0.0,
        "Total Revenue": NaN,
        "Gross Profit": 207,
        "Operating Income": -50,
        "EBIT": 355,
        "Net Income": -848
    },
    "2009-09-30": {
        "Diluted EPS": -1.15,
        "Total Revenue": NaN,
        "Gross Profit": 656,
        "Operating Income": 419,
        "EBIT": 998,
        "Net Income": -650
    },
    "2009-06-30": {
        "Diluted EPS": 0.0,
        "Total Revenue": NaN,
        "Gross Profit": 341,
        "Operating Income": 89,
        "EBIT": 712,
        "Net Income": -351
    },
    "2009-03-31": {
        "Diluted EPS": 0.0,
        "Total Revenue": NaN,
        "Gross Profit": 108,
        "Operating Income": -141,
        "EBIT": 373,
        "Net Income": NaN
    },
    "2023-06-30": {
        "Tax Effect Of Unusual Items": 0.0,
        "Tax Rate For Calcs": 0.208,
        "Normalized EBITDA": 1411000000.0,
        "Total Unusual Items": 0.0,
        "Total Unusual Items Excluding Goodwill": 0.0,
        "Net Income From Continuing Operation Net Minority Interest": 716000000.0,
        "Reconciled Depreciation": 391000000.0,
        "Reconciled Cost Of Revenue": 8868000000.0,
        "EBIT": 1020000000.0,
        "Net Interest Income": -87000000.0,
        "Interest Expense": 115000000.0,
        "Interest Income": 28000000.0,
        "Normalized Income": 716000000.0,
        "Net Income From Continuing And Discontinued Operation": 714000000.0,
        "Total Expenses": 9295000000.0,
        "Total Operating Income As Reported": 1011000000.0,
        "Diluted Average Shares": 326000000.0,
        "Basic Average Shares": 325000000.0,
        "Diluted EPS": 2.18,
        "Basic EPS": 2.18,
        "Diluted NI Availto Com Stockholders": 712000000.0,
        "Net Income Common Stockholders": 712000000.0,
        "Otherunder Preferred Stock Dividend": 2000000.0,
        "Net Income": 714000000.0,
        "Minority Interests": -1000000.0,
        "Net Income Including Noncontrolling Interests": 715000000.0,
        "Net Income Discontinuous Operations": -2000000.0,
        "Net Income Continuous Operations": 717000000.0,
        "Tax Provision": 188000000.0,
        "Pretax Income": 905000000.0,
        "Other Income Expense": -19000000.0,
        "Other Non Operating Income Expenses": -7000000.0,
        "Special Income Charges": 0.0,
        "Impairment Of Capital Assets": 0.0,
        "Earnings From Equity Interest": -12000000.0,
        "Net Non Operating Interest Income Expense": -87000000.0,
        "Interest Expense Non Operating": 115000000.0,
        "Interest Income Non Operating": 28000000.0,
        "Operating Income": 1011000000.0,
        "Operating Expense": 427000000.0,
        "Research And Development": 32000000.0,
        "Selling General And Administration": 395000000.0,
        "Gross Profit": 1438000000.0,
        "Cost Of Revenue": 8868000000.0,
        "Total Revenue": 10306000000.0,
        "Operating Revenue": 10306000000.0
    }
}