{
    "2023-03-31": {
        "Tax Effect Of Unusual Items": NaN,
        "Tax Rate For Calcs": NaN,
        "Normalized EBITDA": NaN,
        "Total Unusual Items": NaN,
        "Total Unusual Items Excluding Goodwill": NaN,
        "Net Income From Continuing Operation Net Minority Interest": NaN,
        "Reconciled Depreciation": NaN,
        "EBITDA": NaN,
        "EBIT": NaN,
        "Net Interest Income": NaN,
        "Interest Income": NaN,
        "Normalized Income": NaN,
        "Net Income From Continuing And Discontinued Operation": NaN,
        "Total Expenses": NaN,
        "Total Operating Income As Reported": NaN,
        "Diluted Average Shares": 249591000.0,
        "Basic Average Shares": 249591000.0,
        "Diluted EPS": -0.27,
        "Basic EPS": -0.27,
        "Diluted NI Availto Com Stockholders": NaN,
        "Net Income Common Stockholders": NaN,
        "Net Income": NaN,
        "Net Income Including Noncontrolling Interests": NaN,
        "Net Income Continuous Operations": NaN,
        "Pretax Income": NaN,
        "Other Income Expense": NaN,
        "Other Non Operating Income Expenses": NaN,
        "Special Income Charges": NaN,
        "Write Off": NaN,
        "Net Non Operating Interest Income Expense": NaN,
        "Interest Income Non Operating": NaN,
        "Operating Income": NaN,
        "Operating Expense": NaN,
        "Other Operating Expenses": NaN,
        "Research And Development": NaN,
        "Selling General And Administration": NaN,
        "General And Administrative Expense": NaN,
        "Other Gand A": NaN,
        "Total Revenue": NaN,
        "Operating Revenue": NaN
    },
    "2022-09-30": {
        "Tax Effect Of Unusual Items": NaN,
        "Tax Rate For Calcs": NaN,
        "Normalized EBITDA": NaN,
        "Total Unusual Items": NaN,
        "Total Unusual Items Excluding Goodwill": NaN,
        "Net Income From Continuing Operation Net Minority Interest": NaN,
        "Reconciled Depreciation": NaN,
        "EBITDA": NaN,
        "EBIT": NaN,
        "Net Interest Income": NaN,
        "Interest Income": NaN,
        "Normalized Income": NaN,
        "Net Income From Continuing And Discontinued Operation": NaN,
        "Total Expenses": NaN,
        "Total Operating Income As Reported": NaN,
        "Diluted Average Shares": 248320000.0,
        "Basic Average Shares": 248320000.0,
        "Diluted EPS": -0.28,
        "Basic EPS": -0.28,
        "Diluted NI Availto Com Stockholders": NaN,
        "Net Income Common Stockholders": NaN,
        "Net Income": NaN,
        "Net Income Including Noncontrolling Interests": NaN,
        "Net Income Continuous Operations": NaN,
        "Pretax Income": NaN,
        "Other Income Expense": NaN,
        "Other Non Operating Income Expenses": NaN,
        "Special Income Charges": NaN,
        "Write Off": NaN,
        "Net Non Operating Interest Income Expense": NaN,
        "Interest Income Non Operating": NaN,
        "Operating Income": NaN,
        "Operating Expense": NaN,
        "Other Operating Expenses": NaN,
        "Research And Development": NaN,
        "Selling General And Administration": NaN,
        "General And Administrative Expense": NaN,
        "Other Gand A": NaN,
        "Total Revenue": NaN,
        "Operating Revenue": NaN
    },
    "2022-06-30": {
        "Tax Effect Of Unusual Items": 0.0,
        "Tax Rate For Calcs": 0.0,
        "Normalized EBITDA": -33090000.0,
        "Total Unusual Items": NaN,
        "Total Unusual Items Excluding Goodwill": NaN,
        "Net Income From Continuing Operation Net Minority Interest": -36323000.0,
        "Reconciled Depreciation": 4171000.0,
        "EBITDA": -33090000.0,
        "EBIT": -37261000.0,
        "Net Interest Income": 952000.0,
        "Interest Income": 952000.0,
        "Normalized Income": -36323000.0,
        "Net Income From Continuing And Discontinued Operation": -36323000.0,
        "Total Expenses": 73002000.0,
        "Total Operating Income As Reported": -37261000.0,
        "Diluted Average Shares": 246312000.0,
        "Basic Average Shares": 246312000.0,
        "Diluted EPS": -0.15,
        "Basic EPS": -0.15,
        "Diluted NI Availto Com Stockholders": -36323000.0,
        "Net Income Common Stockholders": -36323000.0,
        "Net Income": -36323000.0,
        "Net Income Including Noncontrolling Interests": -36323000.0,
        "Net Income Continuous Operations": -36323000.0,
        "Pretax Income": -36323000.0,
        "Other Income Expense": -14000.0,
        "Other Non Operating Income Expenses": -14000.0,
        "Special Income Charges": NaN,
        "Write Off": NaN,
        "Net Non Operating Interest Income Expense": 952000.0,
        "Interest Income Non Operating": 952000.0,
        "Operating Income": -37261000.0,
        "Operating Expense": 73002000.0,
        "Other Operating Expenses": -1171000.0,
        "Research And Development": 43719000.0,
        "Selling General And Administration": 30454000.0,
        "General And Administrative Expense": 30454000.0,
        "Other Gand A": 30454000.0,
        "Total Revenue": 35741000.0,
        "Operating Revenue": 35741000.0
    },
    "2022-12-31": {
        "Tax Effect Of Unusual Items": 0.0,
        "Tax Rate For Calcs": 0.0,
        "Normalized EBITDA": -9743000.0,
        "Total Unusual Items": 0.0,
        "Total Unusual Items Excluding Goodwill": 0.0,
        "Net Income From Continuing Operation Net Minority Interest": -8397000.0,
        "Reconciled Depreciation": 5041000.0,
        "EBITDA": -9743000.0,
        "EBIT": -14784000.0,
        "Net Interest Income": 3453000.0,
        "Interest Income": 3453000.0,
        "Normalized Income": -8397000.0,
        "Net Income From Continuing And Discontinued Operation": -8397000.0,
        "Total Expenses": 63170000.0,
        "Total Operating Income As Reported": -14784000.0,
        "Diluted Average Shares": NaN,
        "Basic Average Shares": NaN,
        "Diluted EPS": NaN,
        "Basic EPS": NaN,
        "Diluted NI Availto Com Stockholders": -8397000.0,
        "Net Income Common Stockholders": -8397000.0,
        "Net Income": -8397000.0,
        "Net Income Including Noncontrolling Interests": -8397000.0,
        "Net Income Continuous Operations": -8397000.0,
        "Pretax Income": -8397000.0,
        "Other Income Expense": 2934000.0,
        "Other Non Operating Income Expenses": 2934000.0,
        "Special Income Charges": 0.0,
        "Write Off": 0.0,
        "Net Non Operating Interest Income Expense": 3453000.0,
        "Interest Income Non Operating": 3453000.0,
        "Operating Income": -14784000.0,
        "Operating Expense": 63170000.0,
        "Other Operating Expenses": -1210000.0,
        "Research And Development": 38032000.0,
        "Selling General And Administration": 26348000.0,
        "General And Administrative Expense": 26348000.0,
        "Other Gand A": 26348000.0,
        "Total Revenue": 48386000.0,
        "Operating Revenue": 48386000.0
    },
    "2022-03-31": {
        "Diluted EPS": -0.28,
        "Total Revenue": 1,
        "Gross Profit": 1,
        "Operating Income": -69,
        "EBIT": -64,
        "Net Income": -68
    },
    "2021-12-31": {
        "Diluted EPS": 3.02,
        "Total Revenue": 3,
        "Gross Profit": 3,
        "Operating Income": -48,
        "EBIT": -43,
        "Net Income": -84
    },
    "2021-09-30": {
        "Diluted EPS": -0.2,
        "Total Revenue": 3,
        "Gross Profit": 3,
        "Operating Income": -49,
        "EBIT": -45,
        "Net Income": -49
    },
    "2021-06-30": {
        "Diluted EPS": -1.47,
        "Total Revenue": 3,
        "Gross Profit": 3,
        "Operating Income": -63,
        "EBIT": -59,
        "Net Income": -63
    },
    "2021-03-31": {
        "Diluted EPS": -3.19,
        "Total Revenue": 2,
        "Gross Profit": 2,
        "Operating Income": -55,
        "EBIT": -53,
        "Net Income": -55
    },
    "2020-12-31": {
        "Diluted EPS": 0.0,
        "Total Revenue": NaN,
        "Gross Profit": NaN,
        "Operating Income": NaN,
        "EBIT": NaN,
        "Net Income": NaN
    },
    "2020-09-30": {
        "Diluted EPS": -2.57,
        "Total Revenue": 1,
        "Gross Profit": 1,
        "Operating Income": -37,
        "EBIT": -36,
        "Net Income": -36
    },
    "2020-06-30": {
        "Diluted EPS": -8.18,
        "Total Revenue": 3,
        "Gross Profit": 3,
        "Operating Income": -103,
        "EBIT": -103,
        "Net Income": -101
    },
    "2019-12-31": {
        "Diluted EPS": 0.0,
        "Total Revenue": NaN,
        "Gross Profit": NaN,
        "Operating Income": NaN,
        "EBIT": NaN,
        "Net Income": NaN
    },
    "2023-06-30": {
        "Tax Effect Of Unusual Items": NaN,
        "Tax Rate For Calcs": NaN,
        "Normalized EBITDA": NaN,
        "Total Unusual Items": NaN,
        "Total Unusual Items Excluding Goodwill": NaN,
        "Net Income From Continuing Operation Net Minority Interest": NaN,
        "Reconciled Depreciation": NaN,
        "EBITDA": NaN,
        "EBIT": NaN,
        "Net Interest Income": NaN,
        "Interest Income": NaN,
        "Normalized Income": NaN,
        "Net Income From Continuing And Discontinued Operation": NaN,
        "Total Expenses": NaN,
        "Total Operating Income As Reported": NaN,
        "Diluted Average Shares": 250204000.0,
        "Basic Average Shares": 250204000.0,
        "Diluted EPS": -0.26,
        "Basic EPS": -0.26,
        "Diluted NI Availto Com Stockholders": NaN,
        "Net Income Common Stockholders": NaN,
        "Net Income": NaN,
        "Net Income Including Noncontrolling Interests": NaN,
        "Net Income Continuous Operations": NaN,
        "Pretax Income": NaN,
        "Other Income Expense": NaN,
        "Other Non Operating Income Expenses": NaN,
        "Special Income Charges": NaN,
        "Write Off": NaN,
        "Net Non Operating Interest Income Expense": NaN,
        "Interest Income Non Operating": NaN,
        "Operating Income": NaN,
        "Operating Expense": NaN,
        "Other Operating Expenses": NaN,
        "Research And Development": NaN,
        "Selling General And Administration": NaN,
        "General And Administrative Expense": NaN,
        "Other Gand A": NaN,
        "Total Revenue": NaN,
        "Operating Revenue": NaN
    },
    "2023-09-30": {
        "Tax Effect Of Unusual Items": 0.0,
        "Tax Rate For Calcs": 0.0,
        "Normalized EBITDA": -53935000.0,
        "Total Unusual Items": 0.0,
        "Total Unusual Items Excluding Goodwill": 0.0,
        "Net Income From Continuing Operation Net Minority Interest": -50853000.0,
        "Reconciled Depreciation": 5104000.0,
        "EBITDA": -53935000.0,
        "EBIT": -59039000.0,
        "Net Interest Income": 6608000.0,
        "Interest Income": 6608000.0,
        "Normalized Income": -50853000.0,
        "Net Income From Continuing And Discontinued Operation": -50853000.0,
        "Total Expenses": 59064000.0,
        "Total Operating Income As Reported": -59039000.0,
        "Diluted Average Shares": 251318000.0,
        "Basic Average Shares": 251318000.0,
        "Diluted EPS": -0.2,
        "Basic EPS": -0.2,
        "Diluted NI Availto Com Stockholders": -50853000.0,
        "Net Income Common Stockholders": -50853000.0,
        "Net Income": -50853000.0,
        "Net Income Including Noncontrolling Interests": -50853000.0,
        "Net Income Continuous Operations": -50853000.0,
        "Pretax Income": -50853000.0,
        "Other Income Expense": 1578000.0,
        "Other Non Operating Income Expenses": 1578000.0,
        "Special Income Charges": 0.0,
        "Write Off": 0.0,
        "Net Non Operating Interest Income Expense": 6608000.0,
        "Interest Income Non Operating": 6608000.0,
        "Operating Income": -59039000.0,
        "Operating Expense": 59064000.0,
        "Other Operating Expenses": -292000.0,
        "Research And Development": 43849000.0,
        "Selling General And Administration": 15507000.0,
        "General And Administrative Expense": 15507000.0,
        "Other Gand A": 15507000.0,
        "Total Revenue": 25000.0,
        "Operating Revenue": 25000.0
    },
    "2023-12-31": {
        "Tax Effect Of Unusual Items": 0.0,
        "Tax Rate For Calcs": 0.0,
        "Normalized EBITDA": -54451000.0,
        "Total Unusual Items": 0.0,
        "Total Unusual Items Excluding Goodwill": 0.0,
        "Net Income From Continuing Operation Net Minority Interest": -52930000.0,
        "Reconciled Depreciation": 5057000.0,
        "EBITDA": -54451000.0,
        "EBIT": -59508000.0,
        "Net Interest Income": 7084000.0,
        "Interest Income": 7084000.0,
        "Normalized Income": -52930000.0,
        "Net Income From Continuing And Discontinued Operation": -52930000.0,
        "Total Expenses": 59521000.0,
        "Total Operating Income As Reported": -59508000.0,
        "Diluted Average Shares": NaN,
        "Basic Average Shares": NaN,
        "Diluted EPS": NaN,
        "Basic EPS": NaN,
        "Diluted NI Availto Com Stockholders": -52930000.0,
        "Net Income Common Stockholders": -52930000.0,
        "Net Income": -52930000.0,
        "Net Income Including Noncontrolling Interests": -52930000.0,
        "Net Income Continuous Operations": -52930000.0,
        "Pretax Income": -52930000.0,
        "Other Income Expense": -506000.0,
        "Other Non Operating Income Expenses": -506000.0,
        "Special Income Charges": 0.0,
        "Write Off": 0.0,
        "Net Non Operating Interest Income Expense": 7084000.0,
        "Interest Income Non Operating": 7084000.0,
        "Operating Income": -59508000.0,
        "Operating Expense": 59521000.0,
        "Other Operating Expenses": -641000.0,
        "Research And Development": 46995000.0,
        "Selling General And Administration": 13167000.0,
        "General And Administrative Expense": 13167000.0,
        "Other Gand A": 13167000.0,
        "Total Revenue": 13000.0,
        "Operating Revenue": 13000.0
    },
    "2024-03-31": {
        "Tax Effect Of Unusual Items": 0.0,
        "Tax Rate For Calcs": 0.0,
        "Normalized EBITDA": -37550000.0,
        "Total Unusual Items": -13001000.0,
        "Total Unusual Items Excluding Goodwill": -13001000.0,
        "Net Income From Continuing Operation Net Minority Interest": -60667000.0,
        "Reconciled Depreciation": 5024000.0,
        "EBITDA": -50551000.0,
        "EBIT": -55575000.0,
        "Net Interest Income": 6819000.0,
        "Interest Income": 6819000.0,
        "Normalized Income": -47666000.0,
        "Net Income From Continuing And Discontinued Operation": -60667000.0,
        "Total Expenses": 55578000.0,
        "Total Operating Income As Reported": -55575000.0,
        "Diluted Average Shares": 254252000.0,
        "Basic Average Shares": 254252000.0,
        "Diluted EPS": -0.24,
        "Basic EPS": -0.24,
        "Diluted NI Availto Com Stockholders": -60667000.0,
        "Net Income Common Stockholders": -60667000.0,
        "Net Income": -60667000.0,
        "Net Income Including Noncontrolling Interests": -60667000.0,
        "Net Income Continuous Operations": -60667000.0,
        "Pretax Income": -60667000.0,
        "Other Income Expense": -11911000.0,
        "Other Non Operating Income Expenses": 1090000.0,
        "Special Income Charges": -13001000.0,
        "Write Off": 13001000.0,
        "Net Non Operating Interest Income Expense": 6819000.0,
        "Interest Income Non Operating": 6819000.0,
        "Operating Income": -55575000.0,
        "Operating Expense": 55578000.0,
        "Other Operating Expenses": -1090000.0,
        "Research And Development": 43174000.0,
        "Selling General And Administration": 13494000.0,
        "General And Administrative Expense": 13494000.0,
        "Other Gand A": 13494000.0,
        "Total Revenue": 3000.0,
        "Operating Revenue": 3000.0
    },
    "2024-06-30": {
        "Tax Effect Of Unusual Items": 0.0,
        "Tax Rate For Calcs": 0.0,
        "Normalized EBITDA": -46627000.0,
        "Total Unusual Items": 0.0,
        "Total Unusual Items Excluding Goodwill": 0.0,
        "Net Income From Continuing Operation Net Minority Interest": -45809000.0,
        "Reconciled Depreciation": 4901000.0,
        "EBITDA": -46627000.0,
        "EBIT": -51528000.0,
        "Net Interest Income": 6364000.0,
        "Interest Income": 6364000.0,
        "Normalized Income": -45809000.0,
        "Net Income From Continuing And Discontinued Operation": -45809000.0,
        "Total Expenses": 51541000.0,
        "Total Operating Income As Reported": -51528000.0,
        "Diluted Average Shares": 255398000.0,
        "Basic Average Shares": 255398000.0,
        "Diluted EPS": -0.18,
        "Basic EPS": -0.18,
        "Diluted NI Availto Com Stockholders": -45809000.0,
        "Net Income Common Stockholders": -45809000.0,
        "Net Income": -45809000.0,
        "Net Income Including Noncontrolling Interests": -45809000.0,
        "Net Income Continuous Operations": -45809000.0,
        "Pretax Income": -45809000.0,
        "Other Income Expense": -645000.0,
        "Other Non Operating Income Expenses": -645000.0,
        "Special Income Charges": 0.0,
        "Write Off": 0.0,
        "Net Non Operating Interest Income Expense": 6364000.0,
        "Interest Income Non Operating": 6364000.0,
        "Operating Income": -51528000.0,
        "Operating Expense": 51541000.0,
        "Other Operating Expenses": -976000.0,
        "Research And Development": 40261000.0,
        "Selling General And Administration": 12256000.0,
        "General And Administrative Expense": 12256000.0,
        "Other Gand A": 12256000.0,
        "Total Revenue": 13000.0,
        "Operating Revenue": 13000.0
    },
    "2024-09-30": {
        "Tax Effect Of Unusual Items": 0.0,
        "Tax Rate For Calcs": 0.0,
        "Normalized EBITDA": -45825000.0,
        "Total Unusual Items": 0.0,
        "Total Unusual Items Excluding Goodwill": 0.0,
        "Net Income From Continuing Operation Net Minority Interest": -44583000.0,
        "Reconciled Depreciation": 4680000.0,
        "EBITDA": -45825000.0,
        "EBIT": -50505000.0,
        "Net Interest Income": 5965000.0,
        "Interest Income": 5965000.0,
        "Normalized Income": -44583000.0,
        "Net Income From Continuing And Discontinued Operation": -44583000.0,
        "Total Expenses": 50539000.0,
        "Total Operating Income As Reported": -50505000.0,
        "Diluted Average Shares": 256309000.0,
        "Basic Average Shares": 256309000.0,
        "Diluted EPS": -0.17,
        "Basic EPS": -0.17,
        "Diluted NI Availto Com Stockholders": -44583000.0,
        "Net Income Common Stockholders": -44583000.0,
        "Net Income": -44583000.0,
        "Net Income Including Noncontrolling Interests": -44583000.0,
        "Net Income Continuous Operations": -44583000.0,
        "Pretax Income": -44583000.0,
        "Other Income Expense": -43000.0,
        "Other Non Operating Income Expenses": -43000.0,
        "Special Income Charges": 0.0,
        "Write Off": 0.0,
        "Net Non Operating Interest Income Expense": 5965000.0,
        "Interest Income Non Operating": 5965000.0,
        "Operating Income": -50505000.0,
        "Operating Expense": 50539000.0,
        "Other Operating Expenses": -730000.0,
        "Research And Development": 39500000.0,
        "Selling General And Administration": 11769000.0,
        "General And Administrative Expense": 11769000.0,
        "Other Gand A": 11769000.0,
        "Total Revenue": 34000.0,
        "Operating Revenue": 34000.0
    }
}