{
    "2023-06-30": {
        "Tax Effect Of Unusual Items": 783080.88529,
        "Tax Rate For Calcs": 0.111661,
        "Normalized EBITDA": 584481000.0,
        "Total Unusual Items": 7013000.0,
        "Total Unusual Items Excluding Goodwill": 7013000.0,
        "Net Income From Continuing Operation Net Minority Interest": 237061000.0,
        "Reconciled Depreciation": 136514000.0,
        "Reconciled Cost Of Revenue": 4164778000.0,
        "EBITDA": 591494000.0,
        "EBIT": 454980000.0,
        "Net Interest Income": -25543000.0,
        "Interest Expense": 81995000.0,
        "Interest Income": 56452000.0,
        "Normalized Income": 230831080.88529,
        "Net Income From Continuing And Discontinued Operation": 237061000.0,
        "Total Expenses": 5251365000.0,
        "Total Operating Income As Reported": 386371000.0,
        "Diluted Average Shares": 243660186.0,
        "Basic Average Shares": 228536179.0,
        "Diluted EPS": 1.02,
        "Basic EPS": 1.04,
        "Diluted NI Availto Com Stockholders": 247865000.0,
        "Average Dilution Earnings": 10804000.0,
        "Net Income Common Stockholders": 237061000.0,
        "Net Income": 237061000.0,
        "Minority Interests": -94276000.0,
        "Net Income Including Noncontrolling Interests": 331337000.0,
        "Net Income Continuous Operations": 331337000.0,
        "Tax Provision": 41648000.0,
        "Pretax Income": 372985000.0,
        "Other Income Expense": 19170000.0,
        "Other Non Operating Income Expenses": 6599000.0,
        "Special Income Charges": 7013000.0,
        "Gain On Sale Of Ppe": 7013000.0,
        "Gain On Sale Of Business": NaN,
        "Other Special Charges": NaN,
        "Earnings From Equity Interest": 5558000.0,
        "Net Non Operating Interest Income Expense": -25543000.0,
        "Interest Expense Non Operating": 81995000.0,
        "Interest Income Non Operating": 56452000.0,
        "Operating Income": 379358000.0,
        "Operating Expense": 1086587000.0,
        "Other Operating Expenses": 81478000.0,
        "Depreciation Amortization Depletion Income Statement": 136514000.0,
        "Depreciation And Amortization In Income Statement": 136514000.0,
        "Selling General And Administration": 868595000.0,
        "General And Administrative Expense": NaN,
        "Other Gand A": NaN,
        "Gross Profit": 1465945000.0,
        "Cost Of Revenue": 4164778000.0,
        "Total Revenue": 5630723000.0,
        "Operating Revenue": 5630723000.0
    },
    "2023-03-31": {
        "Tax Effect Of Unusual Items": -6612488.240828,
        "Tax Rate For Calcs": 0.350423,
        "Normalized EBITDA": 291302000.0,
        "Total Unusual Items": -18870000.0,
        "Total Unusual Items Excluding Goodwill": -18870000.0,
        "Net Income From Continuing Operation Net Minority Interest": -58102000.0,
        "Reconciled Depreciation": 115185000.0,
        "Reconciled Cost Of Revenue": 2115589000.0,
        "EBITDA": 272432000.0,
        "EBIT": 157247000.0,
        "Net Interest Income": -48902000.0,
        "Interest Expense": 89215000.0,
        "Interest Income": 40313000.0,
        "Normalized Income": -45844488.240828,
        "Net Income From Continuing And Discontinued Operation": -58102000.0,
        "Total Expenses": 2984110000.0,
        "Total Operating Income As Reported": 142776000.0,
        "Diluted Average Shares": 228162831.0,
        "Basic Average Shares": 228162831.0,
        "Diluted EPS": -0.25,
        "Basic EPS": -0.25,
        "Diluted NI Availto Com Stockholders": -58102000.0,
        "Average Dilution Earnings": NaN,
        "Net Income Common Stockholders": -58102000.0,
        "Net Income": -58102000.0,
        "Minority Interests": -102294000.0,
        "Net Income Including Noncontrolling Interests": 44192000.0,
        "Net Income Continuous Operations": 44192000.0,
        "Tax Provision": 23840000.0,
        "Pretax Income": 68032000.0,
        "Other Income Expense": -26346000.0,
        "Other Non Operating Income Expenses": -11583000.0,
        "Special Income Charges": -18870000.0,
        "Gain On Sale Of Ppe": -504000.0,
        "Gain On Sale Of Business": NaN,
        "Other Special Charges": 18366000.0,
        "Earnings From Equity Interest": 4107000.0,
        "Net Non Operating Interest Income Expense": -48902000.0,
        "Interest Expense Non Operating": 89215000.0,
        "Interest Income Non Operating": 40313000.0,
        "Operating Income": 143280000.0,
        "Operating Expense": 868521000.0,
        "Other Operating Expenses": 63015000.0,
        "Depreciation Amortization Depletion Income Statement": 115185000.0,
        "Depreciation And Amortization In Income Statement": 115185000.0,
        "Selling General And Administration": 690321000.0,
        "General And Administrative Expense": 690321000.0,
        "Other Gand A": 690321000.0,
        "Gross Profit": 1011801000.0,
        "Cost Of Revenue": 2115589000.0,
        "Total Revenue": 3127390000.0,
        "Operating Revenue": 3127390000.0
    },
    "2022-12-31": {
        "Tax Effect Of Unusual Items": -189200.0,
        "Tax Rate For Calcs": 0.4,
        "Normalized EBITDA": 47755000.0,
        "Total Unusual Items": -473000.0,
        "Total Unusual Items Excluding Goodwill": -473000.0,
        "Net Income From Continuing Operation Net Minority Interest": -252081000.0,
        "Reconciled Depreciation": 131487000.0,
        "Reconciled Cost Of Revenue": 3291631000.0,
        "EBITDA": 47282000.0,
        "EBIT": -84205000.0,
        "Net Interest Income": -41706000.0,
        "Interest Expense": 72761000.0,
        "Interest Income": 31055000.0,
        "Normalized Income": -251797200.0,
        "Net Income From Continuing And Discontinued Operation": -252081000.0,
        "Total Expenses": 4410154000.0,
        "Total Operating Income As Reported": -119890000.0,
        "Diluted Average Shares": 226868842.0,
        "Basic Average Shares": 226868842.0,
        "Diluted EPS": -1.13,
        "Basic EPS": -1.13,
        "Diluted NI Availto Com Stockholders": -264205000.0,
        "Average Dilution Earnings": NaN,
        "Net Income Common Stockholders": -252081000.0,
        "Net Income": -252081000.0,
        "Minority Interests": -84450000.0,
        "Net Income Including Noncontrolling Interests": -167631000.0,
        "Net Income Continuous Operations": -167631000.0,
        "Tax Provision": 10665000.0,
        "Pretax Income": -156966000.0,
        "Other Income Expense": 4157000.0,
        "Other Non Operating Income Expenses": -13981000.0,
        "Special Income Charges": -473000.0,
        "Gain On Sale Of Ppe": -473000.0,
        "Gain On Sale Of Business": 0.0,
        "Other Special Charges": NaN,
        "Earnings From Equity Interest": 18611000.0,
        "Net Non Operating Interest Income Expense": -41706000.0,
        "Interest Expense Non Operating": 72761000.0,
        "Interest Income Non Operating": 31055000.0,
        "Operating Income": -119417000.0,
        "Operating Expense": 1118523000.0,
        "Other Operating Expenses": 79457000.0,
        "Depreciation Amortization Depletion Income Statement": 131487000.0,
        "Depreciation And Amortization In Income Statement": 131487000.0,
        "Selling General And Administration": 749202000.0,
        "General And Administrative Expense": NaN,
        "Other Gand A": NaN,
        "Gross Profit": 999106000.0,
        "Cost Of Revenue": 3291631000.0,
        "Total Revenue": 4290737000.0,
        "Operating Revenue": 4290737000.0
    },
    "2022-09-30": {
        "Tax Effect Of Unusual Items": 3365280.13822,
        "Tax Rate For Calcs": 0.095374,
        "Normalized EBITDA": 576623000.0,
        "Total Unusual Items": 35285000.0,
        "Total Unusual Items Excluding Goodwill": 35285000.0,
        "Net Income From Continuing Operation Net Minority Interest": 331487000.0,
        "Reconciled Depreciation": 102093000.0,
        "Reconciled Cost Of Revenue": 4707848000.0,
        "EBITDA": 611908000.0,
        "EBIT": 509815000.0,
        "Net Interest Income": -44705000.0,
        "Interest Expense": 70514000.0,
        "Interest Income": 25809000.0,
        "Normalized Income": 299567280.13822,
        "Net Income From Continuing And Discontinued Operation": 331487000.0,
        "Total Expenses": 5682571000.0,
        "Total Operating Income As Reported": 506249000.0,
        "Diluted Average Shares": 243686803.0,
        "Basic Average Shares": 225761777.0,
        "Diluted EPS": 1.39,
        "Basic EPS": 1.47,
        "Diluted NI Availto Com Stockholders": 337852000.0,
        "Average Dilution Earnings": 6365000.0,
        "Net Income Common Stockholders": 331487000.0,
        "Net Income": 331487000.0,
        "Minority Interests": -65916000.0,
        "Net Income Including Noncontrolling Interests": 397403000.0,
        "Net Income Continuous Operations": 397403000.0,
        "Tax Provision": 41898000.0,
        "Pretax Income": 439301000.0,
        "Other Income Expense": 13042000.0,
        "Other Non Operating Income Expenses": -7960000.0,
        "Special Income Charges": 35285000.0,
        "Gain On Sale Of Ppe": 35285000.0,
        "Gain On Sale Of Business": 0.0,
        "Other Special Charges": NaN,
        "Earnings From Equity Interest": -14283000.0,
        "Net Non Operating Interest Income Expense": -44705000.0,
        "Interest Expense Non Operating": 70514000.0,
        "Interest Income Non Operating": 25809000.0,
        "Operating Income": 470964000.0,
        "Operating Expense": 974723000.0,
        "Other Operating Expenses": 66720000.0,
        "Depreciation Amortization Depletion Income Statement": 102093000.0,
        "Depreciation And Amortization In Income Statement": 102093000.0,
        "Selling General And Administration": 805910000.0,
        "General And Administrative Expense": 805910000.0,
        "Other Gand A": 805910000.0,
        "Gross Profit": 1445687000.0,
        "Cost Of Revenue": 4707848000.0,
        "Total Revenue": 6153535000.0,
        "Operating Revenue": 6153535000.0
    },
    "2022-06-30": {
        "Tax Effect Of Unusual Items": -59597.710199,
        "Tax Rate For Calcs": 0.122882,
        "Normalized EBITDA": 445219000.0,
        "Total Unusual Items": -485000.0,
        "Total Unusual Items Excluding Goodwill": -485000.0,
        "Net Income From Continuing Operation Net Minority Interest": 155240000.0,
        "Reconciled Depreciation": 115927000.0,
        "Reconciled Cost Of Revenue": 3267023000.0,
        "EBITDA": 444734000.0,
        "EBIT": 328807000.0,
        "Net Interest Income": -55243000.0,
        "Interest Expense": 68435000.0,
        "Interest Income": 13192000.0,
        "Normalized Income": 155665402.289801,
        "Net Income From Continuing And Discontinued Operation": 155240000.0,
        "Total Expenses": 4114410000.0,
        "Total Operating Income As Reported": 318699000.0,
        "Diluted Average Shares": 243634764.0,
        "Basic Average Shares": 224674447.0,
        "Diluted EPS": 0.66,
        "Basic EPS": 0.69,
        "Diluted NI Availto Com Stockholders": 161605000.0,
        "Average Dilution Earnings": 6365000.0,
        "Net Income Common Stockholders": 155240000.0,
        "Net Income": 155240000.0,
        "Minority Interests": -73137000.0,
        "Net Income Including Noncontrolling Interests": 228377000.0,
        "Net Income Continuous Operations": 228377000.0,
        "Tax Provision": 31995000.0,
        "Pretax Income": 260372000.0,
        "Other Income Expense": -4149000.0,
        "Other Non Operating Income Expenses": -5619000.0,
        "Special Income Charges": -485000.0,
        "Gain On Sale Of Ppe": -1065000.0,
        "Gain On Sale Of Business": 580000.0,
        "Other Special Charges": NaN,
        "Earnings From Equity Interest": 1955000.0,
        "Net Non Operating Interest Income Expense": -55243000.0,
        "Interest Expense Non Operating": 68435000.0,
        "Interest Income Non Operating": 13192000.0,
        "Operating Income": 319764000.0,
        "Operating Expense": 847387000.0,
        "Other Operating Expenses": 59247000.0,
        "Depreciation Amortization Depletion Income Statement": 115927000.0,
        "Depreciation And Amortization In Income Statement": 115927000.0,
        "Selling General And Administration": 731460000.0,
        "General And Administrative Expense": 731460000.0,
        "Other Gand A": 731460000.0,
        "Gross Profit": 1167151000.0,
        "Cost Of Revenue": 3267023000.0,
        "Total Revenue": 4434174000.0,
        "Operating Revenue": 4434174000.0
    },
    "2022-03-31": {
        "Diluted EPS": -0.39,
        "Total Revenue": NaN,
        "Gross Profit": 732,
        "Operating Income": 27,
        "EBIT": 150,
        "Net Income": -50
    },
    "2021-12-31": {
        "Diluted EPS": -0.94,
        "Total Revenue": NaN,
        "Gross Profit": 694,
        "Operating Income": -125,
        "EBIT": 13,
        "Net Income": -210
    },
    "2021-09-30": {
        "Diluted EPS": 0.19,
        "Total Revenue": NaN,
        "Gross Profit": 729,
        "Operating Income": 137,
        "EBIT": 269,
        "Net Income": 43
    },
    "2021-06-30": {
        "Diluted EPS": -0.9,
        "Total Revenue": 576,
        "Gross Profit": 333,
        "Operating Income": -127,
        "EBIT": 3,
        "Net Income": -195
    },
    "2021-03-31": {
        "Diluted EPS": -1.44,
        "Total Revenue": 291,
        "Gross Profit": 157,
        "Operating Income": -303,
        "EBIT": -174,
        "Net Income": -308
    },
    "2020-12-31": {
        "Diluted EPS": -2.06,
        "Total Revenue": 237,
        "Gross Profit": 34,
        "Operating Income": -388,
        "EBIT": -250,
        "Net Income": -436
    },
    "2020-09-30": {
        "Diluted EPS": -2.45,
        "Total Revenue": 184,
        "Gross Profit": 53,
        "Operating Income": -504,
        "EBIT": -368,
        "Net Income": -522
    },
    "2020-06-30": {
        "Diluted EPS": -2.67,
        "Total Revenue": 74,
        "Gross Profit": -120,
        "Operating Income": -588,
        "EBIT": -444,
        "Net Income": -566
    },
    "2020-03-31": {
        "Diluted EPS": -0.94,
        "Total Revenue": NaN,
        "Gross Profit": 492,
        "Operating Income": -173,
        "EBIT": -25,
        "Net Income": -199
    },
    "2019-12-31": {
        "Diluted EPS": -0.83,
        "Total Revenue": NaN,
        "Gross Profit": 702,
        "Operating Income": -83,
        "EBIT": 66,
        "Net Income": -185
    },
    "2019-09-30": {
        "Diluted EPS": 0.71,
        "Total Revenue": NaN,
        "Gross Profit": 973,
        "Operating Income": 260,
        "EBIT": 412,
        "Net Income": 155
    },
    "2019-06-30": {
        "Diluted EPS": 0.41,
        "Total Revenue": NaN,
        "Gross Profit": 830,
        "Operating Income": 172,
        "EBIT": 303,
        "Net Income": 90
    },
    "2019-03-31": {
        "Diluted EPS": -0.31,
        "Total Revenue": NaN,
        "Gross Profit": 576,
        "Operating Income": -24,
        "EBIT": 92,
        "Net Income": -65
    },
    "2018-12-31": {
        "Diluted EPS": -0.79,
        "Total Revenue": NaN,
        "Gross Profit": 625,
        "Operating Income": -90,
        "EBIT": 49,
        "Net Income": -171
    },
    "2018-09-30": {
        "Diluted EPS": 0.7,
        "Total Revenue": NaN,
        "Gross Profit": 911,
        "Operating Income": 234,
        "EBIT": 359,
        "Net Income": 152
    },
    "2018-06-30": {
        "Diluted EPS": 0.24,
        "Total Revenue": NaN,
        "Gross Profit": 733,
        "Operating Income": 135,
        "EBIT": 250,
        "Net Income": 52
    },
    "2018-03-31": {
        "Diluted EPS": -0.24,
        "Total Revenue": NaN,
        "Gross Profit": 550,
        "Operating Income": -6,
        "EBIT": 102,
        "Net Income": -50
    },
    "2017-12-31": {
        "Diluted EPS": -1.08,
        "Total Revenue": NaN,
        "Gross Profit": 570,
        "Operating Income": -202,
        "EBIT": -49,
        "Net Income": -230
    },
    "2017-09-30": {
        "Diluted EPS": 0.53,
        "Total Revenue": NaN,
        "Gross Profit": 806,
        "Operating Income": 201,
        "EBIT": 321,
        "Net Income": 115
    },
    "2017-06-30": {
        "Diluted EPS": 0.29,
        "Total Revenue": NaN,
        "Gross Profit": 661,
        "Operating Income": 113,
        "EBIT": 209,
        "Net Income": 63
    },
    "2017-03-31": {
        "Diluted EPS": -0.22,
        "Total Revenue": NaN,
        "Gross Profit": 468,
        "Operating Income": -21,
        "EBIT": 79,
        "Net Income": -46
    },
    "2016-12-31": {
        "Diluted EPS": -0.56,
        "Total Revenue": NaN,
        "Gross Profit": 448,
        "Operating Income": -37,
        "EBIT": 76,
        "Net Income": -131
    },
    "2016-09-30": {
        "Diluted EPS": 0.49,
        "Total Revenue": NaN,
        "Gross Profit": 742,
        "Operating Income": 191,
        "EBIT": 299,
        "Net Income": 103
    },
    "2016-06-30": {
        "Diluted EPS": 0.13,
        "Total Revenue": NaN,
        "Gross Profit": 574,
        "Operating Income": 74,
        "EBIT": 172,
        "Net Income": 26
    },
    "2016-03-31": {
        "Diluted EPS": -0.29,
        "Total Revenue": NaN,
        "Gross Profit": 424,
        "Operating Income": -33,
        "EBIT": 64,
        "Net Income": -45
    },
    "2015-12-31": {
        "Diluted EPS": -0.46,
        "Total Revenue": NaN,
        "Gross Profit": 515,
        "Operating Income": -40,
        "EBIT": 88,
        "Net Income": -98
    },
    "2015-09-30": {
        "Diluted EPS": 0.38,
        "Total Revenue": NaN,
        "Gross Profit": 649,
        "Operating Income": 154,
        "EBIT": 255,
        "Net Income": 79
    },
    "2015-06-30": {
        "Diluted EPS": 0.06,
        "Total Revenue": NaN,
        "Gross Profit": 487,
        "Operating Income": 42,
        "EBIT": 133,
        "Net Income": 15
    },
    "2015-03-31": {
        "Diluted EPS": -0.31,
        "Total Revenue": NaN,
        "Gross Profit": 399,
        "Operating Income": -24,
        "EBIT": 63,
        "Net Income": -62
    },
    "2014-12-31": {
        "Diluted EPS": -0.92,
        "Total Revenue": NaN,
        "Gross Profit": 444,
        "Operating Income": -187,
        "EBIT": 62,
        "Net Income": -192
    },
    "2014-09-30": {
        "Diluted EPS": 0.49,
        "Total Revenue": NaN,
        "Gross Profit": 625,
        "Operating Income": 151,
        "EBIT": 252,
        "Net Income": 105
    },
    "2014-06-30": {
        "Diluted EPS": 0.11,
        "Total Revenue": NaN,
        "Gross Profit": 481,
        "Operating Income": 56,
        "EBIT": 137,
        "Net Income": 23
    },
    "2014-03-31": {
        "Diluted EPS": -0.17,
        "Total Revenue": NaN,
        "Gross Profit": 396,
        "Operating Income": -12,
        "EBIT": 75,
        "Net Income": -32
    },
    "2013-12-31": {
        "Diluted EPS": -0.42,
        "Total Revenue": NaN,
        "Gross Profit": 418,
        "Operating Income": -51,
        "EBIT": 65,
        "Net Income": -83
    },
    "2013-09-30": {
        "Diluted EPS": 0.22,
        "Total Revenue": NaN,
        "Gross Profit": 564,
        "Operating Income": 126,
        "EBIT": 224,
        "Net Income": 44
    },
    "2013-06-30": {
        "Diluted EPS": 0.3,
        "Total Revenue": NaN,
        "Gross Profit": 470,
        "Operating Income": 98,
        "EBIT": 186,
        "Net Income": 58
    },
    "2013-03-31": {
        "Diluted EPS": -0.33,
        "Total Revenue": 924,
        "Gross Profit": 347,
        "Operating Income": -33,
        "EBIT": 54,
        "Net Income": -63
    },
    "2012-12-31": {
        "Diluted EPS": -0.86,
        "Total Revenue": NaN,
        "Gross Profit": 389,
        "Operating Income": -126,
        "EBIT": 50,
        "Net Income": -160
    },
    "2012-09-30": {
        "Diluted EPS": 0.31,
        "Total Revenue": NaN,
        "Gross Profit": 506,
        "Operating Income": 105,
        "EBIT": 194,
        "Net Income": 58
    },
    "2012-06-30": {
        "Diluted EPS": 0.04,
        "Total Revenue": NaN,
        "Gross Profit": 444,
        "Operating Income": 43,
        "EBIT": 141,
        "Net Income": 8
    },
    "2012-03-31": {
        "Diluted EPS": -0.37,
        "Total Revenue": 868,
        "Gross Profit": 329,
        "Operating Income": -43,
        "EBIT": 40,
        "Net Income": -69
    },
    "2011-12-31": {
        "Diluted EPS": -0.53,
        "Total Revenue": NaN,
        "Gross Profit": 368,
        "Operating Income": -67,
        "EBIT": 42,
        "Net Income": -100
    },
    "2011-09-30": {
        "Diluted EPS": 0.27,
        "Total Revenue": NaN,
        "Gross Profit": 504,
        "Operating Income": 105,
        "EBIT": 191,
        "Net Income": 52
    },
    "2011-06-30": {
        "Diluted EPS": 0.07,
        "Total Revenue": NaN,
        "Gross Profit": 421,
        "Operating Income": 52,
        "EBIT": 133,
        "Net Income": 13
    },
    "2011-03-31": {
        "Diluted EPS": -0.27,
        "Total Revenue": 849,
        "Gross Profit": 302,
        "Operating Income": -72,
        "EBIT": 8,
        "Net Income": -48
    },
    "2010-12-31": {
        "Diluted EPS": -0.67,
        "Total Revenue": NaN,
        "Gross Profit": 349,
        "Operating Income": -86,
        "EBIT": 41,
        "Net Income": -124
    },
    "2010-09-30": {
        "Diluted EPS": 0.3,
        "Total Revenue": NaN,
        "Gross Profit": 448,
        "Operating Income": 103,
        "EBIT": 176,
        "Net Income": 51
    },
    "2010-06-30": {
        "Diluted EPS": -0.19,
        "Total Revenue": NaN,
        "Gross Profit": 370,
        "Operating Income": 26,
        "EBIT": 92,
        "Net Income": -33
    },
    "2010-03-31": {
        "Diluted EPS": -0.83,
        "Total Revenue": 723,
        "Gross Profit": 239,
        "Operating Income": -106,
        "EBIT": -41,
        "Net Income": -122
    },
    "2009-12-31": {
        "Diluted EPS": 0.11,
        "Total Revenue": 854,
        "Gross Profit": 176,
        "Operating Income": -64,
        "EBIT": -7,
        "Net Income": 0
    },
    "2009-09-30": {
        "Diluted EPS": 0.78,
        "Total Revenue": NaN,
        "Gross Profit": 327,
        "Operating Income": 108,
        "EBIT": 149,
        "Net Income": 69
    },
    "2009-06-30": {
        "Diluted EPS": -0.33,
        "Total Revenue": NaN,
        "Gross Profit": 208,
        "Operating Income": -8,
        "EBIT": 32,
        "Net Income": -27
    },
    "2009-03-31": {
        "Diluted EPS": -1.29,
        "Total Revenue": 485,
        "Gross Profit": 112,
        "Operating Income": -88,
        "EBIT": -42,
        "Net Income": -103
    },
    "2023-09-30": {
        "Tax Effect Of Unusual Items": 148265.527906,
        "Tax Rate For Calcs": 0.093661,
        "Normalized EBITDA": 811840000.0,
        "Total Unusual Items": 1583000.0,
        "Total Unusual Items Excluding Goodwill": 1583000.0,
        "Net Income From Continuing Operation Net Minority Interest": 483495000.0,
        "Reconciled Depreciation": 130653000.0,
        "Reconciled Cost Of Revenue": 6330465000.0,
        "EBITDA": 813423000.0,
        "EBIT": 682770000.0,
        "Net Interest Income": -8108000.0,
        "Interest Expense": 86215000.0,
        "Interest Income": 78107000.0,
        "Normalized Income": 482060265.527906,
        "Net Income From Continuing And Discontinued Operation": 483495000.0,
        "Total Expenses": 7535070000.0,
        "Total Operating Income As Reported": 618532000.0,
        "Diluted Average Shares": 244163678.0,
        "Basic Average Shares": 228787263.0,
        "Diluted EPS": 1.78,
        "Basic EPS": 1.85,
        "Diluted NI Availto Com Stockholders": 483495000.0,
        "Average Dilution Earnings": NaN,
        "Net Income Common Stockholders": 483495000.0,
        "Net Income": 483495000.0,
        "Minority Interests": -57186000.0,
        "Net Income Including Noncontrolling Interests": 540681000.0,
        "Net Income Continuous Operations": 540681000.0,
        "Tax Provision": 55874000.0,
        "Pretax Income": 596555000.0,
        "Other Income Expense": -12286000.0,
        "Other Non Operating Income Expenses": -19251000.0,
        "Special Income Charges": 1583000.0,
        "Gain On Sale Of Ppe": 1583000.0,
        "Gain On Sale Of Business": NaN,
        "Other Special Charges": NaN,
        "Earnings From Equity Interest": 5382000.0,
        "Net Non Operating Interest Income Expense": -8108000.0,
        "Interest Expense Non Operating": 86215000.0,
        "Interest Income Non Operating": 78107000.0,
        "Operating Income": 616949000.0,
        "Operating Expense": 1204605000.0,
        "Other Operating Expenses": 99802000.0,
        "Depreciation Amortization Depletion Income Statement": 130653000.0,
        "Depreciation And Amortization In Income Statement": 130653000.0,
        "Selling General And Administration": 974150000.0,
        "General And Administrative Expense": NaN,
        "Other Gand A": NaN,
        "Gross Profit": 1821554000.0,
        "Cost Of Revenue": 6330465000.0,
        "Total Revenue": 8152019000.0,
        "Operating Revenue": 8152019000.0
    }
}