{
    "2023-03-31": {
        "Tax Effect Of Unusual Items": NaN,
        "Tax Rate For Calcs": NaN,
        "Normalized EBITDA": NaN,
        "Total Unusual Items": NaN,
        "Total Unusual Items Excluding Goodwill": NaN,
        "Net Income From Continuing Operation Net Minority Interest": NaN,
        "Reconciled Depreciation": NaN,
        "Reconciled Cost Of Revenue": NaN,
        "EBITDA": NaN,
        "EBIT": NaN,
        "Net Interest Income": NaN,
        "Interest Expense": NaN,
        "Interest Income": NaN,
        "Normalized Income": NaN,
        "Net Income From Continuing And Discontinued Operation": NaN,
        "Total Expenses": NaN,
        "Total Operating Income As Reported": NaN,
        "Diluted Average Shares": NaN,
        "Basic Average Shares": NaN,
        "Diluted EPS": NaN,
        "Basic EPS": NaN,
        "Diluted NI Availto Com Stockholders": NaN,
        "Net Income Common Stockholders": NaN,
        "Net Income": NaN,
        "Net Income Including Noncontrolling Interests": NaN,
        "Net Income Continuous Operations": NaN,
        "Tax Provision": NaN,
        "Pretax Income": NaN,
        "Other Income Expense": NaN,
        "Other Non Operating Income Expenses": NaN,
        "Special Income Charges": NaN,
        "Impairment Of Capital Assets": NaN,
        "Net Non Operating Interest Income Expense": NaN,
        "Total Other Finance Cost": -1581000.0,
        "Interest Expense Non Operating": NaN,
        "Interest Income Non Operating": NaN,
        "Operating Income": NaN,
        "Operating Expense": NaN,
        "Research And Development": NaN,
        "Selling General And Administration": NaN,
        "Selling And Marketing Expense": NaN,
        "General And Administrative Expense": NaN,
        "Other Gand A": NaN,
        "Gross Profit": NaN,
        "Cost Of Revenue": NaN,
        "Total Revenue": NaN,
        "Operating Revenue": NaN
    },
    "2022-12-31": {
        "Tax Effect Of Unusual Items": NaN,
        "Tax Rate For Calcs": NaN,
        "Normalized EBITDA": NaN,
        "Total Unusual Items": -3011000.0,
        "Total Unusual Items Excluding Goodwill": -3011000.0,
        "Net Income From Continuing Operation Net Minority Interest": NaN,
        "Reconciled Depreciation": NaN,
        "Reconciled Cost Of Revenue": NaN,
        "EBITDA": NaN,
        "EBIT": NaN,
        "Net Interest Income": NaN,
        "Interest Expense": NaN,
        "Interest Income": NaN,
        "Normalized Income": NaN,
        "Net Income From Continuing And Discontinued Operation": NaN,
        "Total Expenses": NaN,
        "Total Operating Income As Reported": NaN,
        "Diluted Average Shares": NaN,
        "Basic Average Shares": NaN,
        "Diluted EPS": NaN,
        "Basic EPS": NaN,
        "Diluted NI Availto Com Stockholders": NaN,
        "Net Income Common Stockholders": NaN,
        "Net Income": NaN,
        "Net Income Including Noncontrolling Interests": NaN,
        "Net Income Continuous Operations": NaN,
        "Tax Provision": NaN,
        "Pretax Income": NaN,
        "Other Income Expense": NaN,
        "Other Non Operating Income Expenses": NaN,
        "Special Income Charges": -3011000.0,
        "Impairment Of Capital Assets": 11000.0,
        "Net Non Operating Interest Income Expense": NaN,
        "Total Other Finance Cost": -1032000.0,
        "Interest Expense Non Operating": NaN,
        "Interest Income Non Operating": NaN,
        "Operating Income": NaN,
        "Operating Expense": NaN,
        "Research And Development": NaN,
        "Selling General And Administration": NaN,
        "Selling And Marketing Expense": NaN,
        "General And Administrative Expense": NaN,
        "Other Gand A": NaN,
        "Gross Profit": NaN,
        "Cost Of Revenue": NaN,
        "Total Revenue": NaN,
        "Operating Revenue": NaN
    },
    "2022-09-30": {
        "Tax Effect Of Unusual Items": NaN,
        "Tax Rate For Calcs": NaN,
        "Normalized EBITDA": NaN,
        "Total Unusual Items": -237000.0,
        "Total Unusual Items Excluding Goodwill": -237000.0,
        "Net Income From Continuing Operation Net Minority Interest": NaN,
        "Reconciled Depreciation": NaN,
        "Reconciled Cost Of Revenue": NaN,
        "EBITDA": NaN,
        "EBIT": NaN,
        "Net Interest Income": NaN,
        "Interest Expense": NaN,
        "Interest Income": NaN,
        "Normalized Income": NaN,
        "Net Income From Continuing And Discontinued Operation": NaN,
        "Total Expenses": NaN,
        "Total Operating Income As Reported": NaN,
        "Diluted Average Shares": NaN,
        "Basic Average Shares": NaN,
        "Diluted EPS": NaN,
        "Basic EPS": NaN,
        "Diluted NI Availto Com Stockholders": NaN,
        "Net Income Common Stockholders": NaN,
        "Net Income": NaN,
        "Net Income Including Noncontrolling Interests": NaN,
        "Net Income Continuous Operations": NaN,
        "Tax Provision": NaN,
        "Pretax Income": NaN,
        "Other Income Expense": NaN,
        "Other Non Operating Income Expenses": NaN,
        "Special Income Charges": -237000.0,
        "Impairment Of Capital Assets": 237000.0,
        "Net Non Operating Interest Income Expense": NaN,
        "Total Other Finance Cost": -535000.0,
        "Interest Expense Non Operating": NaN,
        "Interest Income Non Operating": NaN,
        "Operating Income": NaN,
        "Operating Expense": NaN,
        "Research And Development": NaN,
        "Selling General And Administration": NaN,
        "Selling And Marketing Expense": NaN,
        "General And Administrative Expense": NaN,
        "Other Gand A": NaN,
        "Gross Profit": NaN,
        "Cost Of Revenue": NaN,
        "Total Revenue": NaN,
        "Operating Revenue": NaN
    },
    "2022-06-30": {
        "Tax Effect Of Unusual Items": 0.0,
        "Tax Rate For Calcs": 0.033,
        "Normalized EBITDA": -5624000.0,
        "Total Unusual Items": 0.0,
        "Total Unusual Items Excluding Goodwill": 0.0,
        "Net Income From Continuing Operation Net Minority Interest": -13179000.0,
        "Reconciled Depreciation": 6013000.0,
        "Reconciled Cost Of Revenue": 57393000.0,
        "EBITDA": -5624000.0,
        "EBIT": -11637000.0,
        "Net Interest Income": 29000.0,
        "Normalized Income": -13179000.0,
        "Net Income From Continuing And Discontinued Operation": -13179000.0,
        "Total Expenses": 175504000.0,
        "Total Operating Income As Reported": -11637000.0,
        "Diluted Average Shares": 197819000.0,
        "Basic Average Shares": 197819000.0,
        "Diluted EPS": -0.06,
        "Basic EPS": -0.06,
        "Diluted NI Availto Com Stockholders": -13179000.0,
        "Net Income Common Stockholders": -13179000.0,
        "Net Income": -13179000.0,
        "Net Income Including Noncontrolling Interests": -13179000.0,
        "Net Income Continuous Operations": -13179000.0,
        "Tax Provision": -451000.0,
        "Pretax Income": -13630000.0,
        "Other Income Expense": -2022000.0,
        "Other Non Operating Income Expenses": -2022000.0,
        "Special Income Charges": 0.0,
        "Write Off": NaN,
        "Impairment Of Capital Assets": 0.0,
        "Net Non Operating Interest Income Expense": 29000.0,
        "Total Other Finance Cost": -29000.0,
        "Operating Income": -11637000.0,
        "Operating Expense": 118111000.0,
        "Research And Development": 16197000.0,
        "Selling General And Administration": 101914000.0,
        "Selling And Marketing Expense": 72945000.0,
        "General And Administrative Expense": 28969000.0,
        "Other Gand A": 28969000.0,
        "Gross Profit": 106474000.0,
        "Cost Of Revenue": 57393000.0,
        "Total Revenue": 163867000.0,
        "Operating Revenue": 163867000.0
    },
    "2023-06-30": {
        "Tax Effect Of Unusual Items": NaN,
        "Tax Rate For Calcs": NaN,
        "Normalized EBITDA": NaN,
        "Total Unusual Items": NaN,
        "Total Unusual Items Excluding Goodwill": NaN,
        "Net Income From Continuing Operation Net Minority Interest": NaN,
        "Reconciled Depreciation": NaN,
        "Reconciled Cost Of Revenue": NaN,
        "EBITDA": NaN,
        "EBIT": NaN,
        "Net Interest Income": NaN,
        "Interest Expense": 87000.0,
        "Interest Income": 2240000.0,
        "Normalized Income": NaN,
        "Net Income From Continuing And Discontinued Operation": NaN,
        "Total Expenses": NaN,
        "Total Operating Income As Reported": NaN,
        "Diluted Average Shares": NaN,
        "Basic Average Shares": NaN,
        "Diluted EPS": NaN,
        "Basic EPS": NaN,
        "Diluted NI Availto Com Stockholders": NaN,
        "Net Income Common Stockholders": NaN,
        "Net Income": NaN,
        "Net Income Including Noncontrolling Interests": NaN,
        "Net Income Continuous Operations": NaN,
        "Tax Provision": NaN,
        "Pretax Income": NaN,
        "Other Income Expense": NaN,
        "Other Non Operating Income Expenses": NaN,
        "Special Income Charges": NaN,
        "Impairment Of Capital Assets": NaN,
        "Net Non Operating Interest Income Expense": NaN,
        "Total Other Finance Cost": -2153000.0,
        "Interest Expense Non Operating": 87000.0,
        "Interest Income Non Operating": 2240000.0,
        "Operating Income": NaN,
        "Operating Expense": NaN,
        "Research And Development": NaN,
        "Selling General And Administration": NaN,
        "Selling And Marketing Expense": NaN,
        "General And Administrative Expense": NaN,
        "Other Gand A": NaN,
        "Gross Profit": NaN,
        "Cost Of Revenue": NaN,
        "Total Revenue": NaN,
        "Operating Revenue": NaN
    },
    "2023-09-30": {
        "Tax Effect Of Unusual Items": 0.0,
        "Tax Rate For Calcs": 0.37,
        "Normalized EBITDA": 19395000.0,
        "Total Unusual Items": 0.0,
        "Total Unusual Items Excluding Goodwill": 0.0,
        "Net Income From Continuing Operation Net Minority Interest": 7534000.0,
        "Reconciled Depreciation": 7330000.0,
        "Reconciled Cost Of Revenue": 59213000.0,
        "EBITDA": 19395000.0,
        "EBIT": 12065000.0,
        "Net Interest Income": 2623000.0,
        "Interest Expense": 68000.0,
        "Interest Income": 2691000.0,
        "Normalized Income": 7534000.0,
        "Net Income From Continuing And Discontinued Operation": 7534000.0,
        "Total Expenses": 157018000.0,
        "Total Operating Income As Reported": 10256000.0,
        "Diluted Average Shares": 197454000.0,
        "Basic Average Shares": 191033000.0,
        "Diluted EPS": 0.04,
        "Basic EPS": 0.04,
        "Diluted NI Availto Com Stockholders": 7534000.0,
        "Net Income Common Stockholders": 7534000.0,
        "Net Income": 7534000.0,
        "Net Income Including Noncontrolling Interests": 7534000.0,
        "Net Income Continuous Operations": 7534000.0,
        "Tax Provision": 4463000.0,
        "Pretax Income": 11997000.0,
        "Other Income Expense": -882000.0,
        "Other Non Operating Income Expenses": -882000.0,
        "Special Income Charges": 0.0,
        "Impairment Of Capital Assets": 0.0,
        "Net Non Operating Interest Income Expense": 2623000.0,
        "Total Other Finance Cost": -2623000.0,
        "Interest Expense Non Operating": 68000.0,
        "Interest Income Non Operating": 2691000.0,
        "Operating Income": 10256000.0,
        "Operating Expense": 97805000.0,
        "Research And Development": 21491000.0,
        "Selling General And Administration": 76314000.0,
        "Selling And Marketing Expense": 51071000.0,
        "General And Administrative Expense": 25243000.0,
        "Other Gand A": 25243000.0,
        "Gross Profit": 108061000.0,
        "Cost Of Revenue": 59213000.0,
        "Total Revenue": 167274000.0,
        "Operating Revenue": 167274000.0
    },
    "2023-12-31": {
        "Tax Effect Of Unusual Items": 0.0,
        "Tax Rate For Calcs": 0.296684,
        "Normalized EBITDA": 25785000.0,
        "Total Unusual Items": 0.0,
        "Total Unusual Items Excluding Goodwill": 0.0,
        "Net Income From Continuing Operation Net Minority Interest": 7382000.0,
        "Reconciled Depreciation": 8003000.0,
        "Reconciled Cost Of Revenue": 55907000.0,
        "EBITDA": 25785000.0,
        "EBIT": 17782000.0,
        "Net Interest Income": 2457000.0,
        "Interest Expense": NaN,
        "Interest Income": NaN,
        "Normalized Income": 7382000.0,
        "Net Income From Continuing And Discontinued Operation": 7382000.0,
        "Total Expenses": 151809000.0,
        "Total Operating Income As Reported": 6854000.0,
        "Diluted Average Shares": 192827000.0,
        "Basic Average Shares": 188223000.0,
        "Diluted EPS": 0.04,
        "Basic EPS": 0.04,
        "Diluted NI Availto Com Stockholders": 7382000.0,
        "Net Income Common Stockholders": 7382000.0,
        "Net Income": 7382000.0,
        "Net Income Including Noncontrolling Interests": 7382000.0,
        "Net Income Continuous Operations": 7382000.0,
        "Tax Provision": 3114000.0,
        "Pretax Income": 10496000.0,
        "Other Income Expense": 1185000.0,
        "Other Non Operating Income Expenses": 1185000.0,
        "Special Income Charges": 0.0,
        "Impairment Of Capital Assets": 0.0,
        "Net Non Operating Interest Income Expense": 2457000.0,
        "Total Other Finance Cost": NaN,
        "Interest Expense Non Operating": NaN,
        "Interest Income Non Operating": NaN,
        "Operating Income": 6854000.0,
        "Operating Expense": 95902000.0,
        "Research And Development": 22107000.0,
        "Selling General And Administration": 73795000.0,
        "Selling And Marketing Expense": 46126000.0,
        "General And Administrative Expense": 27669000.0,
        "Other Gand A": 27669000.0,
        "Gross Profit": 102756000.0,
        "Cost Of Revenue": 55907000.0,
        "Total Revenue": 158663000.0,
        "Operating Revenue": 158663000.0
    },
    "2024-03-31": {
        "Tax Effect Of Unusual Items": 0.0,
        "Tax Rate For Calcs": 0.21,
        "Normalized EBITDA": 16392000.0,
        "Total Unusual Items": NaN,
        "Total Unusual Items Excluding Goodwill": NaN,
        "Net Income From Continuing Operation Net Minority Interest": 4744000.0,
        "Reconciled Depreciation": 8357000.0,
        "Reconciled Cost Of Revenue": 68384000.0,
        "EBITDA": 16392000.0,
        "EBIT": 8035000.0,
        "Net Interest Income": 2826000.0,
        "Interest Expense": 61000.0,
        "Interest Income": 2887000.0,
        "Normalized Income": 4744000.0,
        "Net Income From Continuing And Discontinued Operation": 4744000.0,
        "Total Expenses": 169159000.0,
        "Total Operating Income As Reported": 5055000.0,
        "Diluted Average Shares": 193397000.0,
        "Basic Average Shares": 188618000.0,
        "Diluted EPS": 0.02,
        "Basic EPS": 0.03,
        "Diluted NI Availto Com Stockholders": 4744000.0,
        "Net Income Common Stockholders": 4744000.0,
        "Net Income": 4744000.0,
        "Net Income Including Noncontrolling Interests": 4744000.0,
        "Net Income Continuous Operations": 4744000.0,
        "Tax Provision": 3230000.0,
        "Pretax Income": 7974000.0,
        "Other Income Expense": 93000.0,
        "Other Non Operating Income Expenses": 93000.0,
        "Special Income Charges": NaN,
        "Impairment Of Capital Assets": NaN,
        "Net Non Operating Interest Income Expense": 2826000.0,
        "Total Other Finance Cost": NaN,
        "Interest Expense Non Operating": 61000.0,
        "Interest Income Non Operating": 2887000.0,
        "Operating Income": 5055000.0,
        "Operating Expense": 100775000.0,
        "Research And Development": 23957000.0,
        "Selling General And Administration": 76818000.0,
        "Selling And Marketing Expense": 53753000.0,
        "General And Administrative Expense": 23065000.0,
        "Other Gand A": 23065000.0,
        "Gross Profit": 105830000.0,
        "Cost Of Revenue": 68384000.0,
        "Total Revenue": 174214000.0,
        "Operating Revenue": 174214000.0
    },
    "2024-06-30": {
        "Tax Effect Of Unusual Items": 0.0,
        "Tax Rate For Calcs": 0.21,
        "Normalized EBITDA": 12580000.0,
        "Total Unusual Items": NaN,
        "Total Unusual Items Excluding Goodwill": NaN,
        "Net Income From Continuing Operation Net Minority Interest": 1314000.0,
        "Reconciled Depreciation": 9108000.0,
        "Reconciled Cost Of Revenue": 63609000.0,
        "EBITDA": 12580000.0,
        "EBIT": 3472000.0,
        "Net Interest Income": 2203000.0,
        "Interest Expense": 112000.0,
        "Interest Income": 2315000.0,
        "Normalized Income": 1314000.0,
        "Net Income From Continuing And Discontinued Operation": 1314000.0,
        "Total Expenses": 176216000.0,
        "Total Operating Income As Reported": 1146000.0,
        "Diluted Average Shares": 186456000.0,
        "Basic Average Shares": 184257000.0,
        "Diluted EPS": 0.01,
        "Basic EPS": 0.01,
        "Diluted NI Availto Com Stockholders": 1314000.0,
        "Net Income Common Stockholders": 1314000.0,
        "Net Income": 1314000.0,
        "Net Income Including Noncontrolling Interests": 1314000.0,
        "Net Income Continuous Operations": 1314000.0,
        "Tax Provision": 2046000.0,
        "Pretax Income": 3360000.0,
        "Other Income Expense": 11000.0,
        "Other Non Operating Income Expenses": 11000.0,
        "Special Income Charges": NaN,
        "Impairment Of Capital Assets": NaN,
        "Net Non Operating Interest Income Expense": 2203000.0,
        "Total Other Finance Cost": NaN,
        "Interest Expense Non Operating": 112000.0,
        "Interest Income Non Operating": 2315000.0,
        "Operating Income": 1146000.0,
        "Operating Expense": 112607000.0,
        "Research And Development": 25798000.0,
        "Selling General And Administration": 86809000.0,
        "Selling And Marketing Expense": 60130000.0,
        "General And Administrative Expense": 26679000.0,
        "Other Gand A": 26679000.0,
        "Gross Profit": 113753000.0,
        "Cost Of Revenue": 63609000.0,
        "Total Revenue": 177362000.0,
        "Operating Revenue": 177362000.0
    },
    "2024-09-30": {
        "Tax Effect Of Unusual Items": 0.0,
        "Tax Rate For Calcs": 0.21,
        "Normalized EBITDA": 29029000.0,
        "Total Unusual Items": NaN,
        "Total Unusual Items Excluding Goodwill": NaN,
        "Net Income From Continuing Operation Net Minority Interest": 11051000.0,
        "Reconciled Depreciation": 9674000.0,
        "Reconciled Cost Of Revenue": 54715000.0,
        "EBITDA": 29029000.0,
        "EBIT": 19355000.0,
        "Net Interest Income": 1273000.0,
        "Interest Expense": 72000.0,
        "Interest Income": 1345000.0,
        "Normalized Income": 11051000.0,
        "Net Income From Continuing And Discontinued Operation": 11051000.0,
        "Total Expenses": 152330000.0,
        "Total Operating Income As Reported": 16269000.0,
        "Diluted Average Shares": 176353000.0,
        "Basic Average Shares": 174862000.0,
        "Diluted EPS": 0.06,
        "Basic EPS": 0.06,
        "Diluted NI Availto Com Stockholders": 11051000.0,
        "Net Income Common Stockholders": 11051000.0,
        "Net Income": 11051000.0,
        "Net Income Including Noncontrolling Interests": 11051000.0,
        "Net Income Continuous Operations": 11051000.0,
        "Tax Provision": 8232000.0,
        "Pretax Income": 19283000.0,
        "Other Income Expense": 1741000.0,
        "Other Non Operating Income Expenses": 1741000.0,
        "Special Income Charges": NaN,
        "Impairment Of Capital Assets": NaN,
        "Net Non Operating Interest Income Expense": 1273000.0,
        "Total Other Finance Cost": NaN,
        "Interest Expense Non Operating": 72000.0,
        "Interest Income Non Operating": 1345000.0,
        "Operating Income": 16269000.0,
        "Operating Expense": 97615000.0,
        "Research And Development": 23179000.0,
        "Selling General And Administration": 74436000.0,
        "Selling And Marketing Expense": 46287000.0,
        "General And Administrative Expense": 28149000.0,
        "Other Gand A": 28149000.0,
        "Gross Profit": 113884000.0,
        "Cost Of Revenue": 54715000.0,
        "Total Revenue": 168599000.0,
        "Operating Revenue": 168599000.0
    }
}