{
    "2023-04-30": {
        "Tax Effect Of Unusual Items": NaN,
        "Tax Rate For Calcs": NaN,
        "Normalized EBITDA": NaN,
        "Total Unusual Items": NaN,
        "Total Unusual Items Excluding Goodwill": NaN,
        "Net Income From Continuing Operation Net Minority Interest": NaN,
        "Reconciled Depreciation": NaN,
        "Reconciled Cost Of Revenue": NaN,
        "EBITDA": NaN,
        "EBIT": NaN,
        "Net Interest Income": NaN,
        "Interest Expense": NaN,
        "Interest Income": NaN,
        "Normalized Income": NaN,
        "Net Income From Continuing And Discontinued Operation": NaN,
        "Total Expenses": NaN,
        "Total Operating Income As Reported": NaN,
        "Diluted Average Shares": NaN,
        "Basic Average Shares": NaN,
        "Diluted EPS": NaN,
        "Basic EPS": NaN,
        "Diluted NI Availto Com Stockholders": NaN,
        "Net Income Common Stockholders": NaN,
        "Net Income": NaN,
        "Net Income Including Noncontrolling Interests": NaN,
        "Net Income Continuous Operations": NaN,
        "Tax Provision": NaN,
        "Pretax Income": NaN,
        "Other Income Expense": NaN,
        "Other Non Operating Income Expenses": NaN,
        "Special Income Charges": NaN,
        "Gain On Sale Of Ppe": NaN,
        "Other Special Charges": NaN,
        "Write Off": 2000000.0,
        "Restructuring And Mergern Acquisition": NaN,
        "Gain On Sale Of Security": 11000000.0,
        "Net Non Operating Interest Income Expense": NaN,
        "Interest Expense Non Operating": NaN,
        "Interest Income Non Operating": NaN,
        "Operating Income": NaN,
        "Operating Expense": NaN,
        "Selling General And Administration": NaN,
        "General And Administrative Expense": NaN,
        "Other Gand A": NaN,
        "Salaries And Wages": NaN,
        "Gross Profit": NaN,
        "Cost Of Revenue": NaN,
        "Total Revenue": NaN,
        "Operating Revenue": NaN
    },
    "2023-01-31": {
        "Tax Effect Of Unusual Items": NaN,
        "Tax Rate For Calcs": NaN,
        "Normalized EBITDA": NaN,
        "Total Unusual Items": NaN,
        "Total Unusual Items Excluding Goodwill": NaN,
        "Net Income From Continuing Operation Net Minority Interest": NaN,
        "Reconciled Depreciation": NaN,
        "Reconciled Cost Of Revenue": NaN,
        "EBITDA": NaN,
        "EBIT": NaN,
        "Net Interest Income": NaN,
        "Interest Expense": NaN,
        "Interest Income": 12000000.0,
        "Normalized Income": NaN,
        "Net Income From Continuing And Discontinued Operation": NaN,
        "Total Expenses": NaN,
        "Total Operating Income As Reported": NaN,
        "Diluted Average Shares": NaN,
        "Basic Average Shares": NaN,
        "Diluted EPS": NaN,
        "Basic EPS": NaN,
        "Diluted NI Availto Com Stockholders": NaN,
        "Net Income Common Stockholders": NaN,
        "Net Income": NaN,
        "Net Income Including Noncontrolling Interests": NaN,
        "Net Income Continuous Operations": NaN,
        "Tax Provision": NaN,
        "Pretax Income": NaN,
        "Other Income Expense": NaN,
        "Other Non Operating Income Expenses": NaN,
        "Special Income Charges": NaN,
        "Gain On Sale Of Ppe": NaN,
        "Other Special Charges": 0.0,
        "Write Off": NaN,
        "Restructuring And Mergern Acquisition": NaN,
        "Gain On Sale Of Security": 15000000.0,
        "Net Non Operating Interest Income Expense": NaN,
        "Interest Expense Non Operating": NaN,
        "Interest Income Non Operating": 12000000.0,
        "Operating Income": NaN,
        "Operating Expense": NaN,
        "Selling General And Administration": NaN,
        "General And Administrative Expense": NaN,
        "Other Gand A": NaN,
        "Salaries And Wages": 7000000.0,
        "Gross Profit": NaN,
        "Cost Of Revenue": NaN,
        "Total Revenue": NaN,
        "Operating Revenue": NaN
    },
    "2022-10-31": {
        "Tax Effect Of Unusual Items": NaN,
        "Tax Rate For Calcs": NaN,
        "Normalized EBITDA": NaN,
        "Total Unusual Items": NaN,
        "Total Unusual Items Excluding Goodwill": NaN,
        "Net Income From Continuing Operation Net Minority Interest": NaN,
        "Reconciled Depreciation": NaN,
        "Reconciled Cost Of Revenue": NaN,
        "EBITDA": NaN,
        "EBIT": NaN,
        "Net Interest Income": NaN,
        "Interest Expense": NaN,
        "Interest Income": 1000000.0,
        "Normalized Income": NaN,
        "Net Income From Continuing And Discontinued Operation": NaN,
        "Total Expenses": NaN,
        "Total Operating Income As Reported": NaN,
        "Diluted Average Shares": NaN,
        "Basic Average Shares": NaN,
        "Diluted EPS": NaN,
        "Basic EPS": NaN,
        "Diluted NI Availto Com Stockholders": NaN,
        "Net Income Common Stockholders": NaN,
        "Net Income": NaN,
        "Net Income Including Noncontrolling Interests": NaN,
        "Net Income Continuous Operations": NaN,
        "Tax Provision": NaN,
        "Pretax Income": NaN,
        "Other Income Expense": NaN,
        "Other Non Operating Income Expenses": NaN,
        "Special Income Charges": NaN,
        "Gain On Sale Of Ppe": 32000000.0,
        "Other Special Charges": NaN,
        "Write Off": NaN,
        "Gain On Sale Of Security": 32000000.0,
        "Net Non Operating Interest Income Expense": NaN,
        "Interest Expense Non Operating": NaN,
        "Interest Income Non Operating": 1000000.0,
        "Operating Income": NaN,
        "Operating Expense": NaN,
        "Selling General And Administration": NaN,
        "General And Administrative Expense": NaN,
        "Other Gand A": NaN,
        "Salaries And Wages": 32000000.0,
        "Gross Profit": NaN,
        "Cost Of Revenue": NaN,
        "Total Revenue": NaN,
        "Operating Revenue": NaN
    },
    "2022-07-31": {
        "Tax Effect Of Unusual Items": -480000.0,
        "Tax Rate For Calcs": 0.24,
        "Normalized EBITDA": 615000000.0,
        "Total Unusual Items": -2000000.0,
        "Total Unusual Items Excluding Goodwill": -2000000.0,
        "Net Income From Continuing Operation Net Minority Interest": 275000000.0,
        "Reconciled Depreciation": 207000000.0,
        "Reconciled Cost Of Revenue": 3422000000.0,
        "EBITDA": 613000000.0,
        "EBIT": 406000000.0,
        "Net Interest Income": -42000000.0,
        "Interest Expense": 42000000.0,
        "Interest Income": 1000000.0,
        "Normalized Income": 276520000.0,
        "Net Income From Continuing And Discontinued Operation": 275000000.0,
        "Total Expenses": 5403000000.0,
        "Total Operating Income As Reported": 399000000.0,
        "Diluted Average Shares": 277400000.0,
        "Basic Average Shares": 271100000.0,
        "Diluted EPS": 0.99,
        "Basic EPS": 1.01,
        "Diluted NI Availto Com Stockholders": 275000000.0,
        "Net Income Common Stockholders": 275000000.0,
        "Net Income": 275000000.0,
        "Net Income Including Noncontrolling Interests": 275000000.0,
        "Net Income Continuous Operations": 275000000.0,
        "Tax Provision": 89000000.0,
        "Pretax Income": 364000000.0,
        "Other Income Expense": 5000000.0,
        "Other Non Operating Income Expenses": 7000000.0,
        "Special Income Charges": -2000000.0,
        "Gain On Sale Of Ppe": NaN,
        "Other Special Charges": NaN,
        "Write Off": 2000000.0,
        "Gain On Sale Of Security": NaN,
        "Net Non Operating Interest Income Expense": -42000000.0,
        "Interest Expense Non Operating": 42000000.0,
        "Interest Income Non Operating": 1000000.0,
        "Operating Income": 401000000.0,
        "Operating Expense": 1981000000.0,
        "Selling General And Administration": 1981000000.0,
        "General And Administrative Expense": 1981000000.0,
        "Other Gand A": 1981000000.0,
        "Salaries And Wages": 0.0,
        "Gross Profit": 2382000000.0,
        "Cost Of Revenue": 3422000000.0,
        "Total Revenue": 5804000000.0,
        "Operating Revenue": 5804000000.0
    },
    "2023-07-31": {
        "Tax Effect Of Unusual Items": 0.0,
        "Tax Rate For Calcs": 0.267,
        "Normalized EBITDA": 221000000.0,
        "Total Unusual Items": 0.0,
        "Total Unusual Items Excluding Goodwill": 0.0,
        "Net Income From Continuing Operation Net Minority Interest": -22000000.0,
        "Reconciled Depreciation": 215000000.0,
        "Reconciled Cost Of Revenue": 3176000000.0,
        "EBITDA": 221000000.0,
        "EBIT": 6000000.0,
        "Net Interest Income": -36000000.0,
        "Interest Expense": 36000000.0,
        "Interest Income": NaN,
        "Normalized Income": -22000000.0,
        "Net Income From Continuing And Discontinued Operation": -22000000.0,
        "Total Expenses": 5278000000.0,
        "Total Operating Income As Reported": 124000000.0,
        "Diluted Average Shares": 273800000.0,
        "Basic Average Shares": 273800000.0,
        "Diluted EPS": -0.08,
        "Basic EPS": -0.08,
        "Diluted NI Availto Com Stockholders": -22000000.0,
        "Net Income Common Stockholders": -22000000.0,
        "Net Income": -22000000.0,
        "Net Income Including Noncontrolling Interests": -22000000.0,
        "Net Income Continuous Operations": -22000000.0,
        "Tax Provision": -8000000.0,
        "Pretax Income": -30000000.0,
        "Other Income Expense": 4000000.0,
        "Other Non Operating Income Expenses": 4000000.0,
        "Special Income Charges": -4000000.0,
        "Gain On Sale Of Ppe": NaN,
        "Other Special Charges": NaN,
        "Write Off": 4000000.0,
        "Restructuring And Mergern Acquisition": 4000000.0,
        "Gain On Sale Of Security": 4000000.0,
        "Net Non Operating Interest Income Expense": -36000000.0,
        "Interest Expense Non Operating": 36000000.0,
        "Interest Income Non Operating": NaN,
        "Operating Income": 2000000.0,
        "Operating Expense": 2102000000.0,
        "Selling General And Administration": 2102000000.0,
        "General And Administrative Expense": 2102000000.0,
        "Other Gand A": 1980000000.0,
        "Salaries And Wages": 122000000.0,
        "Gross Profit": 2104000000.0,
        "Cost Of Revenue": 3176000000.0,
        "Total Revenue": 5280000000.0,
        "Operating Revenue": 5130000000.0
    },
    "2023-10-31": {
        "Tax Effect Of Unusual Items": -650000.0,
        "Tax Rate For Calcs": 0.065,
        "Normalized EBITDA": 323000000.0,
        "Total Unusual Items": -10000000.0,
        "Total Unusual Items Excluding Goodwill": -10000000.0,
        "Net Income From Continuing Operation Net Minority Interest": 43000000.0,
        "Reconciled Depreciation": 232000000.0,
        "Reconciled Cost Of Revenue": 2902000000.0,
        "EBITDA": 313000000.0,
        "EBIT": 81000000.0,
        "Net Interest Income": -35000000.0,
        "Interest Expense": 35000000.0,
        "Interest Income": NaN,
        "Normalized Income": 52350000.0,
        "Net Income From Continuing And Discontinued Operation": 43000000.0,
        "Total Expenses": 4949000000.0,
        "Total Operating Income As Reported": 86000000.0,
        "Diluted Average Shares": 277600000.0,
        "Basic Average Shares": 274700000.0,
        "Diluted EPS": 0.15,
        "Basic EPS": 0.16,
        "Diluted NI Availto Com Stockholders": 43000000.0,
        "Net Income Common Stockholders": 43000000.0,
        "Net Income": 43000000.0,
        "Net Income Including Noncontrolling Interests": 43000000.0,
        "Net Income Continuous Operations": 43000000.0,
        "Tax Provision": 3000000.0,
        "Pretax Income": 46000000.0,
        "Other Income Expense": -8000000.0,
        "Other Non Operating Income Expenses": 2000000.0,
        "Special Income Charges": -10000000.0,
        "Gain On Sale Of Ppe": 5000000.0,
        "Other Special Charges": NaN,
        "Write Off": 15000000.0,
        "Restructuring And Mergern Acquisition": NaN,
        "Gain On Sale Of Security": NaN,
        "Net Non Operating Interest Income Expense": -35000000.0,
        "Interest Expense Non Operating": 35000000.0,
        "Interest Income Non Operating": NaN,
        "Operating Income": 89000000.0,
        "Operating Expense": 2047000000.0,
        "Selling General And Administration": 2047000000.0,
        "General And Administrative Expense": 2047000000.0,
        "Other Gand A": 2040000000.0,
        "Salaries And Wages": 7000000.0,
        "Gross Profit": 2136000000.0,
        "Cost Of Revenue": 2902000000.0,
        "Total Revenue": 5038000000.0,
        "Operating Revenue": 4860000000.0
    },
    "2024-01-31": {
        "Tax Effect Of Unusual Items": -302745098.039216,
        "Tax Rate For Calcs": 0.313725,
        "Normalized EBITDA": 1122000000.0,
        "Total Unusual Items": -965000000.0,
        "Total Unusual Items Excluding Goodwill": -965000000.0,
        "Net Income From Continuing Operation Net Minority Interest": -70000000.0,
        "Reconciled Depreciation": 232000000.0,
        "Reconciled Cost Of Revenue": 5076000000.0,
        "EBITDA": 157000000.0,
        "EBIT": -75000000.0,
        "Net Interest Income": -27000000.0,
        "Interest Expense": 27000000.0,
        "Interest Income": NaN,
        "Normalized Income": 592254901.960784,
        "Net Income From Continuing And Discontinued Operation": -70000000.0,
        "Total Expenses": 7486000000.0,
        "Total Operating Income As Reported": -71000000.0,
        "Diluted Average Shares": 275000000.0,
        "Basic Average Shares": 275000000.0,
        "Diluted EPS": -0.26,
        "Basic EPS": -0.26,
        "Diluted NI Availto Com Stockholders": -70000000.0,
        "Net Income Common Stockholders": -70000000.0,
        "Net Income": -70000000.0,
        "Net Income Including Noncontrolling Interests": -70000000.0,
        "Net Income Continuous Operations": -70000000.0,
        "Tax Provision": -32000000.0,
        "Pretax Income": -102000000.0,
        "Other Income Expense": -964000000.0,
        "Other Non Operating Income Expenses": 1000000.0,
        "Special Income Charges": -1026000000.0,
        "Gain On Sale Of Ppe": NaN,
        "Other Special Charges": NaN,
        "Write Off": 951000000.0,
        "Restructuring And Mergern Acquisition": NaN,
        "Gain On Sale Of Security": NaN,
        "Net Non Operating Interest Income Expense": -27000000.0,
        "Interest Expense Non Operating": 27000000.0,
        "Interest Income Non Operating": NaN,
        "Operating Income": 889000000.0,
        "Operating Expense": 2410000000.0,
        "Selling General And Administration": 2410000000.0,
        "General And Administrative Expense": 2410000000.0,
        "Other Gand A": 2405000000.0,
        "Salaries And Wages": 5000000.0,
        "Gross Profit": 3299000000.0,
        "Cost Of Revenue": 5076000000.0,
        "Total Revenue": 8375000000.0,
        "Operating Revenue": 8120000000.0
    },
    "2024-04-30": {
        "Tax Effect Of Unusual Items": -6606000.0,
        "Tax Rate For Calcs": 0.367,
        "Normalized EBITDA": 363000000.0,
        "Total Unusual Items": -18000000.0,
        "Total Unusual Items Excluding Goodwill": -18000000.0,
        "Net Income From Continuing Operation Net Minority Interest": 62000000.0,
        "Reconciled Depreciation": 216000000.0,
        "Reconciled Cost Of Revenue": 2946000000.0,
        "EBITDA": 345000000.0,
        "EBIT": 129000000.0,
        "Net Interest Income": -31000000.0,
        "Interest Expense": 31000000.0,
        "Interest Income": NaN,
        "Normalized Income": 73394000.0,
        "Net Income From Continuing And Discontinued Operation": 62000000.0,
        "Total Expenses": 4857000000.0,
        "Total Operating Income As Reported": 125000000.0,
        "Diluted Average Shares": 281000000.0,
        "Basic Average Shares": 276100000.0,
        "Diluted EPS": 0.22,
        "Basic EPS": 0.22,
        "Diluted NI Availto Com Stockholders": 62000000.0,
        "Net Income Common Stockholders": 62000000.0,
        "Net Income": 62000000.0,
        "Net Income Including Noncontrolling Interests": 62000000.0,
        "Net Income Continuous Operations": 62000000.0,
        "Tax Provision": 36000000.0,
        "Pretax Income": 98000000.0,
        "Other Income Expense": -14000000.0,
        "Other Non Operating Income Expenses": 4000000.0,
        "Special Income Charges": -19000000.0,
        "Gain On Sale Of Ppe": NaN,
        "Other Special Charges": NaN,
        "Write Off": 19000000.0,
        "Restructuring And Mergern Acquisition": NaN,
        "Gain On Sale Of Security": 1000000.0,
        "Net Non Operating Interest Income Expense": -31000000.0,
        "Interest Expense Non Operating": 31000000.0,
        "Interest Income Non Operating": NaN,
        "Operating Income": 143000000.0,
        "Operating Expense": 1911000000.0,
        "Selling General And Administration": 1911000000.0,
        "General And Administrative Expense": 1911000000.0,
        "Other Gand A": 1911000000.0,
        "Salaries And Wages": NaN,
        "Gross Profit": 2054000000.0,
        "Cost Of Revenue": 2946000000.0,
        "Total Revenue": 5000000000.0,
        "Operating Revenue": 4846000000.0
    },
    "2024-07-31": {
        "Tax Effect Of Unusual Items": 8547000.0,
        "Tax Rate For Calcs": 0.231,
        "Normalized EBITDA": 402000000.0,
        "Total Unusual Items": 37000000.0,
        "Total Unusual Items Excluding Goodwill": 37000000.0,
        "Net Income From Continuing Operation Net Minority Interest": 150000000.0,
        "Reconciled Depreciation": 213000000.0,
        "Reconciled Cost Of Revenue": 2938000000.0,
        "EBITDA": 439000000.0,
        "EBIT": 226000000.0,
        "Net Interest Income": -31000000.0,
        "Interest Expense": 31000000.0,
        "Interest Income": NaN,
        "Normalized Income": 121547000.0,
        "Net Income From Continuing And Discontinued Operation": 150000000.0,
        "Total Expenses": 4911000000.0,
        "Total Operating Income As Reported": 222000000.0,
        "Diluted Average Shares": 281600000.0,
        "Basic Average Shares": 277700000.0,
        "Diluted EPS": 0.53,
        "Basic EPS": 0.54,
        "Diluted NI Availto Com Stockholders": 150000000.0,
        "Net Income Common Stockholders": 150000000.0,
        "Net Income": 150000000.0,
        "Net Income Including Noncontrolling Interests": 150000000.0,
        "Net Income Continuous Operations": 150000000.0,
        "Tax Provision": 45000000.0,
        "Pretax Income": 195000000.0,
        "Other Income Expense": 41000000.0,
        "Other Non Operating Income Expenses": 4000000.0,
        "Special Income Charges": 1000000.0,
        "Gain On Sale Of Ppe": NaN,
        "Other Special Charges": NaN,
        "Write Off": NaN,
        "Restructuring And Mergern Acquisition": -1000000.0,
        "Gain On Sale Of Security": 36000000.0,
        "Net Non Operating Interest Income Expense": -31000000.0,
        "Interest Expense Non Operating": 31000000.0,
        "Interest Income Non Operating": NaN,
        "Operating Income": 185000000.0,
        "Operating Expense": 1973000000.0,
        "Selling General And Administration": 1973000000.0,
        "General And Administrative Expense": 1973000000.0,
        "Other Gand A": 1973000000.0,
        "Salaries And Wages": 0.0,
        "Gross Profit": 2158000000.0,
        "Cost Of Revenue": 2938000000.0,
        "Total Revenue": 5096000000.0,
        "Operating Revenue": 4937000000.0
    }
}