{
    "2023-06-30": {
        "Tax Effect Of Unusual Items": 32016000.0,
        "Tax Rate For Calcs": 0.232,
        "Normalized EBITDA": 3902000000.0,
        "Total Unusual Items": 138000000.0,
        "Total Unusual Items Excluding Goodwill": 138000000.0,
        "Net Income From Continuing Operation Net Minority Interest": 2845000000.0,
        "Reconciled Depreciation": 192000000.0,
        "Reconciled Cost Of Revenue": 1495000000.0,
        "EBITDA": 4040000000.0,
        "EBIT": 3848000000.0,
        "Net Interest Income": -144000000.0,
        "Interest Expense": 144000000.0,
        "Normalized Income": 2739016000.0,
        "Net Income From Continuing And Discontinued Operation": 2845000000.0,
        "Total Expenses": 2569000000.0,
        "Total Operating Income As Reported": 3656000000.0,
        "Diluted Average Shares": 949000000.0,
        "Basic Average Shares": 946000000.0,
        "Diluted EPS": 3.0,
        "Basic EPS": 3.01,
        "Diluted NI Availto Com Stockholders": 2845000000.0,
        "Net Income Common Stockholders": 2845000000.0,
        "Net Income": 2845000000.0,
        "Net Income Including Noncontrolling Interests": 2845000000.0,
        "Net Income Continuous Operations": 2845000000.0,
        "Tax Provision": 859000000.0,
        "Pretax Income": 3704000000.0,
        "Other Income Expense": 148000000.0,
        "Other Non Operating Income Expenses": 10000000.0,
        "Special Income Charges": -20000000.0,
        "Other Special Charges": 20000000.0,
        "Gain On Sale Of Security": 158000000.0,
        "Net Non Operating Interest Income Expense": -144000000.0,
        "Interest Expense Non Operating": 144000000.0,
        "Operating Income": 3700000000.0,
        "Operating Expense": 1074000000.0,
        "Depreciation Amortization Depletion Income Statement": 192000000.0,
        "Depreciation And Amortization In Income Statement": 192000000.0,
        "Selling General And Administration": 882000000.0,
        "Selling And Marketing Expense": 201000000.0,
        "General And Administrative Expense": 681000000.0,
        "Other Gand A": 681000000.0,
        "Gross Profit": 4774000000.0,
        "Cost Of Revenue": 1495000000.0,
        "Total Revenue": 6269000000.0,
        "Operating Revenue": 6269000000.0
    },
    "2023-03-31": {
        "Tax Effect Of Unusual Items": -66048000.0,
        "Tax Rate For Calcs": 0.172,
        "Normalized EBITDA": 3560000000.0,
        "Total Unusual Items": -384000000.0,
        "Total Unusual Items Excluding Goodwill": -384000000.0,
        "Net Income From Continuing Operation Net Minority Interest": 2361000000.0,
        "Reconciled Depreciation": 191000000.0,
        "Reconciled Cost Of Revenue": 1426000000.0,
        "EBITDA": 3176000000.0,
        "EBIT": 2985000000.0,
        "Net Interest Income": -132000000.0,
        "Interest Expense": 132000000.0,
        "Normalized Income": 2678952000.0,
        "Net Income From Continuing And Discontinued Operation": 2361000000.0,
        "Total Expenses": 2385000000.0,
        "Total Operating Income As Reported": 3136000000.0,
        "Diluted Average Shares": 956000000.0,
        "Basic Average Shares": 953000000.0,
        "Diluted EPS": 2.47,
        "Basic EPS": 2.48,
        "Diluted NI Availto Com Stockholders": 2361000000.0,
        "Net Income Common Stockholders": 2361000000.0,
        "Net Income": 2361000000.0,
        "Net Income Including Noncontrolling Interests": 2361000000.0,
        "Net Income Continuous Operations": 2361000000.0,
        "Tax Provision": 492000000.0,
        "Pretax Income": 2853000000.0,
        "Other Income Expense": -378000000.0,
        "Other Non Operating Income Expenses": 6000000.0,
        "Special Income Charges": -211000000.0,
        "Other Special Charges": 211000000.0,
        "Gain On Sale Of Security": -173000000.0,
        "Net Non Operating Interest Income Expense": -132000000.0,
        "Interest Expense Non Operating": 132000000.0,
        "Operating Income": 3363000000.0,
        "Operating Expense": 959000000.0,
        "Depreciation Amortization Depletion Income Statement": 191000000.0,
        "Depreciation And Amortization In Income Statement": 191000000.0,
        "Selling General And Administration": 768000000.0,
        "Selling And Marketing Expense": 167000000.0,
        "General And Administrative Expense": 601000000.0,
        "Other Gand A": 601000000.0,
        "Gross Profit": 4322000000.0,
        "Cost Of Revenue": 1426000000.0,
        "Total Revenue": 5748000000.0,
        "Operating Revenue": 5748000000.0
    },
    "2022-12-31": {
        "Tax Effect Of Unusual Items": 2373583.68404,
        "Tax Rate For Calcs": 0.182583,
        "Normalized EBITDA": 3387000000.0,
        "Total Unusual Items": 13000000.0,
        "Total Unusual Items Excluding Goodwill": 13000000.0,
        "Net Income From Continuing Operation Net Minority Interest": 2525000000.0,
        "Reconciled Depreciation": 184000000.0,
        "Reconciled Cost Of Revenue": 1381000000.0,
        "EBITDA": 3400000000.0,
        "EBIT": 3216000000.0,
        "Net Interest Income": -127000000.0,
        "Interest Expense": 127000000.0,
        "Normalized Income": 2514373583.68404,
        "Net Income From Continuing And Discontinued Operation": 2525000000.0,
        "Total Expenses": 2625000000.0,
        "Total Operating Income As Reported": 3184000000.0,
        "Diluted Average Shares": 963000000.0,
        "Basic Average Shares": 960000000.0,
        "Diluted EPS": 2.62,
        "Basic EPS": 2.63,
        "Diluted NI Availto Com Stockholders": 2525000000.0,
        "Net Income Common Stockholders": 2525000000.0,
        "Net Income": 2525000000.0,
        "Net Income Including Noncontrolling Interests": 2525000000.0,
        "Net Income Continuous Operations": 2525000000.0,
        "Tax Provision": 564000000.0,
        "Pretax Income": 3089000000.0,
        "Other Income Expense": 24000000.0,
        "Other Non Operating Income Expenses": 11000000.0,
        "Special Income Charges": -15000000.0,
        "Other Special Charges": 15000000.0,
        "Gain On Sale Of Security": 28000000.0,
        "Net Non Operating Interest Income Expense": -127000000.0,
        "Interest Expense Non Operating": 127000000.0,
        "Operating Income": 3192000000.0,
        "Operating Expense": 1244000000.0,
        "Depreciation Amortization Depletion Income Statement": 184000000.0,
        "Depreciation And Amortization In Income Statement": 184000000.0,
        "Selling General And Administration": 1060000000.0,
        "Selling And Marketing Expense": 216000000.0,
        "General And Administrative Expense": 844000000.0,
        "Other Gand A": 844000000.0,
        "Gross Profit": 4436000000.0,
        "Cost Of Revenue": 1381000000.0,
        "Total Revenue": 5817000000.0,
        "Operating Revenue": 1494000000.0
    },
    "2022-09-30": {
        "Tax Effect Of Unusual Items": -31620000.0,
        "Tax Rate For Calcs": 0.186,
        "Normalized EBITDA": 3547000000.0,
        "Total Unusual Items": -170000000.0,
        "Total Unusual Items Excluding Goodwill": -170000000.0,
        "Net Income From Continuing Operation Net Minority Interest": 2499000000.0,
        "Reconciled Depreciation": 185000000.0,
        "Reconciled Cost Of Revenue": 1382000000.0,
        "EBITDA": 3377000000.0,
        "EBIT": 3192000000.0,
        "Net Interest Income": -120000000.0,
        "Interest Expense": 120000000.0,
        "Normalized Income": 2637380000.0,
        "Net Income From Continuing And Discontinued Operation": 2499000000.0,
        "Total Expenses": 2398000000.0,
        "Total Operating Income As Reported": 3112000000.0,
        "Diluted Average Shares": 968000000.0,
        "Basic Average Shares": 965000000.0,
        "Diluted EPS": 2.58,
        "Basic EPS": 2.59,
        "Diluted NI Availto Com Stockholders": 2499000000.0,
        "Net Income Common Stockholders": 2499000000.0,
        "Net Income": 2499000000.0,
        "Net Income Including Noncontrolling Interests": 2499000000.0,
        "Net Income Continuous Operations": 2499000000.0,
        "Tax Provision": 573000000.0,
        "Pretax Income": 3072000000.0,
        "Other Income Expense": -166000000.0,
        "Other Non Operating Income Expenses": 4000000.0,
        "Special Income Charges": -208000000.0,
        "Other Special Charges": 208000000.0,
        "Gain On Sale Of Security": 38000000.0,
        "Net Non Operating Interest Income Expense": -120000000.0,
        "Interest Expense Non Operating": 120000000.0,
        "Operating Income": 3358000000.0,
        "Operating Expense": 1016000000.0,
        "Depreciation Amortization Depletion Income Statement": 185000000.0,
        "Depreciation And Amortization In Income Statement": 185000000.0,
        "Selling General And Administration": 831000000.0,
        "Selling And Marketing Expense": 182000000.0,
        "General And Administrative Expense": 649000000.0,
        "Other Gand A": 649000000.0,
        "Gross Profit": 4374000000.0,
        "Cost Of Revenue": 1382000000.0,
        "Total Revenue": 5756000000.0,
        "Operating Revenue": 7343000000.0
    },
    "2022-06-30": {
        "Tax Effect Of Unusual Items": -51986000.0,
        "Tax Rate For Calcs": 0.187,
        "Normalized EBITDA": 3379000000.0,
        "Total Unusual Items": -278000000.0,
        "Total Unusual Items Excluding Goodwill": -278000000.0,
        "Net Income From Continuing Operation Net Minority Interest": 2275000000.0,
        "Reconciled Depreciation": 189000000.0,
        "Reconciled Cost Of Revenue": 1319000000.0,
        "EBITDA": 3101000000.0,
        "EBIT": 2912000000.0,
        "Net Interest Income": -114000000.0,
        "Interest Expense": 114000000.0,
        "Normalized Income": 2501014000.0,
        "Net Income From Continuing And Discontinued Operation": 2275000000.0,
        "Total Expenses": 2311000000.0,
        "Total Operating Income As Reported": 3018000000.0,
        "Diluted Average Shares": 974000000.0,
        "Basic Average Shares": 971000000.0,
        "Diluted EPS": 2.34,
        "Basic EPS": 2.34,
        "Diluted NI Availto Com Stockholders": 2275000000.0,
        "Net Income Common Stockholders": 2275000000.0,
        "Net Income": 2275000000.0,
        "Net Income Including Noncontrolling Interests": 2275000000.0,
        "Net Income Continuous Operations": 2275000000.0,
        "Tax Provision": 523000000.0,
        "Pretax Income": 2798000000.0,
        "Other Income Expense": -274000000.0,
        "Other Non Operating Income Expenses": 4000000.0,
        "Special Income Charges": -133000000.0,
        "Other Special Charges": 133000000.0,
        "Gain On Sale Of Security": -145000000.0,
        "Net Non Operating Interest Income Expense": -114000000.0,
        "Interest Expense Non Operating": 114000000.0,
        "Operating Income": 3186000000.0,
        "Operating Expense": 992000000.0,
        "Depreciation Amortization Depletion Income Statement": 189000000.0,
        "Depreciation And Amortization In Income Statement": 189000000.0,
        "Selling General And Administration": 803000000.0,
        "Selling And Marketing Expense": 210000000.0,
        "General And Administrative Expense": 593000000.0,
        "Other Gand A": 593000000.0,
        "Gross Profit": 4178000000.0,
        "Cost Of Revenue": 1319000000.0,
        "Total Revenue": 5497000000.0,
        "Operating Revenue": 6959000000.0
    },
    "2023-09-30": {
        "Tax Effect Of Unusual Items": 6000000.0,
        "Tax Rate For Calcs": 0.15,
        "Normalized EBITDA": 4083000000.0,
        "Total Unusual Items": 40000000.0,
        "Total Unusual Items Excluding Goodwill": 40000000.0,
        "Net Income From Continuing Operation Net Minority Interest": 3198000000.0,
        "Reconciled Depreciation": 211000000.0,
        "Reconciled Cost Of Revenue": 1573000000.0,
        "EBITDA": 4123000000.0,
        "EBIT": 3912000000.0,
        "Net Interest Income": -151000000.0,
        "Interest Expense": 151000000.0,
        "Normalized Income": 3164000000.0,
        "Net Income From Continuing And Discontinued Operation": 3198000000.0,
        "Total Expenses": 2664000000.0,
        "Total Operating Income As Reported": 3844000000.0,
        "Diluted Average Shares": 943000000.0,
        "Basic Average Shares": 941000000.0,
        "Diluted EPS": 3.39,
        "Basic EPS": 3.4,
        "Diluted NI Availto Com Stockholders": 3198000000.0,
        "Net Income Common Stockholders": 3198000000.0,
        "Net Income": 3198000000.0,
        "Net Income Including Noncontrolling Interests": 3198000000.0,
        "Net Income Continuous Operations": 3198000000.0,
        "Tax Provision": 563000000.0,
        "Pretax Income": 3761000000.0,
        "Other Income Expense": 43000000.0,
        "Other Non Operating Income Expenses": 3000000.0,
        "Special Income Charges": 0.0,
        "Other Special Charges": NaN,
        "Gain On Sale Of Security": 40000000.0,
        "Net Non Operating Interest Income Expense": -151000000.0,
        "Interest Expense Non Operating": 151000000.0,
        "Operating Income": 3869000000.0,
        "Operating Expense": 1091000000.0,
        "Depreciation Amortization Depletion Income Statement": 211000000.0,
        "Depreciation And Amortization In Income Statement": 211000000.0,
        "Selling General And Administration": 880000000.0,
        "Selling And Marketing Expense": 193000000.0,
        "General And Administrative Expense": 687000000.0,
        "Other Gand A": 687000000.0,
        "Gross Profit": 4960000000.0,
        "Cost Of Revenue": 1573000000.0,
        "Total Revenue": 6533000000.0,
        "Operating Revenue": 6533000000.0
    },
    "2023-12-31": {
        "Tax Effect Of Unusual Items": -32396868.413129,
        "Tax Rate For Calcs": 0.15959,
        "Normalized EBITDA": 3877000000.0,
        "Total Unusual Items": -203000000.0,
        "Total Unusual Items Excluding Goodwill": -203000000.0,
        "Net Income From Continuing Operation Net Minority Interest": 2791000000.0,
        "Reconciled Depreciation": 205000000.0,
        "Reconciled Cost Of Revenue": 1528000000.0,
        "EBITDA": 3674000000.0,
        "EBIT": 3469000000.0,
        "Net Interest Income": -148000000.0,
        "Interest Expense": 148000000.0,
        "Normalized Income": 2961603131.586871,
        "Net Income From Continuing And Discontinued Operation": 2791000000.0,
        "Total Expenses": 2850000000.0,
        "Total Operating Income As Reported": 3372000000.0,
        "Diluted Average Shares": 939000000.0,
        "Basic Average Shares": 936000000.0,
        "Diluted EPS": 2.97,
        "Basic EPS": 2.98,
        "Diluted NI Availto Com Stockholders": 2791000000.0,
        "Net Income Common Stockholders": 2791000000.0,
        "Net Income": 2791000000.0,
        "Net Income Including Noncontrolling Interests": 2791000000.0,
        "Net Income Continuous Operations": 2791000000.0,
        "Tax Provision": 530000000.0,
        "Pretax Income": 3321000000.0,
        "Other Income Expense": -229000000.0,
        "Other Non Operating Income Expenses": -26000000.0,
        "Special Income Charges": -308000000.0,
        "Other Special Charges": 308000000.0,
        "Gain On Sale Of Security": 105000000.0,
        "Net Non Operating Interest Income Expense": -148000000.0,
        "Interest Expense Non Operating": 148000000.0,
        "Operating Income": 3698000000.0,
        "Operating Expense": 1322000000.0,
        "Depreciation Amortization Depletion Income Statement": 205000000.0,
        "Depreciation And Amortization In Income Statement": 205000000.0,
        "Selling General And Administration": 1117000000.0,
        "Selling And Marketing Expense": 264000000.0,
        "General And Administrative Expense": 853000000.0,
        "Other Gand A": 853000000.0,
        "Gross Profit": 5020000000.0,
        "Cost Of Revenue": 1528000000.0,
        "Total Revenue": 6548000000.0,
        "Operating Revenue": 6548000000.0
    },
    "2024-03-31": {
        "Tax Effect Of Unusual Items": -8162000.0,
        "Tax Rate For Calcs": 0.154,
        "Normalized EBITDA": 3977000000.0,
        "Total Unusual Items": -53000000.0,
        "Total Unusual Items Excluding Goodwill": -53000000.0,
        "Net Income From Continuing Operation Net Minority Interest": 3011000000.0,
        "Reconciled Depreciation": 216000000.0,
        "Reconciled Cost Of Revenue": 1514000000.0,
        "EBITDA": 3924000000.0,
        "EBIT": 3708000000.0,
        "Net Interest Income": -150000000.0,
        "Interest Expense": 150000000.0,
        "Normalized Income": 3055838000.0,
        "Net Income From Continuing And Discontinued Operation": 3011000000.0,
        "Total Expenses": 2590000000.0,
        "Total Operating Income As Reported": 3604000000.0,
        "Diluted Average Shares": 935000000.0,
        "Basic Average Shares": 933000000.0,
        "Diluted EPS": 3.22,
        "Basic EPS": 3.23,
        "Diluted NI Availto Com Stockholders": 3011000000.0,
        "Net Income Common Stockholders": 3011000000.0,
        "Net Income": 3011000000.0,
        "Net Income Including Noncontrolling Interests": 3011000000.0,
        "Net Income Continuous Operations": 3011000000.0,
        "Tax Provision": 547000000.0,
        "Pretax Income": 3558000000.0,
        "Other Income Expense": -50000000.0,
        "Other Non Operating Income Expenses": 3000000.0,
        "Special Income Charges": -126000000.0,
        "Other Special Charges": 126000000.0,
        "Gain On Sale Of Security": 73000000.0,
        "Net Non Operating Interest Income Expense": -150000000.0,
        "Interest Expense Non Operating": 150000000.0,
        "Operating Income": 3758000000.0,
        "Operating Expense": 1076000000.0,
        "Depreciation Amortization Depletion Income Statement": 216000000.0,
        "Depreciation And Amortization In Income Statement": 216000000.0,
        "Selling General And Administration": 860000000.0,
        "Selling And Marketing Expense": 116000000.0,
        "General And Administrative Expense": 744000000.0,
        "Other Gand A": 744000000.0,
        "Gross Profit": 4834000000.0,
        "Cost Of Revenue": 1514000000.0,
        "Total Revenue": 6348000000.0,
        "Operating Revenue": 6348000000.0
    }
}