{
    "2023-12-31": {
        "Tax Effect Of Unusual Items": 10756.197051,
        "Tax Rate For Calcs": 0.17927,
        "Normalized EBITDA": -2946000.0,
        "Total Unusual Items": 60000.0,
        "Total Unusual Items Excluding Goodwill": 60000.0,
        "Net Income From Continuing Operation Net Minority Interest": 15694000.0,
        "Reconciled Depreciation": 151000.0,
        "Reconciled Cost Of Revenue": 151000.0,
        "EBITDA": -2886000.0,
        "EBIT": -3037000.0,
        "Net Interest Income": 642000.0,
        "Interest Expense": NaN,
        "Interest Income": 726000.0,
        "Normalized Income": 15644756.197051,
        "Net Income From Continuing And Discontinued Operation": 15694000.0,
        "Total Expenses": 3037000.0,
        "Total Operating Income As Reported": 17948000.0,
        "Diluted Average Shares": NaN,
        "Basic Average Shares": NaN,
        "Diluted EPS": NaN,
        "Basic EPS": NaN,
        "Diluted NI Availto Com Stockholders": 15694000.0,
        "Net Income Common Stockholders": 15694000.0,
        "Net Income": 15694000.0,
        "Net Income Including Noncontrolling Interests": 15694000.0,
        "Net Income Continuous Operations": 15694000.0,
        "Tax Provision": 3428000.0,
        "Pretax Income": 19122000.0,
        "Other Income Expense": 21517000.0,
        "Other Non Operating Income Expenses": 388000.0,
        "Special Income Charges": 0.0,
        "Write Off": 0.0,
        "Earnings From Equity Interest": 21069000.0,
        "Gain On Sale Of Security": 60000.0,
        "Net Non Operating Interest Income Expense": 642000.0,
        "Total Other Finance Cost": NaN,
        "Interest Expense Non Operating": NaN,
        "Interest Income Non Operating": 726000.0,
        "Operating Income": -3037000.0,
        "Operating Expense": 2886000.0,
        "Other Operating Expenses": 126000.0,
        "Depreciation Amortization Depletion Income Statement": 151000.0,
        "Depreciation And Amortization In Income Statement": 151000.0,
        "Selling General And Administration": 2760000.0,
        "General And Administrative Expense": 2760000.0,
        "Other Gand A": 3625000.0,
        "Insurance And Claims": NaN,
        "Salaries And Wages": 297000.0,
        "Gross Profit": -151000.0,
        "Cost Of Revenue": 151000.0,
        "Total Revenue": 0.0,
        "Operating Revenue": 0.0
    },
    "2023-09-30": {
        "Tax Effect Of Unusual Items": -19608.510638,
        "Tax Rate For Calcs": 0.102128,
        "Normalized EBITDA": 10195000.0,
        "Total Unusual Items": -192000.0,
        "Total Unusual Items Excluding Goodwill": -192000.0,
        "Net Income From Continuing Operation Net Minority Interest": 8862000.0,
        "Reconciled Depreciation": 133000.0,
        "Reconciled Cost Of Revenue": 133000.0,
        "EBITDA": 10003000.0,
        "EBIT": 9870000.0,
        "Net Interest Income": 663000.0,
        "Interest Expense": 0.0,
        "Interest Income": 663000.0,
        "Normalized Income": 9034391.489362,
        "Net Income From Continuing And Discontinued Operation": 8862000.0,
        "Total Expenses": 4562000.0,
        "Total Operating Income As Reported": 9130000.0,
        "Diluted Average Shares": 103501006.0,
        "Basic Average Shares": 102945350.0,
        "Diluted EPS": 0.09,
        "Basic EPS": 0.09,
        "Diluted NI Availto Com Stockholders": 8862000.0,
        "Net Income Common Stockholders": 8862000.0,
        "Net Income": 8862000.0,
        "Net Income Including Noncontrolling Interests": 8862000.0,
        "Net Income Continuous Operations": 8862000.0,
        "Tax Provision": 1008000.0,
        "Pretax Income": 9870000.0,
        "Other Income Expense": 13769000.0,
        "Other Non Operating Income Expenses": 269000.0,
        "Special Income Charges": 0.0,
        "Write Off": 0.0,
        "Earnings From Equity Interest": 13692000.0,
        "Gain On Sale Of Security": -192000.0,
        "Net Non Operating Interest Income Expense": 663000.0,
        "Total Other Finance Cost": NaN,
        "Interest Expense Non Operating": 0.0,
        "Interest Income Non Operating": 663000.0,
        "Operating Income": -4562000.0,
        "Operating Expense": 4429000.0,
        "Other Operating Expenses": 468000.0,
        "Depreciation Amortization Depletion Income Statement": 133000.0,
        "Depreciation And Amortization In Income Statement": 133000.0,
        "Selling General And Administration": 3961000.0,
        "General And Administrative Expense": 3961000.0,
        "Other Gand A": 2805000.0,
        "Insurance And Claims": 334000.0,
        "Salaries And Wages": 822000.0,
        "Gross Profit": -133000.0,
        "Cost Of Revenue": 133000.0,
        "Total Revenue": 0.0,
        "Operating Revenue": 0.0
    },
    "2023-06-30": {
        "Tax Effect Of Unusual Items": NaN,
        "Tax Rate For Calcs": NaN,
        "Normalized EBITDA": NaN,
        "Total Unusual Items": NaN,
        "Total Unusual Items Excluding Goodwill": NaN,
        "Net Income From Continuing Operation Net Minority Interest": NaN,
        "Reconciled Depreciation": NaN,
        "Reconciled Cost Of Revenue": NaN,
        "EBITDA": NaN,
        "EBIT": NaN,
        "Net Interest Income": NaN,
        "Interest Expense": 0.0,
        "Interest Income": NaN,
        "Normalized Income": NaN,
        "Net Income From Continuing And Discontinued Operation": NaN,
        "Total Expenses": NaN,
        "Total Operating Income As Reported": NaN,
        "Diluted Average Shares": 103486246.0,
        "Basic Average Shares": 102906482.0,
        "Diluted EPS": 0.19,
        "Basic EPS": 0.19,
        "Diluted NI Availto Com Stockholders": NaN,
        "Net Income Common Stockholders": NaN,
        "Net Income": NaN,
        "Net Income Including Noncontrolling Interests": NaN,
        "Net Income Continuous Operations": NaN,
        "Tax Provision": NaN,
        "Pretax Income": NaN,
        "Other Income Expense": NaN,
        "Other Non Operating Income Expenses": NaN,
        "Special Income Charges": 0.0,
        "Write Off": 0.0,
        "Earnings From Equity Interest": NaN,
        "Gain On Sale Of Security": NaN,
        "Net Non Operating Interest Income Expense": NaN,
        "Total Other Finance Cost": NaN,
        "Interest Expense Non Operating": 0.0,
        "Interest Income Non Operating": NaN,
        "Operating Income": NaN,
        "Operating Expense": NaN,
        "Other Operating Expenses": NaN,
        "Depreciation Amortization Depletion Income Statement": 58000.0,
        "Depreciation And Amortization In Income Statement": 58000.0,
        "Selling General And Administration": NaN,
        "General And Administrative Expense": NaN,
        "Other Gand A": NaN,
        "Insurance And Claims": 339000.0,
        "Salaries And Wages": NaN,
        "Gross Profit": NaN,
        "Cost Of Revenue": NaN,
        "Total Revenue": NaN,
        "Operating Revenue": NaN
    },
    "2023-03-31": {
        "Tax Effect Of Unusual Items": NaN,
        "Tax Rate For Calcs": NaN,
        "Normalized EBITDA": NaN,
        "Total Unusual Items": NaN,
        "Total Unusual Items Excluding Goodwill": NaN,
        "Net Income From Continuing Operation Net Minority Interest": NaN,
        "Reconciled Depreciation": NaN,
        "Reconciled Cost Of Revenue": NaN,
        "EBITDA": NaN,
        "EBIT": NaN,
        "Net Interest Income": NaN,
        "Interest Expense": NaN,
        "Interest Income": NaN,
        "Normalized Income": NaN,
        "Net Income From Continuing And Discontinued Operation": NaN,
        "Total Expenses": NaN,
        "Total Operating Income As Reported": NaN,
        "Diluted Average Shares": NaN,
        "Basic Average Shares": NaN,
        "Diluted EPS": NaN,
        "Basic EPS": NaN,
        "Diluted NI Availto Com Stockholders": NaN,
        "Net Income Common Stockholders": NaN,
        "Net Income": NaN,
        "Net Income Including Noncontrolling Interests": NaN,
        "Net Income Continuous Operations": NaN,
        "Tax Provision": NaN,
        "Pretax Income": NaN,
        "Other Income Expense": NaN,
        "Other Non Operating Income Expenses": NaN,
        "Special Income Charges": 0.0,
        "Write Off": 0.0,
        "Earnings From Equity Interest": NaN,
        "Gain On Sale Of Security": NaN,
        "Net Non Operating Interest Income Expense": NaN,
        "Total Other Finance Cost": NaN,
        "Interest Expense Non Operating": NaN,
        "Interest Income Non Operating": NaN,
        "Operating Income": NaN,
        "Operating Expense": NaN,
        "Other Operating Expenses": NaN,
        "Depreciation Amortization Depletion Income Statement": 10000.0,
        "Depreciation And Amortization In Income Statement": 10000.0,
        "Selling General And Administration": NaN,
        "General And Administrative Expense": NaN,
        "Other Gand A": NaN,
        "Insurance And Claims": NaN,
        "Salaries And Wages": NaN,
        "Gross Profit": NaN,
        "Cost Of Revenue": NaN,
        "Total Revenue": NaN,
        "Operating Revenue": NaN
    },
    "2024-03-31": {
        "Tax Effect Of Unusual Items": -11057.763314,
        "Tax Rate For Calcs": 0.067839,
        "Normalized EBITDA": -4072000.0,
        "Total Unusual Items": -163000.0,
        "Total Unusual Items Excluding Goodwill": -163000.0,
        "Net Income From Continuing Operation Net Minority Interest": 14895000.0,
        "Reconciled Depreciation": 145000.0,
        "Reconciled Cost Of Revenue": 145000.0,
        "EBITDA": -4235000.0,
        "EBIT": -4380000.0,
        "Net Interest Income": 741000.0,
        "Interest Expense": NaN,
        "Interest Income": 827000.0,
        "Normalized Income": 15046942.236686,
        "Net Income From Continuing And Discontinued Operation": 14895000.0,
        "Total Expenses": 4380000.0,
        "Total Operating Income As Reported": 14778000.0,
        "Diluted Average Shares": 103111227.0,
        "Basic Average Shares": 102979176.0,
        "Diluted EPS": 0.14,
        "Basic EPS": 0.14,
        "Diluted NI Availto Com Stockholders": 14895000.0,
        "Net Income Common Stockholders": 14895000.0,
        "Net Income": 14895000.0,
        "Net Income Including Noncontrolling Interests": 14895000.0,
        "Net Income Continuous Operations": 14895000.0,
        "Tax Provision": 1084000.0,
        "Pretax Income": 15979000.0,
        "Other Income Expense": 19618000.0,
        "Other Non Operating Income Expenses": 537000.0,
        "Special Income Charges": NaN,
        "Write Off": NaN,
        "Earnings From Equity Interest": 19244000.0,
        "Gain On Sale Of Security": -163000.0,
        "Net Non Operating Interest Income Expense": 741000.0,
        "Total Other Finance Cost": 86000.0,
        "Interest Expense Non Operating": NaN,
        "Interest Income Non Operating": 827000.0,
        "Operating Income": -4380000.0,
        "Operating Expense": 4235000.0,
        "Other Operating Expenses": 357000.0,
        "Depreciation Amortization Depletion Income Statement": NaN,
        "Depreciation And Amortization In Income Statement": NaN,
        "Selling General And Administration": 3878000.0,
        "General And Administrative Expense": 3878000.0,
        "Other Gand A": 2573000.0,
        "Insurance And Claims": 339000.0,
        "Salaries And Wages": 966000.0,
        "Gross Profit": -145000.0,
        "Cost Of Revenue": 145000.0,
        "Total Revenue": 0.0,
        "Operating Revenue": 0.0
    },
    "2022-12-31": {
        "Tax Effect Of Unusual Items": NaN,
        "Tax Rate For Calcs": NaN,
        "Normalized EBITDA": NaN,
        "Total Unusual Items": NaN,
        "Total Unusual Items Excluding Goodwill": NaN,
        "Net Income From Continuing Operation Net Minority Interest": NaN,
        "Reconciled Depreciation": NaN,
        "Reconciled Cost Of Revenue": NaN,
        "EBITDA": NaN,
        "EBIT": NaN,
        "Net Interest Income": NaN,
        "Interest Expense": NaN,
        "Interest Income": NaN,
        "Normalized Income": NaN,
        "Net Income From Continuing And Discontinued Operation": NaN,
        "Total Expenses": NaN,
        "Total Operating Income As Reported": NaN,
        "Diluted Average Shares": NaN,
        "Basic Average Shares": NaN,
        "Diluted EPS": NaN,
        "Basic EPS": NaN,
        "Diluted NI Availto Com Stockholders": NaN,
        "Net Income Common Stockholders": NaN,
        "Net Income": NaN,
        "Net Income Including Noncontrolling Interests": NaN,
        "Net Income Continuous Operations": NaN,
        "Tax Provision": NaN,
        "Pretax Income": NaN,
        "Other Income Expense": NaN,
        "Other Non Operating Income Expenses": NaN,
        "Special Income Charges": 0.0,
        "Write Off": 0.0,
        "Earnings From Equity Interest": NaN,
        "Gain On Sale Of Security": NaN,
        "Net Non Operating Interest Income Expense": NaN,
        "Total Other Finance Cost": NaN,
        "Interest Expense Non Operating": NaN,
        "Interest Income Non Operating": NaN,
        "Operating Income": NaN,
        "Operating Expense": NaN,
        "Other Operating Expenses": NaN,
        "Depreciation Amortization Depletion Income Statement": 34000.0,
        "Depreciation And Amortization In Income Statement": 34000.0,
        "Selling General And Administration": NaN,
        "General And Administrative Expense": NaN,
        "Other Gand A": NaN,
        "Insurance And Claims": NaN,
        "Salaries And Wages": NaN,
        "Gross Profit": NaN,
        "Cost Of Revenue": NaN,
        "Total Revenue": NaN,
        "Operating Revenue": NaN
    },
    "2022-09-30": {
        "Tax Effect Of Unusual Items": NaN,
        "Tax Rate For Calcs": NaN,
        "Normalized EBITDA": NaN,
        "Total Unusual Items": NaN,
        "Total Unusual Items Excluding Goodwill": NaN,
        "Net Income From Continuing Operation Net Minority Interest": NaN,
        "Reconciled Depreciation": NaN,
        "Reconciled Cost Of Revenue": NaN,
        "EBITDA": NaN,
        "EBIT": NaN,
        "Net Interest Income": NaN,
        "Interest Income": NaN,
        "Normalized Income": NaN,
        "Net Income From Continuing And Discontinued Operation": NaN,
        "Total Expenses": NaN,
        "Total Operating Income As Reported": NaN,
        "Diluted Average Shares": 99329230.0,
        "Basic Average Shares": 98732615.0,
        "Diluted EPS": 0.08,
        "Basic EPS": 0.08,
        "Diluted NI Availto Com Stockholders": NaN,
        "Net Income Common Stockholders": NaN,
        "Net Income": NaN,
        "Net Income Including Noncontrolling Interests": NaN,
        "Net Income Continuous Operations": NaN,
        "Tax Provision": NaN,
        "Pretax Income": NaN,
        "Other Income Expense": NaN,
        "Other Non Operating Income Expenses": NaN,
        "Special Income Charges": NaN,
        "Write Off": NaN,
        "Earnings From Equity Interest": NaN,
        "Gain On Sale Of Security": NaN,
        "Net Non Operating Interest Income Expense": NaN,
        "Total Other Finance Cost": NaN,
        "Interest Income Non Operating": NaN,
        "Operating Income": NaN,
        "Operating Expense": NaN,
        "Other Operating Expenses": NaN,
        "Depreciation Amortization Depletion Income Statement": NaN,
        "Depreciation And Amortization In Income Statement": NaN,
        "Selling General And Administration": NaN,
        "General And Administrative Expense": NaN,
        "Other Gand A": NaN,
        "Insurance And Claims": 530000.0,
        "Salaries And Wages": NaN,
        "Gross Profit": NaN,
        "Cost Of Revenue": NaN,
        "Total Revenue": NaN,
        "Operating Revenue": NaN
    },
    "2024-06-30": {
        "Tax Effect Of Unusual Items": 3394.151026,
        "Tax Rate For Calcs": 0.056569,
        "Normalized EBITDA": 23133000.0,
        "Total Unusual Items": 60000.0,
        "Total Unusual Items Excluding Goodwill": 60000.0,
        "Net Income From Continuing Operation Net Minority Interest": 21614000.0,
        "Reconciled Depreciation": 149000.0,
        "Reconciled Cost Of Revenue": 149000.0,
        "EBITDA": 23193000.0,
        "EBIT": 23044000.0,
        "Net Interest Income": 794000.0,
        "Interest Expense": 134000.0,
        "Interest Income": 928000.0,
        "Normalized Income": 21557394.151026,
        "Net Income From Continuing And Discontinued Operation": 21614000.0,
        "Total Expenses": 3717000.0,
        "Total Operating Income As Reported": 21406000.0,
        "Diluted Average Shares": 104299804.0,
        "Basic Average Shares": 103147425.0,
        "Diluted EPS": 0.21,
        "Basic EPS": 0.21,
        "Diluted NI Availto Com Stockholders": 21614000.0,
        "Net Income Common Stockholders": 21614000.0,
        "Net Income": 21614000.0,
        "Net Income Including Noncontrolling Interests": 21614000.0,
        "Net Income Continuous Operations": 21614000.0,
        "Tax Provision": 1296000.0,
        "Pretax Income": 22910000.0,
        "Other Income Expense": 25833000.0,
        "Other Non Operating Income Expenses": 650000.0,
        "Special Income Charges": NaN,
        "Write Off": NaN,
        "Earnings From Equity Interest": 25123000.0,
        "Gain On Sale Of Security": 60000.0,
        "Net Non Operating Interest Income Expense": 794000.0,
        "Total Other Finance Cost": NaN,
        "Interest Expense Non Operating": 134000.0,
        "Interest Income Non Operating": 928000.0,
        "Operating Income": -3717000.0,
        "Operating Expense": 3568000.0,
        "Other Operating Expenses": 95000.0,
        "Depreciation Amortization Depletion Income Statement": NaN,
        "Depreciation And Amortization In Income Statement": NaN,
        "Selling General And Administration": 3473000.0,
        "General And Administrative Expense": 3473000.0,
        "Other Gand A": 2087000.0,
        "Insurance And Claims": 333000.0,
        "Salaries And Wages": 1053000.0,
        "Gross Profit": -149000.0,
        "Cost Of Revenue": 149000.0,
        "Total Revenue": 0.0,
        "Operating Revenue": 0.0
    },
    "2024-09-30": {
        "Tax Effect Of Unusual Items": -2110.88418,
        "Tax Rate For Calcs": 0.051485,
        "Normalized EBITDA": 23854000.0,
        "Total Unusual Items": -41000.0,
        "Total Unusual Items Excluding Goodwill": -41000.0,
        "Net Income From Continuing Operation Net Minority Interest": 22292000.0,
        "Reconciled Depreciation": 100000.0,
        "Reconciled Cost Of Revenue": 100000.0,
        "EBITDA": 23813000.0,
        "EBIT": 23713000.0,
        "Net Interest Income": 1125000.0,
        "Interest Expense": 211000.0,
        "Interest Income": 1336000.0,
        "Normalized Income": 22330889.11582,
        "Net Income From Continuing And Discontinued Operation": 22292000.0,
        "Total Expenses": 3667000.0,
        "Total Operating Income As Reported": 21885000.0,
        "Diluted Average Shares": 104158011.0,
        "Basic Average Shares": 103184518.0,
        "Diluted EPS": 0.22,
        "Basic EPS": 0.22,
        "Diluted NI Availto Com Stockholders": 22292000.0,
        "Net Income Common Stockholders": 22292000.0,
        "Net Income": 22292000.0,
        "Net Income Including Noncontrolling Interests": 22292000.0,
        "Net Income Continuous Operations": 22292000.0,
        "Tax Provision": 1210000.0,
        "Pretax Income": 23502000.0,
        "Other Income Expense": 26044000.0,
        "Other Non Operating Income Expenses": 533000.0,
        "Special Income Charges": NaN,
        "Write Off": NaN,
        "Earnings From Equity Interest": 25552000.0,
        "Gain On Sale Of Security": -41000.0,
        "Net Non Operating Interest Income Expense": 1125000.0,
        "Total Other Finance Cost": NaN,
        "Interest Expense Non Operating": 211000.0,
        "Interest Income Non Operating": 1336000.0,
        "Operating Income": -3667000.0,
        "Operating Expense": 3567000.0,
        "Other Operating Expenses": 138000.0,
        "Depreciation Amortization Depletion Income Statement": NaN,
        "Depreciation And Amortization In Income Statement": NaN,
        "Selling General And Administration": 3429000.0,
        "General And Administrative Expense": 3429000.0,
        "Other Gand A": 2136000.0,
        "Insurance And Claims": 302000.0,
        "Salaries And Wages": 991000.0,
        "Gross Profit": -100000.0,
        "Cost Of Revenue": 100000.0,
        "Total Revenue": 0.0,
        "Operating Revenue": 0.0
    }
}