{
    "2023-04-30": {
        "Tax Effect Of Unusual Items": 0.0,
        "Tax Rate For Calcs": 0.245,
        "Normalized EBITDA": 2465000.0,
        "Net Income From Continuing Operation Net Minority Interest": 1401000.0,
        "Reconciled Depreciation": 356000.0,
        "Reconciled Cost Of Revenue": 16750000.0,
        "EBITDA": 2465000.0,
        "EBIT": 2109000.0,
        "Net Interest Income": -183000.0,
        "Interest Expense": 183000.0,
        "Interest Income": 0.0,
        "Normalized Income": 1401000.0,
        "Net Income From Continuing And Discontinued Operation": 1401000.0,
        "Total Expenses": 21178000.0,
        "Total Operating Income As Reported": 1943000.0,
        "Diluted Average Shares": 37626000.0,
        "Basic Average Shares": 36394000.0,
        "Diluted EPS": 0.04,
        "Basic EPS": 0.04,
        "Diluted NI Availto Com Stockholders": 1401000.0,
        "Average Dilution Earnings": 27000.0,
        "Net Income Common Stockholders": 1374000.0,
        "Preferred Stock Dividends": 27000.0,
        "Net Income": 1401000.0,
        "Net Income Including Noncontrolling Interests": 1401000.0,
        "Net Income Continuous Operations": 1401000.0,
        "Earnings From Equity Interest Net Of Tax": NaN,
        "Tax Provision": 525000.0,
        "Pretax Income": 1926000.0,
        "Other Income Expense": 166000.0,
        "Other Non Operating Income Expenses": 20000.0,
        "Earnings From Equity Interest": 146000.0,
        "Net Non Operating Interest Income Expense": -183000.0,
        "Interest Expense Non Operating": 183000.0,
        "Interest Income Non Operating": 0.0,
        "Operating Income": 1943000.0,
        "Operating Expense": 4428000.0,
        "Research And Development": 71000.0,
        "Selling General And Administration": 4357000.0,
        "General And Administrative Expense": 4357031.0,
        "Other Gand A": 4357031.0,
        "Gross Profit": 6371000.0,
        "Cost Of Revenue": 16750000.0,
        "Total Revenue": 23121000.0,
        "Operating Revenue": 23600000.0
    },
    "2023-01-31": {
        "Tax Effect Of Unusual Items": NaN,
        "Tax Rate For Calcs": NaN,
        "Normalized EBITDA": NaN,
        "Net Income From Continuing Operation Net Minority Interest": NaN,
        "Reconciled Depreciation": NaN,
        "Reconciled Cost Of Revenue": NaN,
        "EBITDA": NaN,
        "EBIT": NaN,
        "Net Interest Income": NaN,
        "Interest Expense": NaN,
        "Interest Income": NaN,
        "Normalized Income": NaN,
        "Net Income From Continuing And Discontinued Operation": NaN,
        "Total Expenses": NaN,
        "Total Operating Income As Reported": NaN,
        "Diluted Average Shares": NaN,
        "Basic Average Shares": NaN,
        "Diluted EPS": NaN,
        "Basic EPS": NaN,
        "Diluted NI Availto Com Stockholders": NaN,
        "Average Dilution Earnings": NaN,
        "Net Income Common Stockholders": NaN,
        "Preferred Stock Dividends": 21657.0,
        "Net Income": NaN,
        "Net Income Including Noncontrolling Interests": NaN,
        "Net Income Continuous Operations": NaN,
        "Earnings From Equity Interest Net Of Tax": NaN,
        "Tax Provision": NaN,
        "Pretax Income": NaN,
        "Other Income Expense": 53074.0,
        "Other Non Operating Income Expenses": 52.0,
        "Earnings From Equity Interest": NaN,
        "Net Non Operating Interest Income Expense": NaN,
        "Interest Expense Non Operating": NaN,
        "Interest Income Non Operating": NaN,
        "Operating Income": NaN,
        "Operating Expense": NaN,
        "Research And Development": NaN,
        "Selling General And Administration": NaN,
        "General And Administrative Expense": 4496451.0,
        "Other Gand A": 4496451.0,
        "Gross Profit": NaN,
        "Cost Of Revenue": NaN,
        "Total Revenue": NaN,
        "Operating Revenue": NaN
    },
    "2022-10-31": {
        "Tax Effect Of Unusual Items": NaN,
        "Tax Rate For Calcs": NaN,
        "Normalized EBITDA": NaN,
        "Net Income From Continuing Operation Net Minority Interest": NaN,
        "Reconciled Depreciation": NaN,
        "Reconciled Cost Of Revenue": NaN,
        "EBITDA": NaN,
        "EBIT": NaN,
        "Net Interest Income": NaN,
        "Interest Expense": NaN,
        "Interest Income": NaN,
        "Normalized Income": NaN,
        "Net Income From Continuing And Discontinued Operation": NaN,
        "Total Expenses": NaN,
        "Total Operating Income As Reported": NaN,
        "Diluted Average Shares": 36615000.0,
        "Basic Average Shares": 36318000.0,
        "Diluted EPS": 0.03,
        "Basic EPS": 0.03,
        "Diluted NI Availto Com Stockholders": NaN,
        "Average Dilution Earnings": 0.0,
        "Net Income Common Stockholders": NaN,
        "Preferred Stock Dividends": 12000.0,
        "Net Income": NaN,
        "Net Income Including Noncontrolling Interests": NaN,
        "Net Income Continuous Operations": NaN,
        "Earnings From Equity Interest Net Of Tax": 71924.0,
        "Tax Provision": NaN,
        "Pretax Income": NaN,
        "Other Income Expense": 72000.0,
        "Other Non Operating Income Expenses": NaN,
        "Earnings From Equity Interest": NaN,
        "Net Non Operating Interest Income Expense": NaN,
        "Interest Expense Non Operating": NaN,
        "Interest Income Non Operating": NaN,
        "Operating Income": NaN,
        "Operating Expense": NaN,
        "Research And Development": NaN,
        "Selling General And Administration": NaN,
        "General And Administrative Expense": 5041213.0,
        "Other Gand A": 5041213.0,
        "Gross Profit": NaN,
        "Cost Of Revenue": NaN,
        "Total Revenue": NaN,
        "Operating Revenue": NaN
    },
    "2022-07-31": {
        "Tax Effect Of Unusual Items": 0.0,
        "Tax Rate For Calcs": 0.2153,
        "Normalized EBITDA": -405898.0,
        "Net Income From Continuing Operation Net Minority Interest": -743246.0,
        "Reconciled Depreciation": 422801.0,
        "Reconciled Cost Of Revenue": 20119862.0,
        "EBITDA": -405898.0,
        "EBIT": -828699.0,
        "Net Interest Income": -142079.0,
        "Interest Expense": 142079.0,
        "Normalized Income": -743246.0,
        "Net Income From Continuing And Discontinued Operation": -743246.0,
        "Total Expenses": 23677769.0,
        "Total Operating Income As Reported": -831295.0,
        "Diluted Average Shares": 35811087.0,
        "Basic Average Shares": 35811087.0,
        "Diluted EPS": -0.02,
        "Basic EPS": -0.02,
        "Diluted NI Availto Com Stockholders": -743246.0,
        "Average Dilution Earnings": 0.0,
        "Net Income Common Stockholders": -743246.0,
        "Preferred Stock Dividends": NaN,
        "Net Income": -743246.0,
        "Net Income Including Noncontrolling Interests": -743246.0,
        "Net Income Continuous Operations": -743246.0,
        "Earnings From Equity Interest Net Of Tax": 18540.0,
        "Tax Provision": -208992.0,
        "Pretax Income": -970778.0,
        "Other Income Expense": 2596.0,
        "Other Non Operating Income Expenses": 2596.0,
        "Earnings From Equity Interest": 18540.0,
        "Net Non Operating Interest Income Expense": -142079.0,
        "Interest Expense Non Operating": 142079.0,
        "Operating Income": -831295.0,
        "Operating Expense": 3557907.0,
        "Research And Development": 41792.0,
        "Selling General And Administration": 3516115.0,
        "General And Administrative Expense": 3516115.0,
        "Other Gand A": 3516115.0,
        "Gross Profit": 2726612.0,
        "Cost Of Revenue": 20119862.0,
        "Total Revenue": 22846474.0,
        "Operating Revenue": 23631857.0
    },
    "2022-04-30": {
        "Diluted EPS": 0.0,
        "Total Revenue": 22,
        "Gross Profit": 4,
        "Operating Income": 0,
        "EBIT": 1,
        "Net Income": 0
    },
    "2022-01-31": {
        "Diluted EPS": -0.04,
        "Total Revenue": 14,
        "Gross Profit": 2,
        "Operating Income": -1,
        "EBIT": -1,
        "Net Income": -1
    },
    "2021-10-31": {
        "Diluted EPS": 0.0,
        "Total Revenue": 11,
        "Gross Profit": 3,
        "Operating Income": 0,
        "EBIT": 0,
        "Net Income": 0
    },
    "2021-07-31": {
        "Diluted EPS": 0.01,
        "Total Revenue": 12,
        "Gross Profit": 3,
        "Operating Income": 1,
        "EBIT": 1,
        "Net Income": 0
    },
    "2021-04-30": {
        "Diluted EPS": 0.02,
        "Total Revenue": 10,
        "Gross Profit": 3,
        "Operating Income": 1,
        "EBIT": 1,
        "Net Income": 1
    },
    "2021-01-31": {
        "Diluted EPS": 0.05,
        "Total Revenue": 10,
        "Gross Profit": 3,
        "Operating Income": 1,
        "EBIT": 1,
        "Net Income": 2
    },
    "2020-10-31": {
        "Diluted EPS": 0.02,
        "Total Revenue": 10,
        "Gross Profit": 3,
        "Operating Income": 1,
        "EBIT": 1,
        "Net Income": 1
    },
    "2020-07-31": {
        "Diluted EPS": 0.02,
        "Total Revenue": 10,
        "Gross Profit": 3,
        "Operating Income": 1,
        "EBIT": 1,
        "Net Income": 1
    },
    "2020-04-30": {
        "Diluted EPS": 0.03,
        "Total Revenue": 11,
        "Gross Profit": 3,
        "Operating Income": 1,
        "EBIT": 1,
        "Net Income": 1
    },
    "2020-01-31": {
        "Diluted EPS": 0.01,
        "Total Revenue": 9,
        "Gross Profit": 2,
        "Operating Income": 1,
        "EBIT": 1,
        "Net Income": 0
    },
    "2019-10-31": {
        "Diluted EPS": 0.01,
        "Total Revenue": 9,
        "Gross Profit": 3,
        "Operating Income": 1,
        "EBIT": 1,
        "Net Income": 0
    },
    "2019-07-31": {
        "Diluted EPS": 0.01,
        "Total Revenue": 8,
        "Gross Profit": 3,
        "Operating Income": 0,
        "EBIT": 1,
        "Net Income": 0
    },
    "2019-04-30": {
        "Diluted EPS": 0.01,
        "Total Revenue": 7,
        "Gross Profit": 2,
        "Operating Income": 1,
        "EBIT": 1,
        "Net Income": 0
    },
    "2019-01-31": {
        "Diluted EPS": 0.0,
        "Total Revenue": 7,
        "Gross Profit": 2,
        "Operating Income": 0,
        "EBIT": 0,
        "Net Income": 0
    },
    "2018-10-31": {
        "Diluted EPS": 0.01,
        "Total Revenue": 8,
        "Gross Profit": 3,
        "Operating Income": 1,
        "EBIT": 1,
        "Net Income": 0
    },
    "2018-07-31": {
        "Diluted EPS": -0.01,
        "Total Revenue": 6,
        "Gross Profit": 2,
        "Operating Income": 0,
        "EBIT": 0,
        "Net Income": 0
    },
    "2018-04-30": {
        "Diluted EPS": 0.01,
        "Total Revenue": 8,
        "Gross Profit": 3,
        "Operating Income": 1,
        "EBIT": 1,
        "Net Income": 0
    },
    "2018-01-31": {
        "Diluted EPS": 0.0,
        "Total Revenue": 8,
        "Gross Profit": 3,
        "Operating Income": 0,
        "EBIT": 0,
        "Net Income": 0
    },
    "2017-10-31": {
        "Diluted EPS": 0.0,
        "Total Revenue": 7,
        "Gross Profit": 2,
        "Operating Income": 0,
        "EBIT": 0,
        "Net Income": 0
    },
    "2017-07-31": {
        "Diluted EPS": 0.0,
        "Total Revenue": 7,
        "Gross Profit": 2,
        "Operating Income": 0,
        "EBIT": 0,
        "Net Income": 0
    },
    "2017-04-30": {
        "Diluted EPS": 0.0,
        "Total Revenue": 5,
        "Gross Profit": 2,
        "Operating Income": 0,
        "EBIT": 0,
        "Net Income": 0
    },
    "2017-01-31": {
        "Diluted EPS": 0.0,
        "Total Revenue": 5,
        "Gross Profit": 3,
        "Operating Income": 0,
        "EBIT": 1,
        "Net Income": 0
    },
    "2016-10-31": {
        "Diluted EPS": 0.0,
        "Total Revenue": 5,
        "Gross Profit": 2,
        "Operating Income": 0,
        "EBIT": 0,
        "Net Income": 0
    },
    "2016-07-31": {
        "Diluted EPS": -0.01,
        "Total Revenue": 4,
        "Gross Profit": 1,
        "Operating Income": 0,
        "EBIT": 0,
        "Net Income": 0
    },
    "2016-04-30": {
        "Diluted EPS": -0.01,
        "Total Revenue": 4,
        "Gross Profit": 1,
        "Operating Income": 0,
        "EBIT": 0,
        "Net Income": 0
    },
    "2016-01-31": {
        "Diluted EPS": -0.02,
        "Total Revenue": 3,
        "Gross Profit": 1,
        "Operating Income": 0,
        "EBIT": 0,
        "Net Income": 0
    },
    "2015-10-31": {
        "Diluted EPS": -0.04,
        "Total Revenue": 3,
        "Gross Profit": 1,
        "Operating Income": 0,
        "EBIT": 0,
        "Net Income": -1
    },
    "2015-07-31": {
        "Diluted EPS": -0.04,
        "Total Revenue": 3,
        "Gross Profit": 1,
        "Operating Income": -1,
        "EBIT": -1,
        "Net Income": -1
    },
    "2015-04-30": {
        "Diluted EPS": -0.04,
        "Total Revenue": 3,
        "Gross Profit": 1,
        "Operating Income": -1,
        "EBIT": -1,
        "Net Income": -1
    },
    "2015-01-31": {
        "Diluted EPS": -0.07,
        "Total Revenue": 3,
        "Gross Profit": 1,
        "Operating Income": -2,
        "EBIT": -1,
        "Net Income": -2
    },
    "2014-10-31": {
        "Diluted EPS": -0.03,
        "Total Revenue": 4,
        "Gross Profit": 1,
        "Operating Income": -1,
        "EBIT": -1,
        "Net Income": -1
    },
    "2014-07-31": {
        "Diluted EPS": -0.03,
        "Total Revenue": 2,
        "Gross Profit": 1,
        "Operating Income": -1,
        "EBIT": -1,
        "Net Income": -1
    },
    "2014-04-30": {
        "Diluted EPS": -0.03,
        "Total Revenue": 3,
        "Gross Profit": 1,
        "Operating Income": -1,
        "EBIT": -1,
        "Net Income": -1
    },
    "2014-01-31": {
        "Diluted EPS": 0.08,
        "Total Revenue": -5,
        "Gross Profit": -1,
        "Operating Income": 2,
        "EBIT": 2,
        "Net Income": 2
    },
    "2013-12-31": {
        "Diluted EPS": -0.04,
        "Total Revenue": 5,
        "Gross Profit": 2,
        "Operating Income": -3,
        "EBIT": -3,
        "Net Income": -2
    },
    "2013-09-30": {
        "Diluted EPS": -0.02,
        "Total Revenue": 2,
        "Gross Profit": 1,
        "Operating Income": 0,
        "EBIT": 0,
        "Net Income": 0
    },
    "2013-06-30": {
        "Diluted EPS": -0.04,
        "Total Revenue": 2,
        "Gross Profit": 1,
        "Operating Income": -1,
        "EBIT": -1,
        "Net Income": -1
    },
    "2013-03-31": {
        "Diluted EPS": -0.03,
        "Total Revenue": 2,
        "Gross Profit": 0,
        "Operating Income": -1,
        "EBIT": -1,
        "Net Income": -1
    },
    "2012-12-31": {
        "Diluted EPS": 0.0,
        "Total Revenue": NaN,
        "Gross Profit": NaN,
        "Operating Income": -7,
        "EBIT": 0,
        "Net Income": -2
    },
    "2012-09-30": {
        "Diluted EPS": -0.03,
        "Total Revenue": 1,
        "Gross Profit": 0,
        "Operating Income": 0,
        "EBIT": 0,
        "Net Income": 0
    },
    "2012-06-30": {
        "Diluted EPS": -0.03,
        "Total Revenue": 1,
        "Gross Profit": 0,
        "Operating Income": 0,
        "EBIT": 0,
        "Net Income": 0
    },
    "2012-03-31": {
        "Diluted EPS": -0.03,
        "Total Revenue": 1,
        "Gross Profit": 0,
        "Operating Income": 0,
        "EBIT": 0,
        "Net Income": 0
    },
    "2011-12-31": {
        "Diluted EPS": 0.0,
        "Total Revenue": NaN,
        "Gross Profit": NaN,
        "Operating Income": 0,
        "EBIT": 0,
        "Net Income": 0
    },
    "2011-09-30": {
        "Diluted EPS": 0.0,
        "Total Revenue": NaN,
        "Gross Profit": NaN,
        "Operating Income": 0,
        "EBIT": 0,
        "Net Income": 0
    },
    "2011-07-31": {
        "Diluted EPS": 0.0,
        "Total Revenue": NaN,
        "Gross Profit": NaN,
        "Operating Income": 0,
        "EBIT": 0,
        "Net Income": 0
    },
    "2011-06-30": {
        "Diluted EPS": 0.0,
        "Total Revenue": NaN,
        "Gross Profit": NaN,
        "Operating Income": NaN,
        "EBIT": NaN,
        "Net Income": NaN
    },
    "2011-04-30": {
        "Diluted EPS": 0.0,
        "Total Revenue": NaN,
        "Gross Profit": NaN,
        "Operating Income": 0,
        "EBIT": 0,
        "Net Income": 0
    },
    "2011-03-31": {
        "Diluted EPS": 0.0,
        "Total Revenue": NaN,
        "Gross Profit": NaN,
        "Operating Income": 0,
        "EBIT": 0,
        "Net Income": 0
    },
    "2011-01-31": {
        "Diluted EPS": 0.0,
        "Total Revenue": NaN,
        "Gross Profit": NaN,
        "Operating Income": NaN,
        "EBIT": NaN,
        "Net Income": NaN
    },
    "2010-12-31": {
        "Diluted EPS": 0.0,
        "Total Revenue": NaN,
        "Gross Profit": NaN,
        "Operating Income": 0,
        "EBIT": 0,
        "Net Income": 0
    },
    "2010-10-31": {
        "Diluted EPS": 0.0,
        "Total Revenue": NaN,
        "Gross Profit": NaN,
        "Operating Income": 0,
        "EBIT": 0,
        "Net Income": 0
    },
    "2010-09-30": {
        "Diluted EPS": 0.0,
        "Total Revenue": NaN,
        "Gross Profit": NaN,
        "Operating Income": 0,
        "EBIT": 0,
        "Net Income": 0
    },
    "2023-07-31": {
        "Tax Effect Of Unusual Items": 0.0,
        "Tax Rate For Calcs": 0.198,
        "Normalized EBITDA": 2932642.0,
        "Net Income From Continuing Operation Net Minority Interest": 1743911.0,
        "Reconciled Depreciation": 571779.0,
        "Reconciled Cost Of Revenue": 17283847.0,
        "EBITDA": 2932642.0,
        "EBIT": 2360863.0,
        "Net Interest Income": -187188.0,
        "Interest Expense": 187188.0,
        "Interest Income": NaN,
        "Normalized Income": 1743911.0,
        "Net Income From Continuing And Discontinued Operation": 1743911.0,
        "Total Expenses": 22514255.0,
        "Total Operating Income As Reported": 2275830.0,
        "Diluted Average Shares": 37490567.0,
        "Basic Average Shares": 36855181.0,
        "Diluted EPS": 0.05,
        "Basic EPS": 0.05,
        "Diluted NI Availto Com Stockholders": 1743911.0,
        "Average Dilution Earnings": 21233.0,
        "Net Income Common Stockholders": 1722678.0,
        "Preferred Stock Dividends": 21233.0,
        "Net Income": 1743911.0,
        "Net Income Including Noncontrolling Interests": 1743911.0,
        "Net Income Continuous Operations": 1743911.0,
        "Earnings From Equity Interest Net Of Tax": NaN,
        "Tax Provision": 429764.0,
        "Pretax Income": 2173675.0,
        "Other Income Expense": 85033.0,
        "Other Non Operating Income Expenses": 7449.0,
        "Earnings From Equity Interest": 77584.0,
        "Net Non Operating Interest Income Expense": -187188.0,
        "Interest Expense Non Operating": 187188.0,
        "Interest Income Non Operating": NaN,
        "Operating Income": 2275830.0,
        "Operating Expense": 5230408.0,
        "Research And Development": 94871.0,
        "Selling General And Administration": 5135537.0,
        "General And Administrative Expense": 5135537.0,
        "Other Gand A": 5135537.0,
        "Gross Profit": 7506238.0,
        "Cost Of Revenue": 17283847.0,
        "Total Revenue": 24790085.0,
        "Operating Revenue": 25414735.0
    },
    "2023-10-31": {
        "Tax Effect Of Unusual Items": 0.0,
        "Tax Rate For Calcs": 0.22,
        "Normalized EBITDA": 3459221.0,
        "Net Income From Continuing Operation Net Minority Interest": 2009000.0,
        "Reconciled Depreciation": 752221.0,
        "Reconciled Cost Of Revenue": 20013000.0,
        "EBITDA": 3459221.0,
        "EBIT": 2707000.0,
        "Net Interest Income": -130000.0,
        "Interest Expense": 130000.0,
        "Interest Income": NaN,
        "Normalized Income": 2009000.0,
        "Net Income From Continuing And Discontinued Operation": 2009000.0,
        "Total Expenses": 25941000.0,
        "Total Operating Income As Reported": 2707000.0,
        "Diluted Average Shares": 37646000.0,
        "Basic Average Shares": 37121000.0,
        "Diluted EPS": 0.05,
        "Basic EPS": 0.05,
        "Diluted NI Availto Com Stockholders": 2009000.0,
        "Average Dilution Earnings": 0.0,
        "Net Income Common Stockholders": 2009000.0,
        "Preferred Stock Dividends": NaN,
        "Net Income": 2009000.0,
        "Net Income Including Noncontrolling Interests": 2009000.0,
        "Net Income Continuous Operations": 2009000.0,
        "Earnings From Equity Interest Net Of Tax": NaN,
        "Tax Provision": 568000.0,
        "Pretax Income": 2577000.0,
        "Other Income Expense": NaN,
        "Other Non Operating Income Expenses": NaN,
        "Earnings From Equity Interest": 0.0,
        "Net Non Operating Interest Income Expense": -130000.0,
        "Interest Expense Non Operating": 130000.0,
        "Interest Income Non Operating": NaN,
        "Operating Income": 2707000.0,
        "Operating Expense": 5928000.0,
        "Research And Development": 124000.0,
        "Selling General And Administration": 5804000.0,
        "General And Administrative Expense": NaN,
        "Other Gand A": NaN,
        "Gross Profit": 8635000.0,
        "Cost Of Revenue": 20013000.0,
        "Total Revenue": 28648000.0,
        "Operating Revenue": 29294000.0
    },
    "2024-01-31": {
        "Tax Effect Of Unusual Items": 0.0,
        "Tax Rate For Calcs": 0.2566,
        "Normalized EBITDA": 2756000.0,
        "Net Income From Continuing Operation Net Minority Interest": 1408000.0,
        "Reconciled Depreciation": 791000.0,
        "Reconciled Cost Of Revenue": 18904000.0,
        "EBITDA": 2756000.0,
        "EBIT": 1965000.0,
        "Net Interest Income": -71000.0,
        "Interest Expense": 71000.0,
        "Interest Income": NaN,
        "Normalized Income": 1408000.0,
        "Net Income From Continuing And Discontinued Operation": 1408000.0,
        "Total Expenses": 24760000.0,
        "Total Operating Income As Reported": 1965000.0,
        "Diluted Average Shares": NaN,
        "Basic Average Shares": NaN,
        "Diluted EPS": NaN,
        "Basic EPS": NaN,
        "Diluted NI Availto Com Stockholders": 1359000.0,
        "Average Dilution Earnings": NaN,
        "Net Income Common Stockholders": 1408000.0,
        "Preferred Stock Dividends": 0.0,
        "Net Income": 1408000.0,
        "Net Income Including Noncontrolling Interests": 1408000.0,
        "Net Income Continuous Operations": 1408000.0,
        "Earnings From Equity Interest Net Of Tax": NaN,
        "Tax Provision": 486000.0,
        "Pretax Income": 1894000.0,
        "Other Income Expense": 0.0,
        "Other Non Operating Income Expenses": 0.0,
        "Earnings From Equity Interest": 0.0,
        "Net Non Operating Interest Income Expense": -71000.0,
        "Interest Expense Non Operating": 71000.0,
        "Interest Income Non Operating": NaN,
        "Operating Income": 1965000.0,
        "Operating Expense": 5856000.0,
        "Research And Development": 124000.0,
        "Selling General And Administration": 5732000.0,
        "General And Administrative Expense": NaN,
        "Other Gand A": NaN,
        "Gross Profit": 7821000.0,
        "Cost Of Revenue": 18904000.0,
        "Total Revenue": 26725000.0,
        "Operating Revenue": 27795000.0
    },
    "2024-04-30": {
        "Tax Effect Of Unusual Items": 0.0,
        "Tax Rate For Calcs": 0.245,
        "Normalized EBITDA": 1671000.0,
        "Net Income From Continuing Operation Net Minority Interest": 553000.0,
        "Reconciled Depreciation": 806000.0,
        "Reconciled Cost Of Revenue": 22375000.0,
        "EBITDA": 1671000.0,
        "EBIT": 865000.0,
        "Net Interest Income": -41000.0,
        "Interest Expense": 133000.0,
        "Interest Income": 92000.0,
        "Normalized Income": 553000.0,
        "Net Income From Continuing And Discontinued Operation": 553000.0,
        "Total Expenses": 29065000.0,
        "Total Operating Income As Reported": 773000.0,
        "Diluted Average Shares": 39328000.0,
        "Basic Average Shares": 37259000.0,
        "Diluted EPS": 0.01,
        "Basic EPS": 0.01,
        "Diluted NI Availto Com Stockholders": 553000.0,
        "Average Dilution Earnings": 0.0,
        "Net Income Common Stockholders": 553000.0,
        "Preferred Stock Dividends": NaN,
        "Net Income": 553000.0,
        "Net Income Including Noncontrolling Interests": 553000.0,
        "Net Income Continuous Operations": 553000.0,
        "Earnings From Equity Interest Net Of Tax": NaN,
        "Tax Provision": 179000.0,
        "Pretax Income": 732000.0,
        "Other Income Expense": NaN,
        "Other Non Operating Income Expenses": NaN,
        "Earnings From Equity Interest": 0.0,
        "Net Non Operating Interest Income Expense": -41000.0,
        "Interest Expense Non Operating": 133000.0,
        "Interest Income Non Operating": 92000.0,
        "Operating Income": 773000.0,
        "Operating Expense": 6690000.0,
        "Research And Development": 104000.0,
        "Selling General And Administration": 6586000.0,
        "General And Administrative Expense": NaN,
        "Other Gand A": NaN,
        "Gross Profit": 7463000.0,
        "Cost Of Revenue": 22375000.0,
        "Total Revenue": 29838000.0,
        "Operating Revenue": 30398000.0
    }
}