{
    "2023-03-31": {
        "Tax Effect Of Unusual Items": -103000.0,
        "Tax Rate For Calcs": 0.103,
        "Normalized EBITDA": 1036000000.0,
        "Total Unusual Items": -1000000.0,
        "Total Unusual Items Excluding Goodwill": -1000000.0,
        "Net Income From Continuing Operation Net Minority Interest": 757000000.0,
        "Reconciled Depreciation": 65000000.0,
        "Reconciled Cost Of Revenue": 4396000000.0,
        "EBITDA": 1035000000.0,
        "EBIT": 970000000.0,
        "Net Interest Income": -111000000.0,
        "Interest Expense": 126000000.0,
        "Interest Income": 15000000.0,
        "Normalized Income": 757897000.0,
        "Net Income From Continuing And Discontinued Operation": 757000000.0,
        "Total Expenses": 4663000000.0,
        "Total Operating Income As Reported": 951000000.0,
        "Diluted Average Shares": 311000000.0,
        "Basic Average Shares": 309600000.0,
        "Diluted EPS": 2.43,
        "Basic EPS": 2.44,
        "Diluted NI Availto Com Stockholders": 757000000.0,
        "Net Income Common Stockholders": 757000000.0,
        "Net Income": 757000000.0,
        "Net Income Including Noncontrolling Interests": 757000000.0,
        "Net Income Continuous Operations": 757000000.0,
        "Tax Provision": 87000000.0,
        "Pretax Income": 844000000.0,
        "Other Income Expense": 3000000.0,
        "Other Non Operating Income Expenses": 3000000.0,
        "Special Income Charges": -1000000.0,
        "Restructuring And Mergern Acquisition": 1000000.0,
        "Earnings From Equity Interest": 1000000.0,
        "Net Non Operating Interest Income Expense": -111000000.0,
        "Interest Expense Non Operating": 126000000.0,
        "Interest Income Non Operating": 15000000.0,
        "Operating Income": 952000000.0,
        "Operating Expense": 246000000.0,
        "Depreciation Amortization Depletion Income Statement": 44000000.0,
        "Depreciation And Amortization In Income Statement": 44000000.0,
        "Selling General And Administration": 202000000.0,
        "General And Administrative Expense": 202000000.0,
        "Other Gand A": 202000000.0,
        "Gross Profit": 1198000000.0,
        "Cost Of Revenue": 4417000000.0,
        "Total Revenue": 5615000000.0,
        "Operating Revenue": 1468000000.0
    },
    "2022-12-31": {
        "Tax Effect Of Unusual Items": -244668.911336,
        "Tax Rate For Calcs": 0.244669,
        "Normalized EBITDA": 1077000000.0,
        "Total Unusual Items": -1000000.0,
        "Total Unusual Items Excluding Goodwill": -1000000.0,
        "Net Income From Continuing Operation Net Minority Interest": 673000000.0,
        "Reconciled Depreciation": 70000000.0,
        "Reconciled Cost Of Revenue": 4620000000.0,
        "EBITDA": 1076000000.0,
        "EBIT": 1006000000.0,
        "Net Interest Income": -107000000.0,
        "Interest Expense": 115000000.0,
        "Interest Income": 8000000.0,
        "Normalized Income": 673755331.088664,
        "Net Income From Continuing And Discontinued Operation": 673000000.0,
        "Total Expenses": 4926000000.0,
        "Total Operating Income As Reported": 996000000.0,
        "Diluted Average Shares": 317900000.0,
        "Basic Average Shares": 316500000.0,
        "Diluted EPS": 2.12,
        "Basic EPS": 2.13,
        "Diluted NI Availto Com Stockholders": 673000000.0,
        "Net Income Common Stockholders": 673000000.0,
        "Net Income": 673000000.0,
        "Net Income Including Noncontrolling Interests": 673000000.0,
        "Net Income Continuous Operations": 673000000.0,
        "Tax Provision": 218000000.0,
        "Pretax Income": 891000000.0,
        "Other Income Expense": 1000000.0,
        "Other Non Operating Income Expenses": 2000000.0,
        "Special Income Charges": -1000000.0,
        "Restructuring And Mergern Acquisition": 1000000.0,
        "Earnings From Equity Interest": 0.0,
        "Net Non Operating Interest Income Expense": -107000000.0,
        "Interest Expense Non Operating": 115000000.0,
        "Interest Income Non Operating": 8000000.0,
        "Operating Income": 997000000.0,
        "Operating Expense": 282000000.0,
        "Depreciation Amortization Depletion Income Statement": 46000000.0,
        "Depreciation And Amortization In Income Statement": 46000000.0,
        "Selling General And Administration": 236000000.0,
        "General And Administrative Expense": 236000000.0,
        "Other Gand A": 236000000.0,
        "Gross Profit": 1279000000.0,
        "Cost Of Revenue": 4644000000.0,
        "Total Revenue": 5923000000.0,
        "Operating Revenue": 1503000000.0
    },
    "2022-09-30": {
        "Tax Effect Of Unusual Items": -550000.0,
        "Tax Rate For Calcs": 0.275,
        "Normalized EBITDA": 1043000000.0,
        "Total Unusual Items": -2000000.0,
        "Total Unusual Items Excluding Goodwill": -2000000.0,
        "Net Income From Continuing Operation Net Minority Interest": 630000000.0,
        "Reconciled Depreciation": 72000000.0,
        "Reconciled Cost Of Revenue": 4065000000.0,
        "EBITDA": 1041000000.0,
        "EBIT": 969000000.0,
        "Net Interest Income": -93000000.0,
        "Interest Expense": 100000000.0,
        "Interest Income": 7000000.0,
        "Normalized Income": 631450000.0,
        "Net Income From Continuing And Discontinued Operation": 630000000.0,
        "Total Expenses": 4353000000.0,
        "Total Operating Income As Reported": 958000000.0,
        "Diluted Average Shares": 325700000.0,
        "Basic Average Shares": 324500000.0,
        "Diluted EPS": 1.94,
        "Basic EPS": 1.94,
        "Diluted NI Availto Com Stockholders": 630000000.0,
        "Net Income Common Stockholders": 630000000.0,
        "Net Income": 630000000.0,
        "Net Income Including Noncontrolling Interests": 630000000.0,
        "Net Income Continuous Operations": 630000000.0,
        "Tax Provision": 239000000.0,
        "Pretax Income": 869000000.0,
        "Other Income Expense": 2000000.0,
        "Other Non Operating Income Expenses": 3000000.0,
        "Special Income Charges": -2000000.0,
        "Restructuring And Mergern Acquisition": 2000000.0,
        "Earnings From Equity Interest": 1000000.0,
        "Net Non Operating Interest Income Expense": -93000000.0,
        "Interest Expense Non Operating": 100000000.0,
        "Interest Income Non Operating": 7000000.0,
        "Operating Income": 960000000.0,
        "Operating Expense": 266000000.0,
        "Depreciation Amortization Depletion Income Statement": 50000000.0,
        "Depreciation And Amortization In Income Statement": 50000000.0,
        "Selling General And Administration": 216000000.0,
        "General And Administrative Expense": 216000000.0,
        "Other Gand A": 216000000.0,
        "Gross Profit": 1226000000.0,
        "Cost Of Revenue": 4087000000.0,
        "Total Revenue": 5313000000.0,
        "Operating Revenue": 1382000000.0
    },
    "2022-06-30": {
        "Tax Effect Of Unusual Items": 0.0,
        "Tax Rate For Calcs": 0.228,
        "Normalized EBITDA": 1041000000.0,
        "Total Unusual Items": 0.0,
        "Total Unusual Items Excluding Goodwill": 0.0,
        "Net Income From Continuing Operation Net Minority Interest": 678000000.0,
        "Reconciled Depreciation": 68000000.0,
        "Reconciled Cost Of Revenue": 4089000000.0,
        "EBITDA": 1041000000.0,
        "EBIT": 973000000.0,
        "Net Interest Income": -89000000.0,
        "Interest Expense": 95000000.0,
        "Interest Income": 6000000.0,
        "Normalized Income": 678000000.0,
        "Net Income From Continuing And Discontinued Operation": 678000000.0,
        "Total Expenses": 4388000000.0,
        "Total Operating Income As Reported": 950000000.0,
        "Diluted Average Shares": 329500000.0,
        "Basic Average Shares": 328200000.0,
        "Diluted EPS": 2.06,
        "Basic EPS": 2.06,
        "Diluted NI Availto Com Stockholders": 678000000.0,
        "Net Income Common Stockholders": 678000000.0,
        "Net Income": 678000000.0,
        "Net Income Including Noncontrolling Interests": 678000000.0,
        "Net Income Continuous Operations": 678000000.0,
        "Tax Provision": 200000000.0,
        "Pretax Income": 878000000.0,
        "Other Income Expense": 17000000.0,
        "Other Non Operating Income Expenses": 2000000.0,
        "Special Income Charges": 0.0,
        "Restructuring And Mergern Acquisition": 0.0,
        "Earnings From Equity Interest": 15000000.0,
        "Net Non Operating Interest Income Expense": -89000000.0,
        "Interest Expense Non Operating": 95000000.0,
        "Interest Income Non Operating": 6000000.0,
        "Operating Income": 950000000.0,
        "Operating Expense": 280000000.0,
        "Depreciation Amortization Depletion Income Statement": 49000000.0,
        "Depreciation And Amortization In Income Statement": 49000000.0,
        "Selling General And Administration": 231000000.0,
        "General And Administrative Expense": 231000000.0,
        "Other Gand A": 231000000.0,
        "Gross Profit": 1230000000.0,
        "Cost Of Revenue": 4108000000.0,
        "Total Revenue": 5338000000.0,
        "Operating Revenue": 1418000000.0
    },
    "2023-06-30": {
        "Tax Effect Of Unusual Items": -9386000.0,
        "Tax Rate For Calcs": 0.247,
        "Normalized EBITDA": 1213000000.0,
        "Total Unusual Items": -38000000.0,
        "Total Unusual Items Excluding Goodwill": -38000000.0,
        "Net Income From Continuing Operation Net Minority Interest": 726000000.0,
        "Reconciled Depreciation": 70000000.0,
        "Reconciled Cost Of Revenue": 4631000000.0,
        "EBITDA": 1175000000.0,
        "EBIT": 1105000000.0,
        "Net Interest Income": -141000000.0,
        "Interest Expense": 141000000.0,
        "Interest Income": NaN,
        "Normalized Income": 754614000.0,
        "Net Income From Continuing And Discontinued Operation": 726000000.0,
        "Total Expenses": 4941000000.0,
        "Total Operating Income As Reported": 1096000000.0,
        "Diluted Average Shares": 305000000.0,
        "Basic Average Shares": 303600000.0,
        "Diluted EPS": 2.38,
        "Basic EPS": 2.39,
        "Diluted NI Availto Com Stockholders": 726000000.0,
        "Net Income Common Stockholders": 726000000.0,
        "Net Income": 726000000.0,
        "Net Income Including Noncontrolling Interests": 726000000.0,
        "Net Income Continuous Operations": 726000000.0,
        "Tax Provision": 238000000.0,
        "Pretax Income": 964000000.0,
        "Other Income Expense": -29000000.0,
        "Other Non Operating Income Expenses": 2000000.0,
        "Special Income Charges": -38000000.0,
        "Restructuring And Mergern Acquisition": 38000000.0,
        "Earnings From Equity Interest": 7000000.0,
        "Net Non Operating Interest Income Expense": -141000000.0,
        "Interest Expense Non Operating": 141000000.0,
        "Interest Income Non Operating": NaN,
        "Operating Income": 1134000000.0,
        "Operating Expense": 288000000.0,
        "Depreciation Amortization Depletion Income Statement": 48000000.0,
        "Depreciation And Amortization In Income Statement": 48000000.0,
        "Selling General And Administration": 240000000.0,
        "General And Administrative Expense": 240000000.0,
        "Other Gand A": 240000000.0,
        "Gross Profit": 1422000000.0,
        "Cost Of Revenue": 4653000000.0,
        "Total Revenue": 6075000000.0,
        "Operating Revenue": 1618000000.0
    },
    "2022-03-31": {
        "Diluted EPS": 1.14,
        "Total Revenue": NaN,
        "Gross Profit": 823,
        "Operating Income": 558,
        "EBIT": 630,
        "Net Income": 377
    },
    "2021-12-31": {
        "Diluted EPS": 1.42,
        "Total Revenue": NaN,
        "Gross Profit": 902,
        "Operating Income": 635,
        "EBIT": 708,
        "Net Income": 468
    },
    "2021-09-30": {
        "Diluted EPS": 0.67,
        "Total Revenue": NaN,
        "Gross Profit": 825,
        "Operating Income": 545,
        "EBIT": 630,
        "Net Income": 220
    },
    "2021-06-30": {
        "Diluted EPS": 1.28,
        "Total Revenue": NaN,
        "Gross Profit": 726,
        "Operating Income": 486,
        "EBIT": 554,
        "Net Income": 422
    },
    "2021-03-31": {
        "Diluted EPS": -0.03,
        "Total Revenue": NaN,
        "Gross Profit": 348,
        "Operating Income": 84,
        "EBIT": 153,
        "Net Income": -11
    },
    "2020-12-31": {
        "Diluted EPS": -0.5,
        "Total Revenue": NaN,
        "Gross Profit": 388,
        "Operating Income": -128,
        "EBIT": -19,
        "Net Income": -164
    },
    "2020-09-30": {
        "Diluted EPS": 0.31,
        "Total Revenue": NaN,
        "Gross Profit": 437,
        "Operating Income": 252,
        "EBIT": 353,
        "Net Income": 100
    },
    "2020-06-30": {
        "Diluted EPS": -0.72,
        "Total Revenue": NaN,
        "Gross Profit": 102,
        "Operating Income": -154,
        "EBIT": -61,
        "Net Income": -234
    },
    "2020-03-31": {
        "Diluted EPS": 0.09,
        "Total Revenue": NaN,
        "Gross Profit": 532,
        "Operating Income": 114,
        "EBIT": 289,
        "Net Income": 31
    },
    "2019-12-31": {
        "Diluted EPS": 0.86,
        "Total Revenue": NaN,
        "Gross Profit": 667,
        "Operating Income": 274,
        "EBIT": 470,
        "Net Income": 279
    },
    "2019-09-30": {
        "Diluted EPS": 1.16,
        "Total Revenue": NaN,
        "Gross Profit": 888,
        "Operating Income": 607,
        "EBIT": 675,
        "Net Income": 387
    },
    "2019-06-30": {
        "Diluted EPS": 0.69,
        "Total Revenue": NaN,
        "Gross Profit": 867,
        "Operating Income": 409,
        "EBIT": 480,
        "Net Income": 232
    },
    "2019-03-31": {
        "Diluted EPS": 1.09,
        "Total Revenue": NaN,
        "Gross Profit": 795,
        "Operating Income": 510,
        "EBIT": 578,
        "Net Income": 375
    },
    "2018-12-31": {
        "Diluted EPS": 0.92,
        "Total Revenue": NaN,
        "Gross Profit": 817,
        "Operating Income": 422,
        "EBIT": 498,
        "Net Income": 317
    },
    "2018-09-30": {
        "Diluted EPS": 1.43,
        "Total Revenue": NaN,
        "Gross Profit": 881,
        "Operating Income": 596,
        "EBIT": 661,
        "Net Income": 503
    },
    "2018-06-30": {
        "Diluted EPS": 1.87,
        "Total Revenue": NaN,
        "Gross Profit": NaN,
        "Operating Income": 818,
        "EBIT": 888,
        "Net Income": 667
    },
    "2018-03-31": {
        "Diluted EPS": 1.16,
        "Total Revenue": NaN,
        "Gross Profit": 865,
        "Operating Income": 530,
        "EBIT": 603,
        "Net Income": 420
    },
    "2017-12-31": {
        "Diluted EPS": 0.32,
        "Total Revenue": NaN,
        "Gross Profit": NaN,
        "Operating Income": 424,
        "EBIT": 493,
        "Net Income": 114
    },
    "2017-09-30": {
        "Diluted EPS": 1.29,
        "Total Revenue": NaN,
        "Gross Profit": NaN,
        "Operating Income": 790,
        "EBIT": 855,
        "Net Income": 485
    },
    "2017-06-30": {
        "Diluted EPS": 1.28,
        "Total Revenue": NaN,
        "Gross Profit": NaN,
        "Operating Income": 744,
        "EBIT": 827,
        "Net Income": 489
    },
    "2017-03-31": {
        "Diluted EPS": 0.95,
        "Total Revenue": NaN,
        "Gross Profit": 860,
        "Operating Income": 546,
        "EBIT": 608,
        "Net Income": 371
    },
    "2016-12-31": {
        "Diluted EPS": 0.66,
        "Total Revenue": NaN,
        "Gross Profit": 928,
        "Operating Income": 497,
        "EBIT": 559,
        "Net Income": 272
    },
    "2016-09-30": {
        "Diluted EPS": 0.26,
        "Total Revenue": NaN,
        "Gross Profit": 596,
        "Operating Income": 171,
        "EBIT": 207,
        "Net Income": 70
    },
    "2016-06-30": {
        "Diluted EPS": 0.96,
        "Total Revenue": NaN,
        "Gross Profit": 587,
        "Operating Income": 389,
        "EBIT": 419,
        "Net Income": 247
    },
    "2016-03-31": {
        "Diluted EPS": 0.85,
        "Total Revenue": NaN,
        "Gross Profit": 561,
        "Operating Income": 367,
        "EBIT": 398,
        "Net Income": 219
    },
    "2015-12-31": {
        "Diluted EPS": 0.77,
        "Total Revenue": NaN,
        "Gross Profit": 530,
        "Operating Income": 310,
        "EBIT": 342,
        "Net Income": 202
    },
    "2015-09-30": {
        "Diluted EPS": 0.78,
        "Total Revenue": NaN,
        "Gross Profit": 519,
        "Operating Income": 339,
        "EBIT": 370,
        "Net Income": 210
    },
    "2015-06-30": {
        "Diluted EPS": 0.87,
        "Total Revenue": NaN,
        "Gross Profit": 553,
        "Operating Income": 369,
        "EBIT": 401,
        "Net Income": 240
    },
    "2015-03-31": {
        "Diluted EPS": 0.73,
        "Total Revenue": NaN,
        "Gross Profit": 521,
        "Operating Income": 332,
        "EBIT": 376,
        "Net Income": 207
    },
    "2014-12-31": {
        "Diluted EPS": 0.68,
        "Total Revenue": NaN,
        "Gross Profit": 503,
        "Operating Income": 291,
        "EBIT": 323,
        "Net Income": 197
    },
    "2014-09-30": {
        "Diluted EPS": 0.65,
        "Total Revenue": NaN,
        "Gross Profit": 503,
        "Operating Income": 298,
        "EBIT": 331,
        "Net Income": 192
    },
    "2014-06-30": {
        "Diluted EPS": 0.64,
        "Total Revenue": NaN,
        "Gross Profit": 522,
        "Operating Income": 316,
        "EBIT": 363,
        "Net Income": 192
    },
    "2014-03-31": {
        "Diluted EPS": 0.57,
        "Total Revenue": NaN,
        "Gross Profit": 438,
        "Operating Income": 254,
        "EBIT": 290,
        "Net Income": 172
    },
    "2013-12-31": {
        "Diluted EPS": 0.48,
        "Total Revenue": NaN,
        "Gross Profit": 451,
        "Operating Income": 238,
        "EBIT": 273,
        "Net Income": 151
    },
    "2013-09-30": {
        "Diluted EPS": 0.52,
        "Total Revenue": NaN,
        "Gross Profit": 426,
        "Operating Income": 245,
        "EBIT": 279,
        "Net Income": 160
    },
    "2013-06-30": {
        "Diluted EPS": 0.57,
        "Total Revenue": NaN,
        "Gross Profit": 472,
        "Operating Income": 279,
        "EBIT": 312,
        "Net Income": 179
    },
    "2013-03-31": {
        "Diluted EPS": 0.43,
        "Total Revenue": NaN,
        "Gross Profit": 415,
        "Operating Income": 226,
        "EBIT": 251,
        "Net Income": 136
    },
    "2012-12-31": {
        "Diluted EPS": 0.56,
        "Total Revenue": NaN,
        "Gross Profit": 554,
        "Operating Income": 309,
        "EBIT": 311,
        "Net Income": 181
    },
    "2012-09-30": {
        "Diluted EPS": 0.44,
        "Total Revenue": NaN,
        "Gross Profit": 345,
        "Operating Income": 213,
        "EBIT": 246,
        "Net Income": 143
    },
    "2012-06-30": {
        "Diluted EPS": 0.42,
        "Total Revenue": NaN,
        "Gross Profit": 403,
        "Operating Income": 243,
        "EBIT": 281,
        "Net Income": 143
    },
    "2012-03-31": {
        "Diluted EPS": 0.3,
        "Total Revenue": NaN,
        "Gross Profit": 322,
        "Operating Income": 175,
        "EBIT": 204,
        "Net Income": 104
    },
    "2011-12-31": {
        "Diluted EPS": 0.44,
        "Total Revenue": NaN,
        "Gross Profit": 501,
        "Operating Income": 247,
        "EBIT": 275,
        "Net Income": 141
    },
    "2011-09-30": {
        "Diluted EPS": -0.52,
        "Total Revenue": NaN,
        "Gross Profit": 36,
        "Operating Income": -144,
        "EBIT": -104,
        "Net Income": -179
    },
    "2011-06-30": {
        "Diluted EPS": 0.37,
        "Total Revenue": NaN,
        "Gross Profit": 391,
        "Operating Income": 232,
        "EBIT": 273,
        "Net Income": 135
    },
    "2011-03-31": {
        "Diluted EPS": 0.26,
        "Total Revenue": NaN,
        "Gross Profit": 350,
        "Operating Income": 191,
        "EBIT": 226,
        "Net Income": 101
    },
    "2010-12-31": {
        "Diluted EPS": 0.46,
        "Total Revenue": NaN,
        "Gross Profit": 473,
        "Operating Income": 122,
        "EBIT": 179,
        "Net Income": 173
    },
    "2010-09-30": {
        "Diluted EPS": 0.22,
        "Total Revenue": NaN,
        "Gross Profit": 316,
        "Operating Income": 167,
        "EBIT": 207,
        "Net Income": 83
    },
    "2010-06-30": {
        "Diluted EPS": 0.31,
        "Total Revenue": NaN,
        "Gross Profit": 368,
        "Operating Income": 226,
        "EBIT": 268,
        "Net Income": 119
    },
    "2010-03-31": {
        "Diluted EPS": 0.22,
        "Total Revenue": NaN,
        "Gross Profit": 318,
        "Operating Income": 180,
        "EBIT": 219,
        "Net Income": 83
    },
    "2009-12-31": {
        "Diluted EPS": 0.3,
        "Total Revenue": NaN,
        "Gross Profit": 437,
        "Operating Income": 215,
        "EBIT": 276,
        "Net Income": 106
    },
    "2009-09-30": {
        "Diluted EPS": -1.31,
        "Total Revenue": NaN,
        "Gross Profit": -353,
        "Operating Income": -506,
        "EBIT": -463,
        "Net Income": -466
    },
    "2009-06-30": {
        "Diluted EPS": 0.1,
        "Total Revenue": NaN,
        "Gross Profit": 279,
        "Operating Income": 99,
        "EBIT": 141,
        "Net Income": 37
    },
    "2009-03-31": {
        "Diluted EPS": -0.06,
        "Total Revenue": NaN,
        "Gross Profit": 258,
        "Operating Income": 40,
        "EBIT": 79,
        "Net Income": -23
    },
    "2023-09-30": {
        "Tax Effect Of Unusual Items": -3107000.0,
        "Tax Rate For Calcs": 0.239,
        "Normalized EBITDA": 1217000000.0,
        "Total Unusual Items": -13000000.0,
        "Total Unusual Items Excluding Goodwill": -13000000.0,
        "Net Income From Continuing Operation Net Minority Interest": 752000000.0,
        "Reconciled Depreciation": 69000000.0,
        "Reconciled Cost Of Revenue": 4508000000.0,
        "EBITDA": 1204000000.0,
        "EBIT": 1135000000.0,
        "Net Interest Income": -139000000.0,
        "Interest Expense": 146000000.0,
        "Interest Income": 7000000.0,
        "Normalized Income": 761893000.0,
        "Net Income From Continuing And Discontinued Operation": 752000000.0,
        "Total Expenses": 4816000000.0,
        "Total Operating Income As Reported": 1099000000.0,
        "Diluted Average Shares": 300100000.0,
        "Basic Average Shares": 298600000.0,
        "Diluted EPS": 2.51,
        "Basic EPS": 2.52,
        "Diluted NI Availto Com Stockholders": 752000000.0,
        "Net Income Common Stockholders": 752000000.0,
        "Net Income": 752000000.0,
        "Net Income Including Noncontrolling Interests": 752000000.0,
        "Net Income Continuous Operations": 752000000.0,
        "Tax Provision": 237000000.0,
        "Pretax Income": 989000000.0,
        "Other Income Expense": 16000000.0,
        "Other Non Operating Income Expenses": 28000000.0,
        "Special Income Charges": -13000000.0,
        "Restructuring And Mergern Acquisition": 13000000.0,
        "Earnings From Equity Interest": 1000000.0,
        "Net Non Operating Interest Income Expense": -139000000.0,
        "Interest Expense Non Operating": 146000000.0,
        "Interest Income Non Operating": 7000000.0,
        "Operating Income": 1112000000.0,
        "Operating Expense": 285000000.0,
        "Depreciation Amortization Depletion Income Statement": 46000000.0,
        "Depreciation And Amortization In Income Statement": 46000000.0,
        "Selling General And Administration": 239000000.0,
        "General And Administrative Expense": 239000000.0,
        "Other Gand A": 239000000.0,
        "Gross Profit": 1397000000.0,
        "Cost Of Revenue": 4531000000.0,
        "Total Revenue": 5928000000.0,
        "Operating Revenue": 1560000000.0
    },
    "2023-12-31": {
        "Tax Effect Of Unusual Items": -1680000.0,
        "Tax Rate For Calcs": 0.21,
        "Normalized EBITDA": 815000000.0,
        "Total Unusual Items": -8000000.0,
        "Total Unusual Items Excluding Goodwill": -8000000.0,
        "Net Income From Continuing Operation Net Minority Interest": 848000000.0,
        "Reconciled Depreciation": 73000000.0,
        "Reconciled Cost Of Revenue": 4966000000.0,
        "EBITDA": 807000000.0,
        "EBIT": 734000000.0,
        "Net Interest Income": -144000000.0,
        "Interest Expense": 153000000.0,
        "Interest Income": 9000000.0,
        "Normalized Income": 854320000.0,
        "Net Income From Continuing And Discontinued Operation": 848000000.0,
        "Total Expenses": 5369000000.0,
        "Total Operating Income As Reported": 718000000.0,
        "Diluted Average Shares": 295600000.0,
        "Basic Average Shares": 294300000.0,
        "Diluted EPS": 2.87,
        "Basic EPS": 2.88,
        "Diluted NI Availto Com Stockholders": 848000000.0,
        "Net Income Common Stockholders": 848000000.0,
        "Net Income": 848000000.0,
        "Net Income Including Noncontrolling Interests": 848000000.0,
        "Net Income Continuous Operations": 848000000.0,
        "Tax Provision": -267000000.0,
        "Pretax Income": 581000000.0,
        "Other Income Expense": -1000000.0,
        "Other Non Operating Income Expenses": 7000000.0,
        "Special Income Charges": -8000000.0,
        "Restructuring And Mergern Acquisition": 8000000.0,
        "Earnings From Equity Interest": 0.0,
        "Net Non Operating Interest Income Expense": -144000000.0,
        "Interest Expense Non Operating": 153000000.0,
        "Interest Income Non Operating": 9000000.0,
        "Operating Income": 726000000.0,
        "Operating Expense": 381000000.0,
        "Depreciation Amortization Depletion Income Statement": 51000000.0,
        "Depreciation And Amortization In Income Statement": 51000000.0,
        "Selling General And Administration": 330000000.0,
        "General And Administrative Expense": 330000000.0,
        "Other Gand A": 330000000.0,
        "Gross Profit": 1107000000.0,
        "Cost Of Revenue": 4988000000.0,
        "Total Revenue": 6095000000.0,
        "Operating Revenue": 1699000000.0
    },
    "2024-03-31": {
        "Tax Effect Of Unusual Items": -1792000.0,
        "Tax Rate For Calcs": 0.224,
        "Normalized EBITDA": 966000000.0,
        "Total Unusual Items": -8000000.0,
        "Total Unusual Items Excluding Goodwill": -8000000.0,
        "Net Income From Continuing Operation Net Minority Interest": 564000000.0,
        "Reconciled Depreciation": 68000000.0,
        "Reconciled Cost Of Revenue": 4764000000.0,
        "EBITDA": 958000000.0,
        "EBIT": 890000000.0,
        "Net Interest Income": -153000000.0,
        "Interest Expense": 163000000.0,
        "Interest Income": 10000000.0,
        "Normalized Income": 570208000.0,
        "Net Income From Continuing And Discontinued Operation": 564000000.0,
        "Total Expenses": 5093000000.0,
        "Total Operating Income As Reported": 876000000.0,
        "Diluted Average Shares": 291600000.0,
        "Basic Average Shares": 290400000.0,
        "Diluted EPS": 1.93,
        "Basic EPS": 1.94,
        "Diluted NI Availto Com Stockholders": 564000000.0,
        "Net Income Common Stockholders": 564000000.0,
        "Net Income": 564000000.0,
        "Net Income Including Noncontrolling Interests": 564000000.0,
        "Net Income Continuous Operations": 564000000.0,
        "Tax Provision": 163000000.0,
        "Pretax Income": 727000000.0,
        "Other Income Expense": -4000000.0,
        "Other Non Operating Income Expenses": 4000000.0,
        "Special Income Charges": -8000000.0,
        "Restructuring And Mergern Acquisition": 8000000.0,
        "Earnings From Equity Interest": 0.0,
        "Net Non Operating Interest Income Expense": -153000000.0,
        "Interest Expense Non Operating": 163000000.0,
        "Interest Income Non Operating": 10000000.0,
        "Operating Income": 884000000.0,
        "Operating Expense": 306000000.0,
        "Depreciation Amortization Depletion Income Statement": 45000000.0,
        "Depreciation And Amortization In Income Statement": 45000000.0,
        "Selling General And Administration": 261000000.0,
        "General And Administrative Expense": 261000000.0,
        "Other Gand A": 261000000.0,
        "Gross Profit": 1190000000.0,
        "Cost Of Revenue": 4787000000.0,
        "Total Revenue": 5977000000.0,
        "Operating Revenue": 1544000000.0
    }
}