{
    "2023-03-31": {
        "Tax Effect Of Unusual Items": NaN,
        "Tax Rate For Calcs": NaN,
        "Normalized EBITDA": NaN,
        "Total Unusual Items": NaN,
        "Total Unusual Items Excluding Goodwill": NaN,
        "Net Income From Continuing Operation Net Minority Interest": NaN,
        "Reconciled Depreciation": NaN,
        "Reconciled Cost Of Revenue": NaN,
        "EBITDA": NaN,
        "EBIT": NaN,
        "Net Interest Income": NaN,
        "Interest Expense": NaN,
        "Interest Income": NaN,
        "Normalized Income": NaN,
        "Net Income From Continuing And Discontinued Operation": NaN,
        "Total Expenses": NaN,
        "Total Operating Income As Reported": NaN,
        "Diluted Average Shares": NaN,
        "Basic Average Shares": NaN,
        "Diluted EPS": NaN,
        "Basic EPS": NaN,
        "Diluted NI Availto Com Stockholders": NaN,
        "Net Income Common Stockholders": NaN,
        "Otherunder Preferred Stock Dividend": NaN,
        "Net Income": NaN,
        "Net Income Including Noncontrolling Interests": NaN,
        "Net Income Continuous Operations": NaN,
        "Tax Provision": NaN,
        "Pretax Income": NaN,
        "Other Income Expense": NaN,
        "Other Non Operating Income Expenses": NaN,
        "Special Income Charges": NaN,
        "Gain On Sale Of Ppe": NaN,
        "Other Special Charges": NaN,
        "Write Off": NaN,
        "Impairment Of Capital Assets": 6151000.0,
        "Earnings From Equity Interest": NaN,
        "Gain On Sale Of Security": NaN,
        "Net Non Operating Interest Income Expense": NaN,
        "Interest Expense Non Operating": NaN,
        "Interest Income Non Operating": NaN,
        "Operating Income": NaN,
        "Operating Expense": NaN,
        "Depreciation Amortization Depletion Income Statement": NaN,
        "Depreciation And Amortization In Income Statement": NaN,
        "Amortization": NaN,
        "Amortization Of Intangibles Income Statement": NaN,
        "Research And Development": NaN,
        "Selling General And Administration": NaN,
        "General And Administrative Expense": NaN,
        "Other Gand A": NaN,
        "Gross Profit": NaN,
        "Cost Of Revenue": NaN,
        "Total Revenue": NaN,
        "Operating Revenue": NaN
    },
    "2022-12-31": {
        "Tax Effect Of Unusual Items": NaN,
        "Tax Rate For Calcs": NaN,
        "Normalized EBITDA": NaN,
        "Total Unusual Items": NaN,
        "Total Unusual Items Excluding Goodwill": NaN,
        "Net Income From Continuing Operation Net Minority Interest": NaN,
        "Reconciled Depreciation": NaN,
        "Reconciled Cost Of Revenue": NaN,
        "EBITDA": NaN,
        "EBIT": NaN,
        "Net Interest Income": NaN,
        "Interest Expense": NaN,
        "Interest Income": NaN,
        "Normalized Income": NaN,
        "Net Income From Continuing And Discontinued Operation": NaN,
        "Total Expenses": NaN,
        "Total Operating Income As Reported": NaN,
        "Diluted Average Shares": NaN,
        "Basic Average Shares": NaN,
        "Diluted EPS": NaN,
        "Basic EPS": NaN,
        "Diluted NI Availto Com Stockholders": NaN,
        "Net Income Common Stockholders": NaN,
        "Otherunder Preferred Stock Dividend": NaN,
        "Net Income": NaN,
        "Net Income Including Noncontrolling Interests": NaN,
        "Net Income Continuous Operations": NaN,
        "Tax Provision": NaN,
        "Pretax Income": NaN,
        "Other Income Expense": NaN,
        "Other Non Operating Income Expenses": NaN,
        "Special Income Charges": NaN,
        "Gain On Sale Of Ppe": -6235824.0,
        "Other Special Charges": NaN,
        "Write Off": 16674000.0,
        "Impairment Of Capital Assets": 353102261.0,
        "Earnings From Equity Interest": NaN,
        "Gain On Sale Of Security": NaN,
        "Net Non Operating Interest Income Expense": NaN,
        "Interest Expense Non Operating": NaN,
        "Interest Income Non Operating": NaN,
        "Operating Income": NaN,
        "Operating Expense": NaN,
        "Depreciation Amortization Depletion Income Statement": NaN,
        "Depreciation And Amortization In Income Statement": NaN,
        "Amortization": NaN,
        "Amortization Of Intangibles Income Statement": NaN,
        "Research And Development": NaN,
        "Selling General And Administration": NaN,
        "General And Administrative Expense": NaN,
        "Other Gand A": NaN,
        "Gross Profit": NaN,
        "Cost Of Revenue": NaN,
        "Total Revenue": NaN,
        "Operating Revenue": NaN
    },
    "2022-09-30": {
        "Tax Effect Of Unusual Items": NaN,
        "Tax Rate For Calcs": NaN,
        "Normalized EBITDA": NaN,
        "Total Unusual Items": NaN,
        "Total Unusual Items Excluding Goodwill": NaN,
        "Net Income From Continuing Operation Net Minority Interest": NaN,
        "Reconciled Depreciation": NaN,
        "Reconciled Cost Of Revenue": NaN,
        "EBITDA": NaN,
        "EBIT": NaN,
        "Net Interest Income": NaN,
        "Interest Expense": NaN,
        "Normalized Income": NaN,
        "Net Income From Continuing And Discontinued Operation": NaN,
        "Total Expenses": NaN,
        "Total Operating Income As Reported": NaN,
        "Diluted Average Shares": 116533816.0,
        "Basic Average Shares": 116533816.0,
        "Diluted EPS": -0.62,
        "Basic EPS": -0.62,
        "Diluted NI Availto Com Stockholders": NaN,
        "Net Income Common Stockholders": NaN,
        "Otherunder Preferred Stock Dividend": 0.0,
        "Net Income": NaN,
        "Net Income Including Noncontrolling Interests": NaN,
        "Net Income Continuous Operations": NaN,
        "Tax Provision": NaN,
        "Pretax Income": NaN,
        "Other Income Expense": NaN,
        "Other Non Operating Income Expenses": NaN,
        "Special Income Charges": NaN,
        "Gain On Sale Of Ppe": 29819000.0,
        "Other Special Charges": NaN,
        "Write Off": 39000000.0,
        "Impairment Of Capital Assets": NaN,
        "Earnings From Equity Interest": 0.0,
        "Gain On Sale Of Security": NaN,
        "Net Non Operating Interest Income Expense": NaN,
        "Interest Expense Non Operating": NaN,
        "Operating Income": NaN,
        "Operating Expense": NaN,
        "Depreciation Amortization Depletion Income Statement": NaN,
        "Depreciation And Amortization In Income Statement": NaN,
        "Amortization": NaN,
        "Amortization Of Intangibles Income Statement": NaN,
        "Research And Development": NaN,
        "Selling General And Administration": NaN,
        "General And Administrative Expense": NaN,
        "Other Gand A": NaN,
        "Gross Profit": NaN,
        "Cost Of Revenue": NaN,
        "Total Revenue": NaN,
        "Operating Revenue": NaN
    },
    "2022-06-30": {
        "Tax Effect Of Unusual Items": -27763486.0,
        "Tax Rate For Calcs": 0.4,
        "Normalized EBITDA": -88615959.0,
        "Total Unusual Items": -69408715.0,
        "Total Unusual Items Excluding Goodwill": -69408715.0,
        "Net Income From Continuing Operation Net Minority Interest": -191646642.0,
        "Reconciled Depreciation": 20021422.0,
        "Reconciled Cost Of Revenue": 41394556.0,
        "EBITDA": -158024674.0,
        "EBIT": -178046096.0,
        "Net Interest Income": -3748322.0,
        "Interest Expense": 3748322.0,
        "Normalized Income": -150001413.0,
        "Net Income From Continuing And Discontinued Operation": -191646642.0,
        "Total Expenses": 54035887.0,
        "Total Operating Income As Reported": -178211376.0,
        "Diluted Average Shares": 109437293.0,
        "Basic Average Shares": 109437293.0,
        "Diluted EPS": -1.94,
        "Basic EPS": -1.94,
        "Diluted NI Availto Com Stockholders": -191646642.0,
        "Net Income Common Stockholders": -191646642.0,
        "Otherunder Preferred Stock Dividend": NaN,
        "Net Income": -191646642.0,
        "Net Income Including Noncontrolling Interests": -191646642.0,
        "Net Income Continuous Operations": -191646642.0,
        "Tax Provision": 9852224.0,
        "Pretax Income": -181794418.0,
        "Other Income Expense": -148932025.0,
        "Other Non Operating Income Expenses": -79523310.0,
        "Special Income Charges": -69408715.0,
        "Gain On Sale Of Ppe": 58181516.0,
        "Other Special Charges": NaN,
        "Write Off": 127590231.0,
        "Impairment Of Capital Assets": 127590231.0,
        "Gain On Sale Of Security": NaN,
        "Net Non Operating Interest Income Expense": -3748322.0,
        "Interest Expense Non Operating": 3748322.0,
        "Operating Income": -29114071.0,
        "Operating Expense": 12641331.0,
        "Selling General And Administration": 12641331.0,
        "General And Administrative Expense": 12641331.0,
        "Other Gand A": 12641331.0,
        "Gross Profit": -16472740.0,
        "Cost Of Revenue": 41394556.0,
        "Total Revenue": 24921816.0,
        "Operating Revenue": 24921816.0
    },
    "2022-03-31": {
        "Diluted EPS": -0.12,
        "Total Revenue": 52,
        "Gross Profit": 25,
        "Operating Income": -15,
        "EBIT": 5,
        "Net Income": -13
    },
    "2021-12-31": {
        "Diluted EPS": 0.07,
        "Total Revenue": 69,
        "Gross Profit": 46,
        "Operating Income": 167,
        "EBIT": 174,
        "Net Income": 11
    },
    "2021-09-30": {
        "Diluted EPS": -0.22,
        "Total Revenue": 52,
        "Gross Profit": 41,
        "Operating Income": -22,
        "EBIT": -19,
        "Net Income": -22
    },
    "2021-06-30": {
        "Diluted EPS": -1.09,
        "Total Revenue": 29,
        "Gross Profit": 22,
        "Operating Income": -110,
        "EBIT": -107,
        "Net Income": -109
    },
    "2021-03-31": {
        "Diluted EPS": 0.87,
        "Total Revenue": 9,
        "Gross Profit": 7,
        "Operating Income": -47,
        "EBIT": -46,
        "Net Income": 83
    },
    "2020-12-31": {
        "Diluted EPS": 0.18,
        "Total Revenue": 3,
        "Gross Profit": -1,
        "Operating Income": -5,
        "EBIT": -4,
        "Net Income": -5
    },
    "2020-09-30": {
        "Diluted EPS": -0.06,
        "Total Revenue": 1,
        "Gross Profit": -1,
        "Operating Income": -2,
        "EBIT": -1,
        "Net Income": -2
    },
    "2020-06-30": {
        "Diluted EPS": -0.13,
        "Total Revenue": 0,
        "Gross Profit": 0,
        "Operating Income": -2,
        "EBIT": -1,
        "Net Income": -2
    },
    "2020-03-31": {
        "Diluted EPS": -0.12,
        "Total Revenue": 1,
        "Gross Profit": -1,
        "Operating Income": -1,
        "EBIT": -1,
        "Net Income": -1
    },
    "2019-12-31": {
        "Diluted EPS": -0.16,
        "Total Revenue": 0,
        "Gross Profit": -1,
        "Operating Income": -2,
        "EBIT": -1,
        "Net Income": -1
    },
    "2019-09-30": {
        "Diluted EPS": -0.12,
        "Total Revenue": 0,
        "Gross Profit": 0,
        "Operating Income": -1,
        "EBIT": -1,
        "Net Income": -1
    },
    "2019-06-30": {
        "Diluted EPS": -0.09,
        "Total Revenue": 0,
        "Gross Profit": 0,
        "Operating Income": -1,
        "EBIT": -1,
        "Net Income": -1
    },
    "2019-03-31": {
        "Diluted EPS": -0.16,
        "Total Revenue": 0,
        "Gross Profit": 0,
        "Operating Income": -1,
        "EBIT": -1,
        "Net Income": -1
    },
    "2018-12-31": {
        "Diluted EPS": -0.63,
        "Total Revenue": 0,
        "Gross Profit": -1,
        "Operating Income": -4,
        "EBIT": -4,
        "Net Income": -4
    },
    "2018-09-30": {
        "Diluted EPS": -0.22,
        "Total Revenue": 0,
        "Gross Profit": -1,
        "Operating Income": -1,
        "EBIT": -1,
        "Net Income": -1
    },
    "2018-06-30": {
        "Diluted EPS": -0.93,
        "Total Revenue": 1,
        "Gross Profit": 0,
        "Operating Income": -4,
        "EBIT": -3,
        "Net Income": -5
    },
    "2018-03-31": {
        "Diluted EPS": -0.63,
        "Total Revenue": 0,
        "Gross Profit": 0,
        "Operating Income": -2,
        "EBIT": 0,
        "Net Income": -2
    },
    "2017-12-31": {
        "Diluted EPS": -10.36,
        "Total Revenue": 0,
        "Gross Profit": -2,
        "Operating Income": -5,
        "EBIT": 1,
        "Net Income": -19
    },
    "2017-09-30": {
        "Diluted EPS": -4.24,
        "Total Revenue": 0,
        "Gross Profit": 0,
        "Operating Income": -4,
        "EBIT": -3,
        "Net Income": -7
    },
    "2017-06-30": {
        "Diluted EPS": -1.56,
        "Total Revenue": 0,
        "Gross Profit": -1,
        "Operating Income": -3,
        "EBIT": -2,
        "Net Income": -2
    },
    "2017-03-31": {
        "Diluted EPS": -3.04,
        "Total Revenue": 0,
        "Gross Profit": 0,
        "Operating Income": -3,
        "EBIT": -2,
        "Net Income": -4
    },
    "2016-12-31": {
        "Diluted EPS": -27.2,
        "Total Revenue": 0,
        "Gross Profit": -7,
        "Operating Income": -14,
        "EBIT": -3,
        "Net Income": -26
    },
    "2016-09-30": {
        "Diluted EPS": -6.68,
        "Total Revenue": 0,
        "Gross Profit": -1,
        "Operating Income": -11,
        "EBIT": -3,
        "Net Income": -6
    },
    "2016-06-30": {
        "Diluted EPS": 7.84,
        "Total Revenue": 34,
        "Gross Profit": 19,
        "Operating Income": 14,
        "EBIT": 17,
        "Net Income": 8
    },
    "2016-03-31": {
        "Diluted EPS": -4.16,
        "Total Revenue": 2,
        "Gross Profit": -1,
        "Operating Income": -5,
        "EBIT": -3,
        "Net Income": -4
    },
    "2015-12-31": {
        "Diluted EPS": -4.32,
        "Total Revenue": 7,
        "Gross Profit": 3,
        "Operating Income": -8,
        "EBIT": 0,
        "Net Income": -4
    },
    "2015-09-30": {
        "Diluted EPS": -4.16,
        "Total Revenue": 6,
        "Gross Profit": 2,
        "Operating Income": -3,
        "EBIT": 0,
        "Net Income": -4
    },
    "2015-06-30": {
        "Diluted EPS": -5.12,
        "Total Revenue": 1,
        "Gross Profit": -2,
        "Operating Income": -9,
        "EBIT": -5,
        "Net Income": -5
    },
    "2015-03-31": {
        "Diluted EPS": -5.44,
        "Total Revenue": 4,
        "Gross Profit": 0,
        "Operating Income": -6,
        "EBIT": -4,
        "Net Income": -5
    },
    "2014-12-31": {
        "Diluted EPS": -5.12,
        "Total Revenue": 1,
        "Gross Profit": -2,
        "Operating Income": -8,
        "EBIT": -5,
        "Net Income": -5
    },
    "2014-09-30": {
        "Diluted EPS": 3.52,
        "Total Revenue": 13,
        "Gross Profit": 8,
        "Operating Income": 2,
        "EBIT": 6,
        "Net Income": 4
    },
    "2014-06-30": {
        "Diluted EPS": -2.24,
        "Total Revenue": 4,
        "Gross Profit": 2,
        "Operating Income": 0,
        "EBIT": 1,
        "Net Income": -2
    },
    "2014-03-31": {
        "Diluted EPS": -0.48,
        "Total Revenue": 3,
        "Gross Profit": 2,
        "Operating Income": 0,
        "EBIT": 0,
        "Net Income": 0
    },
    "2013-12-31": {
        "Diluted EPS": -1.6,
        "Total Revenue": 1,
        "Gross Profit": 1,
        "Operating Income": -1,
        "EBIT": -1,
        "Net Income": -1
    },
    "2013-09-30": {
        "Diluted EPS": -1.44,
        "Total Revenue": 1,
        "Gross Profit": 0,
        "Operating Income": -1,
        "EBIT": -1,
        "Net Income": -1
    },
    "2013-06-30": {
        "Diluted EPS": -1.52,
        "Total Revenue": 2,
        "Gross Profit": 1,
        "Operating Income": -1,
        "EBIT": 0,
        "Net Income": -1
    },
    "2013-03-31": {
        "Diluted EPS": -1.36,
        "Total Revenue": NaN,
        "Gross Profit": NaN,
        "Operating Income": -1,
        "EBIT": -1,
        "Net Income": -1
    },
    "2012-12-31": {
        "Diluted EPS": -4.0,
        "Total Revenue": NaN,
        "Gross Profit": NaN,
        "Operating Income": 0,
        "EBIT": 0,
        "Net Income": -2
    },
    "2012-09-30": {
        "Diluted EPS": -5.84,
        "Total Revenue": NaN,
        "Gross Profit": NaN,
        "Operating Income": -2,
        "EBIT": -2,
        "Net Income": -2
    },
    "2012-06-30": {
        "Diluted EPS": -0.32,
        "Total Revenue": NaN,
        "Gross Profit": NaN,
        "Operating Income": 0,
        "EBIT": 0,
        "Net Income": -2
    },
    "2012-03-31": {
        "Diluted EPS": -0.72,
        "Total Revenue": NaN,
        "Gross Profit": NaN,
        "Operating Income": -3,
        "EBIT": -3,
        "Net Income": -3
    },
    "2011-12-31": {
        "Diluted EPS": 0.0,
        "Total Revenue": NaN,
        "Gross Profit": NaN,
        "Operating Income": NaN,
        "EBIT": NaN,
        "Net Income": NaN
    },
    "2011-09-30": {
        "Diluted EPS": -0.0,
        "Total Revenue": NaN,
        "Gross Profit": NaN,
        "Operating Income": 0,
        "EBIT": 0,
        "Net Income": 0
    },
    "2010-12-31": {
        "Diluted EPS": 0.0,
        "Total Revenue": NaN,
        "Gross Profit": NaN,
        "Operating Income": NaN,
        "EBIT": NaN,
        "Net Income": NaN
    },
    "2010-09-30": {
        "Diluted EPS": 0.0,
        "Total Revenue": NaN,
        "Gross Profit": NaN,
        "Operating Income": NaN,
        "EBIT": NaN,
        "Net Income": NaN
    },
    "2023-06-30": {
        "Tax Effect Of Unusual Items": NaN,
        "Tax Rate For Calcs": NaN,
        "Normalized EBITDA": NaN,
        "Total Unusual Items": NaN,
        "Total Unusual Items Excluding Goodwill": NaN,
        "Net Income From Continuing Operation Net Minority Interest": NaN,
        "Reconciled Depreciation": NaN,
        "Reconciled Cost Of Revenue": NaN,
        "EBITDA": NaN,
        "EBIT": NaN,
        "Net Interest Income": NaN,
        "Interest Expense": NaN,
        "Interest Income": 118000.0,
        "Normalized Income": NaN,
        "Net Income From Continuing And Discontinued Operation": NaN,
        "Total Expenses": NaN,
        "Total Operating Income As Reported": NaN,
        "Diluted Average Shares": 168474882.0,
        "Basic Average Shares": 168474882.0,
        "Diluted EPS": -0.07,
        "Basic EPS": -0.07,
        "Diluted NI Availto Com Stockholders": NaN,
        "Net Income Common Stockholders": NaN,
        "Otherunder Preferred Stock Dividend": 2121000.0,
        "Net Income": NaN,
        "Net Income Including Noncontrolling Interests": NaN,
        "Net Income Continuous Operations": NaN,
        "Tax Provision": NaN,
        "Pretax Income": NaN,
        "Other Income Expense": NaN,
        "Other Non Operating Income Expenses": NaN,
        "Special Income Charges": NaN,
        "Gain On Sale Of Ppe": 0.0,
        "Other Special Charges": NaN,
        "Write Off": NaN,
        "Impairment Of Capital Assets": 8363000.0,
        "Earnings From Equity Interest": NaN,
        "Gain On Sale Of Security": NaN,
        "Net Non Operating Interest Income Expense": NaN,
        "Interest Expense Non Operating": NaN,
        "Interest Income Non Operating": 118000.0,
        "Operating Income": NaN,
        "Operating Expense": NaN,
        "Depreciation Amortization Depletion Income Statement": 0.0,
        "Depreciation And Amortization In Income Statement": 0.0,
        "Amortization": 0.0,
        "Amortization Of Intangibles Income Statement": 0.0,
        "Research And Development": 651000.0,
        "Selling General And Administration": NaN,
        "General And Administrative Expense": NaN,
        "Other Gand A": NaN,
        "Gross Profit": NaN,
        "Cost Of Revenue": NaN,
        "Total Revenue": NaN,
        "Operating Revenue": NaN
    },
    "2023-09-30": {
        "Tax Effect Of Unusual Items": 7960680.0,
        "Tax Rate For Calcs": 0.21,
        "Normalized EBITDA": 17859000.0,
        "Total Unusual Items": 37908000.0,
        "Total Unusual Items Excluding Goodwill": 37908000.0,
        "Net Income From Continuing Operation Net Minority Interest": -390000.0,
        "Reconciled Depreciation": 53548000.0,
        "Reconciled Cost Of Revenue": 59628000.0,
        "EBITDA": 55767000.0,
        "EBIT": 2219000.0,
        "Net Interest Income": -2110000.0,
        "Interest Expense": 2536000.0,
        "Interest Income": 426000.0,
        "Normalized Income": -30337320.0,
        "Net Income From Continuing And Discontinued Operation": -390000.0,
        "Total Expenses": 133317000.0,
        "Total Operating Income As Reported": -80160000.0,
        "Diluted Average Shares": 183736770.0,
        "Basic Average Shares": 179602722.0,
        "Diluted EPS": -0.34,
        "Basic EPS": -0.002171,
        "Diluted NI Availto Com Stockholders": -390000.0,
        "Net Income Common Stockholders": -390000.0,
        "Otherunder Preferred Stock Dividend": 0.0,
        "Net Income": -390000.0,
        "Net Income Including Noncontrolling Interests": -390000.0,
        "Net Income Continuous Operations": -390000.0,
        "Tax Provision": 73000.0,
        "Pretax Income": -317000.0,
        "Other Income Expense": 37261000.0,
        "Other Non Operating Income Expenses": 426000.0,
        "Special Income Charges": 82600000.0,
        "Gain On Sale Of Ppe": 0.0,
        "Other Special Charges": -82600000.0,
        "Write Off": 0.0,
        "Impairment Of Capital Assets": 11885000.0,
        "Earnings From Equity Interest": -647000.0,
        "Gain On Sale Of Security": -44692000.0,
        "Net Non Operating Interest Income Expense": -2110000.0,
        "Interest Expense Non Operating": 2536000.0,
        "Interest Income Non Operating": 426000.0,
        "Operating Income": -35468000.0,
        "Operating Expense": 20141000.0,
        "Depreciation Amortization Depletion Income Statement": 0.0,
        "Depreciation And Amortization In Income Statement": 0.0,
        "Amortization": 0.0,
        "Amortization Of Intangibles Income Statement": 0.0,
        "Research And Development": 713000.0,
        "Selling General And Administration": 19428000.0,
        "General And Administrative Expense": 19428000.0,
        "Other Gand A": 19428000.0,
        "Gross Profit": -15327000.0,
        "Cost Of Revenue": 113176000.0,
        "Total Revenue": 97849000.0,
        "Operating Revenue": 97849000.0
    },
    "2023-12-31": {
        "Tax Effect Of Unusual Items": 17974231.45662,
        "Tax Rate For Calcs": 0.067125,
        "Normalized EBITDA": 43877000.0,
        "Total Unusual Items": 267773000.0,
        "Total Unusual Items Excluding Goodwill": 267773000.0,
        "Net Income From Continuing Operation Net Minority Interest": 223404000.0,
        "Reconciled Depreciation": 70957000.0,
        "Reconciled Cost Of Revenue": 146068000.0,
        "EBITDA": 311650000.0,
        "EBIT": 240693000.0,
        "Net Interest Income": -1214000.0,
        "Interest Expense": 1214000.0,
        "Interest Income": NaN,
        "Normalized Income": -26394768.54338,
        "Net Income From Continuing And Discontinued Operation": 223404000.0,
        "Total Expenses": 185321000.0,
        "Total Operating Income As Reported": 256641000.0,
        "Diluted Average Shares": NaN,
        "Basic Average Shares": NaN,
        "Diluted EPS": NaN,
        "Basic EPS": NaN,
        "Diluted NI Availto Com Stockholders": 225525000.0,
        "Net Income Common Stockholders": 225525000.0,
        "Otherunder Preferred Stock Dividend": NaN,
        "Net Income": 223404000.0,
        "Net Income Including Noncontrolling Interests": 223404000.0,
        "Net Income Continuous Operations": 223404000.0,
        "Tax Provision": 16075000.0,
        "Pretax Income": 239479000.0,
        "Other Income Expense": 269246000.0,
        "Other Non Operating Income Expenses": 1443000.0,
        "Special Income Charges": 26399000.0,
        "Gain On Sale Of Ppe": 0.0,
        "Other Special Charges": 0.0,
        "Write Off": 0.0,
        "Impairment Of Capital Assets": -26399000.0,
        "Earnings From Equity Interest": 30000.0,
        "Gain On Sale Of Security": 241374000.0,
        "Net Non Operating Interest Income Expense": -1214000.0,
        "Interest Expense Non Operating": 1214000.0,
        "Interest Income Non Operating": NaN,
        "Operating Income": -28553000.0,
        "Operating Expense": 39253000.0,
        "Depreciation Amortization Depletion Income Statement": NaN,
        "Depreciation And Amortization In Income Statement": NaN,
        "Amortization": NaN,
        "Amortization Of Intangibles Income Statement": NaN,
        "Research And Development": NaN,
        "Selling General And Administration": 39253000.0,
        "General And Administrative Expense": 39253000.0,
        "Other Gand A": 39253000.0,
        "Gross Profit": 10700000.0,
        "Cost Of Revenue": 146068000.0,
        "Total Revenue": 156768000.0,
        "Operating Revenue": 156768000.0
    },
    "2024-03-31": {
        "Tax Effect Of Unusual Items": 46076362.8,
        "Tax Rate For Calcs": 0.1014,
        "Normalized EBITDA": 3042000.0,
        "Total Unusual Items": 454402000.0,
        "Total Unusual Items Excluding Goodwill": 454402000.0,
        "Net Income From Continuing Operation Net Minority Interest": 337173000.0,
        "Reconciled Depreciation": 80964000.0,
        "Reconciled Cost Of Revenue": 90211000.0,
        "EBITDA": 457444000.0,
        "EBIT": 376480000.0,
        "Net Interest Income": -1256000.0,
        "Interest Expense": 1256000.0,
        "Interest Income": NaN,
        "Normalized Income": -71152637.2,
        "Net Income From Continuing And Discontinued Operation": 337173000.0,
        "Total Expenses": 246952000.0,
        "Total Operating Income As Reported": 369704000.0,
        "Diluted Average Shares": 267912443.0,
        "Basic Average Shares": 259098664.0,
        "Diluted EPS": 1.26,
        "Basic EPS": 1.3,
        "Diluted NI Availto Com Stockholders": 337173000.0,
        "Net Income Common Stockholders": 337173000.0,
        "Otherunder Preferred Stock Dividend": NaN,
        "Net Income": 337173000.0,
        "Net Income Including Noncontrolling Interests": 337173000.0,
        "Net Income Continuous Operations": 337173000.0,
        "Tax Provision": 38051000.0,
        "Pretax Income": 375224000.0,
        "Other Income Expense": 458234000.0,
        "Other Non Operating Income Expenses": 2573000.0,
        "Special Income Charges": -22097000.0,
        "Gain On Sale Of Ppe": NaN,
        "Other Special Charges": 22097000.0,
        "Write Off": NaN,
        "Impairment Of Capital Assets": NaN,
        "Earnings From Equity Interest": 1259000.0,
        "Gain On Sale Of Security": 476499000.0,
        "Net Non Operating Interest Income Expense": -1256000.0,
        "Interest Expense Non Operating": 1256000.0,
        "Interest Income Non Operating": NaN,
        "Operating Income": -81754000.0,
        "Operating Expense": 78746000.0,
        "Depreciation Amortization Depletion Income Statement": 2969000.0,
        "Depreciation And Amortization In Income Statement": 2969000.0,
        "Amortization": 2969000.0,
        "Amortization Of Intangibles Income Statement": 2969000.0,
        "Research And Development": 2466000.0,
        "Selling General And Administration": 73311000.0,
        "General And Administrative Expense": 73311000.0,
        "Other Gand A": 73311000.0,
        "Gross Profit": -3008000.0,
        "Cost Of Revenue": 168206000.0,
        "Total Revenue": 165198000.0,
        "Operating Revenue": 165198000.0
    },
    "2024-06-30": {
        "Tax Effect Of Unusual Items": -15799355.2,
        "Tax Rate For Calcs": 0.1369,
        "Normalized EBITDA": -7261000.0,
        "Total Unusual Items": -115408000.0,
        "Total Unusual Items Excluding Goodwill": -115408000.0,
        "Net Income From Continuing Operation Net Minority Interest": -199659000.0,
        "Reconciled Depreciation": 107278000.0,
        "Reconciled Cost Of Revenue": 93887000.0,
        "EBITDA": -122669000.0,
        "EBIT": -229947000.0,
        "Net Interest Income": 819000.0,
        "Interest Expense": 1369000.0,
        "Interest Income": 2188000.0,
        "Normalized Income": -100050355.2,
        "Net Income From Continuing And Discontinued Operation": -199659000.0,
        "Total Expenses": 262128000.0,
        "Total Operating Income As Reported": -232397000.0,
        "Diluted Average Shares": 278674506.0,
        "Basic Average Shares": 278674506.0,
        "Diluted EPS": -0.72,
        "Basic EPS": -0.72,
        "Diluted NI Availto Com Stockholders": -199659000.0,
        "Net Income Common Stockholders": -199659000.0,
        "Otherunder Preferred Stock Dividend": 0.0,
        "Net Income": -199659000.0,
        "Net Income Including Noncontrolling Interests": -199659000.0,
        "Net Income Continuous Operations": -199659000.0,
        "Tax Provision": -31657000.0,
        "Pretax Income": -231316000.0,
        "Other Income Expense": -115146000.0,
        "Other Non Operating Income Expenses": 213000.0,
        "Special Income Charges": -5660000.0,
        "Gain On Sale Of Ppe": NaN,
        "Other Special Charges": 5660000.0,
        "Write Off": NaN,
        "Impairment Of Capital Assets": NaN,
        "Earnings From Equity Interest": 49000.0,
        "Gain On Sale Of Security": -109748000.0,
        "Net Non Operating Interest Income Expense": 819000.0,
        "Interest Expense Non Operating": 1369000.0,
        "Interest Income Non Operating": 2188000.0,
        "Operating Income": -116989000.0,
        "Operating Expense": 80433000.0,
        "Depreciation Amortization Depletion Income Statement": 19470000.0,
        "Depreciation And Amortization In Income Statement": 19470000.0,
        "Amortization": 19470000.0,
        "Amortization Of Intangibles Income Statement": 19470000.0,
        "Research And Development": 3845000.0,
        "Selling General And Administration": 57118000.0,
        "General And Administrative Expense": 57118000.0,
        "Other Gand A": 57118000.0,
        "Gross Profit": -36556000.0,
        "Cost Of Revenue": 181695000.0,
        "Total Revenue": 145139000.0,
        "Operating Revenue": 145139000.0
    },
    "2024-09-30": {
        "Tax Effect Of Unusual Items": -11148570.0,
        "Tax Rate For Calcs": 0.2826,
        "Normalized EBITDA": -30803000.0,
        "Total Unusual Items": -39450000.0,
        "Total Unusual Items Excluding Goodwill": -39450000.0,
        "Net Income From Continuing Operation Net Minority Interest": -124789000.0,
        "Reconciled Depreciation": 101355000.0,
        "Reconciled Cost Of Revenue": 97527000.0,
        "EBITDA": -70253000.0,
        "EBIT": -171608000.0,
        "Net Interest Income": 1552000.0,
        "Interest Expense": 2342000.0,
        "Interest Income": 3894000.0,
        "Normalized Income": -96487570.0,
        "Net Income From Continuing And Discontinued Operation": -124789000.0,
        "Total Expenses": 265420000.0,
        "Total Operating Income As Reported": -172223000.0,
        "Diluted Average Shares": 294942685.0,
        "Basic Average Shares": 294942685.0,
        "Diluted EPS": -0.42,
        "Basic EPS": -0.42,
        "Diluted NI Availto Com Stockholders": -124789000.0,
        "Net Income Common Stockholders": -124789000.0,
        "Otherunder Preferred Stock Dividend": 0.0,
        "Net Income": -124789000.0,
        "Net Income Including Noncontrolling Interests": -124789000.0,
        "Net Income Continuous Operations": -124789000.0,
        "Tax Provision": -49161000.0,
        "Pretax Income": -173950000.0,
        "Other Income Expense": -41729000.0,
        "Other Non Operating Income Expenses": -146000.0,
        "Special Income Charges": -10304000.0,
        "Gain On Sale Of Ppe": NaN,
        "Other Special Charges": 10304000.0,
        "Write Off": NaN,
        "Impairment Of Capital Assets": NaN,
        "Earnings From Equity Interest": -2133000.0,
        "Gain On Sale Of Security": -29146000.0,
        "Net Non Operating Interest Income Expense": 1552000.0,
        "Interest Expense Non Operating": 2342000.0,
        "Interest Income Non Operating": 3894000.0,
        "Operating Income": -133773000.0,
        "Operating Expense": 66757000.0,
        "Depreciation Amortization Depletion Income Statement": 219000.0,
        "Depreciation And Amortization In Income Statement": 219000.0,
        "Amortization": 219000.0,
        "Amortization Of Intangibles Income Statement": 219000.0,
        "Research And Development": 2813000.0,
        "Selling General And Administration": 63725000.0,
        "General And Administrative Expense": 63725000.0,
        "Other Gand A": 63725000.0,
        "Gross Profit": -67016000.0,
        "Cost Of Revenue": 198663000.0,
        "Total Revenue": 131647000.0,
        "Operating Revenue": 131647000.0
    }
}