{
    "2023-03-31": {
        "Tax Effect Of Unusual Items": 0.0,
        "Tax Rate For Calcs": 0.0,
        "Normalized EBITDA": -6572000.0,
        "Total Unusual Items": NaN,
        "Total Unusual Items Excluding Goodwill": NaN,
        "Net Income From Continuing Operation Net Minority Interest": -8162000.0,
        "Reconciled Depreciation": 46000.0,
        "Reconciled Cost Of Revenue": 455000.0,
        "EBITDA": -6572000.0,
        "EBIT": -6618000.0,
        "Net Interest Income": -5120000.0,
        "Interest Expense": 1544000.0,
        "Normalized Income": -8162000.0,
        "Net Income From Continuing And Discontinued Operation": -8162000.0,
        "Total Expenses": 3869000.0,
        "Total Operating Income As Reported": -3043000.0,
        "Diluted Average Shares": 13004071.0,
        "Basic Average Shares": 13004071.0,
        "Diluted EPS": -0.63,
        "Basic EPS": -0.63,
        "Diluted NI Availto Com Stockholders": -8162000.0,
        "Net Income Common Stockholders": -8162000.0,
        "Net Income": -8162000.0,
        "Net Income Including Noncontrolling Interests": -8162000.0,
        "Net Income Continuous Operations": -8162000.0,
        "Tax Provision": 0.0,
        "Pretax Income": -8162000.0,
        "Other Income Expense": 1000.0,
        "Other Non Operating Income Expenses": 1000.0,
        "Special Income Charges": NaN,
        "Write Off": NaN,
        "Gain On Sale Of Security": NaN,
        "Net Non Operating Interest Income Expense": -5120000.0,
        "Total Other Finance Cost": 3576000.0,
        "Interest Expense Non Operating": 1544000.0,
        "Operating Income": -3043000.0,
        "Operating Expense": 3414000.0,
        "Depreciation Amortization Depletion Income Statement": 46000.0,
        "Depreciation And Amortization In Income Statement": 46000.0,
        "Research And Development": 169000.0,
        "Selling General And Administration": 3199000.0,
        "Selling And Marketing Expense": 366000.0,
        "General And Administrative Expense": 2833000.0,
        "Other Gand A": 2833000.0,
        "Gross Profit": 371000.0,
        "Cost Of Revenue": 455000.0,
        "Total Revenue": 826000.0,
        "Operating Revenue": 826000.0
    },
    "2022-12-31": {
        "Tax Effect Of Unusual Items": 0.0,
        "Tax Rate For Calcs": 0.0,
        "Normalized EBITDA": -7808000.0,
        "Total Unusual Items": 0.0,
        "Total Unusual Items Excluding Goodwill": 0.0,
        "Net Income From Continuing Operation Net Minority Interest": -8601000.0,
        "Reconciled Depreciation": 45000.0,
        "Reconciled Cost Of Revenue": 2755000.0,
        "EBITDA": -7808000.0,
        "EBIT": -7853000.0,
        "Net Interest Income": -748000.0,
        "Interest Expense": 748000.0,
        "Normalized Income": -8601000.0,
        "Net Income From Continuing And Discontinued Operation": -8601000.0,
        "Total Expenses": 8063000.0,
        "Total Operating Income As Reported": -6434000.0,
        "Diluted Average Shares": 10935919.0,
        "Basic Average Shares": 10935919.0,
        "Diluted EPS": -0.72,
        "Basic EPS": -0.72,
        "Diluted NI Availto Com Stockholders": -8601000.0,
        "Net Income Common Stockholders": -8601000.0,
        "Net Income": -8601000.0,
        "Net Income Including Noncontrolling Interests": -8601000.0,
        "Net Income Continuous Operations": -8601000.0,
        "Tax Provision": 0.0,
        "Pretax Income": -8601000.0,
        "Other Income Expense": -1419000.0,
        "Other Non Operating Income Expenses": -1419000.0,
        "Special Income Charges": 0.0,
        "Write Off": NaN,
        "Gain On Sale Of Security": 0.0,
        "Net Non Operating Interest Income Expense": -748000.0,
        "Total Other Finance Cost": NaN,
        "Interest Expense Non Operating": 748000.0,
        "Operating Income": -6434000.0,
        "Operating Expense": 5308000.0,
        "Depreciation Amortization Depletion Income Statement": 45000.0,
        "Depreciation And Amortization In Income Statement": 45000.0,
        "Research And Development": 1097000.0,
        "Selling General And Administration": 4166000.0,
        "Selling And Marketing Expense": 365000.0,
        "General And Administrative Expense": 3801000.0,
        "Other Gand A": 3801000.0,
        "Gross Profit": -1126000.0,
        "Cost Of Revenue": 2755000.0,
        "Total Revenue": 1629000.0,
        "Operating Revenue": 1629000.0
    },
    "2022-09-30": {
        "Tax Effect Of Unusual Items": -350.610097,
        "Tax Rate For Calcs": 0.001008,
        "Normalized EBITDA": -7177000.0,
        "Total Unusual Items": -348000.0,
        "Total Unusual Items Excluding Goodwill": -348000.0,
        "Net Income From Continuing Operation Net Minority Interest": -8924000.0,
        "Reconciled Depreciation": 43000.0,
        "Reconciled Cost Of Revenue": 2459000.0,
        "EBITDA": -7525000.0,
        "EBIT": -7568000.0,
        "Net Interest Income": -1365000.0,
        "Interest Expense": 1365000.0,
        "Normalized Income": -8576350.610097,
        "Net Income From Continuing And Discontinued Operation": -8924000.0,
        "Total Expenses": 9539000.0,
        "Total Operating Income As Reported": -6727000.0,
        "Diluted Average Shares": 10529055.0,
        "Basic Average Shares": 10529055.0,
        "Diluted EPS": -0.8,
        "Basic EPS": -0.8,
        "Diluted NI Availto Com Stockholders": -8924000.0,
        "Net Income Common Stockholders": -8924000.0,
        "Net Income": -8924000.0,
        "Net Income Including Noncontrolling Interests": -8924000.0,
        "Net Income Continuous Operations": -8924000.0,
        "Tax Provision": -9000.0,
        "Pretax Income": -8933000.0,
        "Other Income Expense": -841000.0,
        "Other Non Operating Income Expenses": -493000.0,
        "Special Income Charges": 0.0,
        "Write Off": NaN,
        "Gain On Sale Of Security": -348000.0,
        "Net Non Operating Interest Income Expense": -1365000.0,
        "Total Other Finance Cost": NaN,
        "Interest Expense Non Operating": 1365000.0,
        "Operating Income": -6727000.0,
        "Operating Expense": 7080000.0,
        "Depreciation Amortization Depletion Income Statement": 43000.0,
        "Depreciation And Amortization In Income Statement": 43000.0,
        "Research And Development": 41000.0,
        "Selling General And Administration": 6996000.0,
        "Selling And Marketing Expense": 270000.0,
        "General And Administrative Expense": 6726000.0,
        "Other Gand A": 6726000.0,
        "Gross Profit": 353000.0,
        "Cost Of Revenue": 2459000.0,
        "Total Revenue": 2812000.0,
        "Operating Revenue": 2812000.0
    },
    "2022-06-30": {
        "Tax Effect Of Unusual Items": 0.0,
        "Tax Rate For Calcs": 0.0,
        "Normalized EBITDA": -3766000.0,
        "Total Unusual Items": -6952000.0,
        "Total Unusual Items Excluding Goodwill": -6952000.0,
        "Net Income From Continuing Operation Net Minority Interest": -12529000.0,
        "Reconciled Depreciation": 37000.0,
        "Reconciled Cost Of Revenue": 1847000.0,
        "EBITDA": -10718000.0,
        "EBIT": -10755000.0,
        "Net Interest Income": -1774000.0,
        "Interest Expense": 1774000.0,
        "Normalized Income": -5577000.0,
        "Net Income From Continuing And Discontinued Operation": -12529000.0,
        "Total Expenses": 6513000.0,
        "Total Operating Income As Reported": -3955000.0,
        "Diluted Average Shares": 10515777.0,
        "Basic Average Shares": 10515777.0,
        "Diluted EPS": -1.19,
        "Basic EPS": -1.19,
        "Diluted NI Availto Com Stockholders": -12529000.0,
        "Net Income Common Stockholders": -12529000.0,
        "Net Income": -12529000.0,
        "Net Income Including Noncontrolling Interests": -12529000.0,
        "Net Income Continuous Operations": -12529000.0,
        "Tax Provision": 0.0,
        "Pretax Income": -12529000.0,
        "Other Income Expense": -6800000.0,
        "Other Non Operating Income Expenses": 152000.0,
        "Special Income Charges": NaN,
        "Write Off": NaN,
        "Gain On Sale Of Security": -6952000.0,
        "Net Non Operating Interest Income Expense": -1774000.0,
        "Total Other Finance Cost": NaN,
        "Interest Expense Non Operating": 1774000.0,
        "Operating Income": -3955000.0,
        "Operating Expense": 4666000.0,
        "Depreciation Amortization Depletion Income Statement": 37000.0,
        "Depreciation And Amortization In Income Statement": 37000.0,
        "Research And Development": 508000.0,
        "Selling General And Administration": 4121000.0,
        "Selling And Marketing Expense": 188000.0,
        "General And Administrative Expense": 3933000.0,
        "Other Gand A": 3933000.0,
        "Gross Profit": 711000.0,
        "Cost Of Revenue": 1847000.0,
        "Total Revenue": 2558000.0,
        "Operating Revenue": 2558000.0
    },
    "2022-03-31": {
        "Diluted EPS": 1.53,
        "Total Revenue": NaN,
        "Gross Profit": 72,
        "Operating Income": 44,
        "EBIT": 52,
        "Net Income": 37
    },
    "2021-12-31": {
        "Diluted EPS": 1.3,
        "Total Revenue": NaN,
        "Gross Profit": 66,
        "Operating Income": 39,
        "EBIT": 48,
        "Net Income": 32
    },
    "2021-09-30": {
        "Diluted EPS": 1.08,
        "Total Revenue": NaN,
        "Gross Profit": 56,
        "Operating Income": 31,
        "EBIT": 40,
        "Net Income": 26
    },
    "2021-06-30": {
        "Diluted EPS": 2.36,
        "Total Revenue": NaN,
        "Gross Profit": 87,
        "Operating Income": 62,
        "EBIT": 71,
        "Net Income": 51
    },
    "2021-03-31": {
        "Diluted EPS": 4.42,
        "Total Revenue": NaN,
        "Gross Profit": 68,
        "Operating Income": 80,
        "EBIT": 82,
        "Net Income": 77
    },
    "2020-12-31": {
        "Diluted EPS": 0.58,
        "Total Revenue": NaN,
        "Gross Profit": 19,
        "Operating Income": 10,
        "EBIT": 11,
        "Net Income": 9
    },
    "2020-09-30": {
        "Diluted EPS": 1.55,
        "Total Revenue": NaN,
        "Gross Profit": 36,
        "Operating Income": 26,
        "EBIT": 27,
        "Net Income": 23
    },
    "2020-06-30": {
        "Diluted EPS": 1.26,
        "Total Revenue": NaN,
        "Gross Profit": 28,
        "Operating Income": 18,
        "EBIT": 19,
        "Net Income": 18
    },
    "2020-03-31": {
        "Diluted EPS": 0.81,
        "Total Revenue": NaN,
        "Gross Profit": 22,
        "Operating Income": 12,
        "EBIT": 13,
        "Net Income": 11
    },
    "2019-12-31": {
        "Diluted EPS": 0.09,
        "Total Revenue": NaN,
        "Gross Profit": 8,
        "Operating Income": 0,
        "EBIT": 1,
        "Net Income": 1
    },
    "2019-09-30": {
        "Diluted EPS": 0.01,
        "Total Revenue": NaN,
        "Gross Profit": 8,
        "Operating Income": 0,
        "EBIT": 1,
        "Net Income": 0
    },
    "2019-06-30": {
        "Diluted EPS": -0.06,
        "Total Revenue": 850,
        "Gross Profit": 6,
        "Operating Income": -2,
        "EBIT": -1,
        "Net Income": -1
    },
    "2019-03-31": {
        "Diluted EPS": 0.07,
        "Total Revenue": NaN,
        "Gross Profit": 9,
        "Operating Income": 0,
        "EBIT": 1,
        "Net Income": 1
    },
    "2018-12-31": {
        "Diluted EPS": 0.04,
        "Total Revenue": NaN,
        "Gross Profit": 8,
        "Operating Income": 0,
        "EBIT": 1,
        "Net Income": 1
    },
    "2018-09-30": {
        "Diluted EPS": 0.11,
        "Total Revenue": NaN,
        "Gross Profit": 8,
        "Operating Income": 1,
        "EBIT": 2,
        "Net Income": 1
    },
    "2018-06-30": {
        "Diluted EPS": -0.22,
        "Total Revenue": NaN,
        "Gross Profit": 6,
        "Operating Income": -5,
        "EBIT": -1,
        "Net Income": -3
    },
    "2018-03-31": {
        "Diluted EPS": -0.05,
        "Total Revenue": NaN,
        "Gross Profit": 7,
        "Operating Income": -2,
        "EBIT": -1,
        "Net Income": -1
    },
    "2017-12-31": {
        "Diluted EPS": -0.02,
        "Total Revenue": NaN,
        "Gross Profit": 9,
        "Operating Income": 0,
        "EBIT": 1,
        "Net Income": 0
    },
    "2017-09-30": {
        "Diluted EPS": 0.04,
        "Total Revenue": NaN,
        "Gross Profit": 7,
        "Operating Income": 0,
        "EBIT": 1,
        "Net Income": 0
    },
    "2017-06-30": {
        "Diluted EPS": 0.09,
        "Total Revenue": NaN,
        "Gross Profit": 6,
        "Operating Income": 1,
        "EBIT": 1,
        "Net Income": 1
    },
    "2017-03-31": {
        "Diluted EPS": 0.08,
        "Total Revenue": NaN,
        "Gross Profit": 7,
        "Operating Income": 1,
        "EBIT": 2,
        "Net Income": 1
    },
    "2016-12-31": {
        "Diluted EPS": 0.2,
        "Total Revenue": NaN,
        "Gross Profit": 10,
        "Operating Income": 4,
        "EBIT": 4,
        "Net Income": 3
    },
    "2016-09-30": {
        "Diluted EPS": 0.14,
        "Total Revenue": NaN,
        "Gross Profit": 8,
        "Operating Income": 2,
        "EBIT": 3,
        "Net Income": 2
    },
    "2016-06-30": {
        "Diluted EPS": 0.07,
        "Total Revenue": NaN,
        "Gross Profit": 8,
        "Operating Income": 2,
        "EBIT": 2,
        "Net Income": 1
    },
    "2016-03-31": {
        "Diluted EPS": 0.09,
        "Total Revenue": NaN,
        "Gross Profit": 7,
        "Operating Income": 1,
        "EBIT": 2,
        "Net Income": 1
    },
    "2015-12-31": {
        "Diluted EPS": 0.1,
        "Total Revenue": NaN,
        "Gross Profit": 6,
        "Operating Income": 1,
        "EBIT": 1,
        "Net Income": 1
    },
    "2015-09-30": {
        "Diluted EPS": 0.4,
        "Total Revenue": NaN,
        "Gross Profit": 14,
        "Operating Income": 8,
        "EBIT": 8,
        "Net Income": 6
    },
    "2015-06-30": {
        "Diluted EPS": 0.18,
        "Total Revenue": NaN,
        "Gross Profit": 6,
        "Operating Income": 2,
        "EBIT": 2,
        "Net Income": 3
    },
    "2015-03-31": {
        "Diluted EPS": 0.12,
        "Total Revenue": NaN,
        "Gross Profit": 6,
        "Operating Income": 2,
        "EBIT": 2,
        "Net Income": 2
    },
    "2014-12-31": {
        "Diluted EPS": 0.12,
        "Total Revenue": NaN,
        "Gross Profit": 7,
        "Operating Income": 2,
        "EBIT": 3,
        "Net Income": 2
    },
    "2014-09-30": {
        "Diluted EPS": 0.08,
        "Total Revenue": NaN,
        "Gross Profit": 6,
        "Operating Income": 2,
        "EBIT": 2,
        "Net Income": 1
    },
    "2014-06-30": {
        "Diluted EPS": 0.11,
        "Total Revenue": NaN,
        "Gross Profit": 5,
        "Operating Income": 2,
        "EBIT": 2,
        "Net Income": 2
    },
    "2014-03-31": {
        "Diluted EPS": 0.14,
        "Total Revenue": NaN,
        "Gross Profit": 8,
        "Operating Income": 3,
        "EBIT": 3,
        "Net Income": 2
    },
    "2013-12-31": {
        "Diluted EPS": 0.15,
        "Total Revenue": NaN,
        "Gross Profit": 8,
        "Operating Income": 3,
        "EBIT": 4,
        "Net Income": 2
    },
    "2013-09-30": {
        "Diluted EPS": 0.15,
        "Total Revenue": NaN,
        "Gross Profit": 7,
        "Operating Income": 3,
        "EBIT": 4,
        "Net Income": 2
    },
    "2013-06-30": {
        "Diluted EPS": 0.0,
        "Total Revenue": NaN,
        "Gross Profit": NaN,
        "Operating Income": NaN,
        "EBIT": NaN,
        "Net Income": NaN
    },
    "2013-03-31": {
        "Diluted EPS": 0.17,
        "Total Revenue": NaN,
        "Gross Profit": 8,
        "Operating Income": 4,
        "EBIT": 4,
        "Net Income": 3
    },
    "2012-12-31": {
        "Diluted EPS": 0.16,
        "Total Revenue": NaN,
        "Gross Profit": 6,
        "Operating Income": 3,
        "EBIT": 3,
        "Net Income": 2
    },
    "2012-06-30": {
        "Diluted EPS": 0.0,
        "Total Revenue": NaN,
        "Gross Profit": NaN,
        "Operating Income": NaN,
        "EBIT": NaN,
        "Net Income": NaN
    },
    "2023-06-30": {
        "Tax Effect Of Unusual Items": 0.0,
        "Tax Rate For Calcs": 0.0,
        "Normalized EBITDA": -4599000.0,
        "Total Unusual Items": -392000.0,
        "Total Unusual Items Excluding Goodwill": -392000.0,
        "Net Income From Continuing Operation Net Minority Interest": -5874000.0,
        "Reconciled Depreciation": 25000.0,
        "Reconciled Cost Of Revenue": 2511000.0,
        "EBITDA": -4991000.0,
        "EBIT": -5016000.0,
        "Net Interest Income": -1908000.0,
        "Interest Expense": 858000.0,
        "Normalized Income": -5482000.0,
        "Net Income From Continuing And Discontinued Operation": -5874000.0,
        "Total Expenses": 6734000.0,
        "Total Operating Income As Reported": -3959000.0,
        "Diluted Average Shares": 14132862.0,
        "Basic Average Shares": 14132862.0,
        "Diluted EPS": -0.42,
        "Basic EPS": -0.42,
        "Diluted NI Availto Com Stockholders": -5874000.0,
        "Net Income Common Stockholders": -5874000.0,
        "Net Income": -5874000.0,
        "Net Income Including Noncontrolling Interests": -5874000.0,
        "Net Income Continuous Operations": -5874000.0,
        "Tax Provision": NaN,
        "Pretax Income": -5874000.0,
        "Other Income Expense": -399000.0,
        "Other Non Operating Income Expenses": -7000.0,
        "Special Income Charges": -392000.0,
        "Write Off": 392000.0,
        "Gain On Sale Of Security": NaN,
        "Net Non Operating Interest Income Expense": -1908000.0,
        "Total Other Finance Cost": 1050000.0,
        "Interest Expense Non Operating": 858000.0,
        "Operating Income": -3567000.0,
        "Operating Expense": 4223000.0,
        "Depreciation Amortization Depletion Income Statement": 25000.0,
        "Depreciation And Amortization In Income Statement": 25000.0,
        "Research And Development": 567000.0,
        "Selling General And Administration": 3631000.0,
        "Selling And Marketing Expense": 387000.0,
        "General And Administrative Expense": 3244000.0,
        "Other Gand A": 3244000.0,
        "Gross Profit": 656000.0,
        "Cost Of Revenue": 2511000.0,
        "Total Revenue": 3167000.0,
        "Operating Revenue": 3167000.0
    },
    "2023-09-30": {
        "Tax Effect Of Unusual Items": 0.0,
        "Tax Rate For Calcs": 0.0,
        "Normalized EBITDA": -6116000.0,
        "Total Unusual Items": 0.0,
        "Total Unusual Items Excluding Goodwill": 0.0,
        "Net Income From Continuing Operation Net Minority Interest": -7172000.0,
        "Reconciled Depreciation": 107000.0,
        "Reconciled Cost Of Revenue": 254000.0,
        "EBITDA": -6116000.0,
        "EBIT": -6223000.0,
        "Net Interest Income": -3035000.0,
        "Interest Expense": 949000.0,
        "Normalized Income": -7172000.0,
        "Net Income From Continuing And Discontinued Operation": -7172000.0,
        "Total Expenses": 4312000.0,
        "Total Operating Income As Reported": -4129000.0,
        "Diluted Average Shares": 18377384.0,
        "Basic Average Shares": 18377384.0,
        "Diluted EPS": -0.39,
        "Basic EPS": -0.39,
        "Diluted NI Availto Com Stockholders": -7172000.0,
        "Net Income Common Stockholders": -7172000.0,
        "Net Income": -7172000.0,
        "Net Income Including Noncontrolling Interests": -7172000.0,
        "Net Income Continuous Operations": -7172000.0,
        "Tax Provision": 0.0,
        "Pretax Income": -7172000.0,
        "Other Income Expense": -8000.0,
        "Other Non Operating Income Expenses": -8000.0,
        "Special Income Charges": 0.0,
        "Write Off": 0.0,
        "Gain On Sale Of Security": NaN,
        "Net Non Operating Interest Income Expense": -3035000.0,
        "Total Other Finance Cost": 2086000.0,
        "Interest Expense Non Operating": 949000.0,
        "Operating Income": -4129000.0,
        "Operating Expense": 4058000.0,
        "Depreciation Amortization Depletion Income Statement": 107000.0,
        "Depreciation And Amortization In Income Statement": 107000.0,
        "Research And Development": 768000.0,
        "Selling General And Administration": 3183000.0,
        "Selling And Marketing Expense": 340000.0,
        "General And Administrative Expense": 2843000.0,
        "Other Gand A": 2843000.0,
        "Gross Profit": -71000.0,
        "Cost Of Revenue": 254000.0,
        "Total Revenue": 183000.0,
        "Operating Revenue": 183000.0
    }
}