{
    "2023-03-31": {
        "Tax Effect Of Unusual Items": NaN,
        "Tax Rate For Calcs": NaN,
        "Normalized EBITDA": NaN,
        "Total Unusual Items": NaN,
        "Total Unusual Items Excluding Goodwill": NaN,
        "Net Income From Continuing Operation Net Minority Interest": NaN,
        "Reconciled Depreciation": NaN,
        "EBITDA": NaN,
        "EBIT": NaN,
        "Net Interest Income": NaN,
        "Interest Expense": NaN,
        "Interest Income": NaN,
        "Normalized Income": NaN,
        "Net Income From Continuing And Discontinued Operation": NaN,
        "Total Expenses": NaN,
        "Total Operating Income As Reported": NaN,
        "Diluted Average Shares": 8093662.0,
        "Basic Average Shares": 8093662.0,
        "Diluted EPS": -2.06,
        "Basic EPS": -2.06,
        "Diluted NI Availto Com Stockholders": NaN,
        "Net Income Common Stockholders": NaN,
        "Net Income": NaN,
        "Net Income Including Noncontrolling Interests": NaN,
        "Net Income Continuous Operations": NaN,
        "Pretax Income": NaN,
        "Other Income Expense": 351000.0,
        "Other Non Operating Income Expenses": 351000.0,
        "Special Income Charges": NaN,
        "Gain On Sale Of Ppe": NaN,
        "Other Special Charges": NaN,
        "Write Off": NaN,
        "Net Non Operating Interest Income Expense": NaN,
        "Interest Expense Non Operating": NaN,
        "Interest Income Non Operating": NaN,
        "Operating Income": NaN,
        "Operating Expense": NaN,
        "Other Operating Expenses": -351000.0,
        "Research And Development": NaN,
        "Selling General And Administration": NaN,
        "General And Administrative Expense": NaN,
        "Other Gand A": NaN,
        "Total Revenue": NaN,
        "Operating Revenue": NaN
    },
    "2022-12-31": {
        "Tax Effect Of Unusual Items": NaN,
        "Tax Rate For Calcs": NaN,
        "Normalized EBITDA": NaN,
        "Total Unusual Items": NaN,
        "Total Unusual Items Excluding Goodwill": NaN,
        "Net Income From Continuing Operation Net Minority Interest": NaN,
        "Reconciled Depreciation": NaN,
        "EBITDA": NaN,
        "EBIT": NaN,
        "Net Interest Income": NaN,
        "Interest Expense": NaN,
        "Interest Income": NaN,
        "Normalized Income": NaN,
        "Net Income From Continuing And Discontinued Operation": NaN,
        "Total Expenses": NaN,
        "Total Operating Income As Reported": NaN,
        "Diluted Average Shares": NaN,
        "Basic Average Shares": NaN,
        "Diluted EPS": NaN,
        "Basic EPS": NaN,
        "Diluted NI Availto Com Stockholders": NaN,
        "Net Income Common Stockholders": NaN,
        "Net Income": NaN,
        "Net Income Including Noncontrolling Interests": NaN,
        "Net Income Continuous Operations": NaN,
        "Pretax Income": NaN,
        "Other Income Expense": NaN,
        "Other Non Operating Income Expenses": NaN,
        "Special Income Charges": NaN,
        "Gain On Sale Of Ppe": NaN,
        "Other Special Charges": NaN,
        "Write Off": NaN,
        "Net Non Operating Interest Income Expense": NaN,
        "Interest Expense Non Operating": NaN,
        "Interest Income Non Operating": NaN,
        "Operating Income": NaN,
        "Operating Expense": NaN,
        "Other Operating Expenses": -635000.0,
        "Research And Development": NaN,
        "Selling General And Administration": NaN,
        "General And Administrative Expense": NaN,
        "Other Gand A": NaN,
        "Total Revenue": NaN,
        "Operating Revenue": NaN
    },
    "2022-09-30": {
        "Tax Effect Of Unusual Items": NaN,
        "Tax Rate For Calcs": NaN,
        "Normalized EBITDA": NaN,
        "Total Unusual Items": 0.0,
        "Total Unusual Items Excluding Goodwill": 0.0,
        "Net Income From Continuing Operation Net Minority Interest": NaN,
        "Reconciled Depreciation": NaN,
        "EBITDA": NaN,
        "EBIT": NaN,
        "Net Interest Income": NaN,
        "Interest Expense": NaN,
        "Interest Income": NaN,
        "Normalized Income": NaN,
        "Net Income From Continuing And Discontinued Operation": NaN,
        "Total Expenses": NaN,
        "Total Operating Income As Reported": NaN,
        "Diluted Average Shares": 7850208.0,
        "Basic Average Shares": 7850208.0,
        "Diluted EPS": -2.42,
        "Basic EPS": -2.42,
        "Diluted NI Availto Com Stockholders": NaN,
        "Net Income Common Stockholders": NaN,
        "Net Income": NaN,
        "Net Income Including Noncontrolling Interests": NaN,
        "Net Income Continuous Operations": NaN,
        "Pretax Income": NaN,
        "Other Income Expense": 669000.0,
        "Other Non Operating Income Expenses": 669000.0,
        "Special Income Charges": 0.0,
        "Gain On Sale Of Ppe": 0.0,
        "Net Non Operating Interest Income Expense": NaN,
        "Interest Expense Non Operating": NaN,
        "Interest Income Non Operating": NaN,
        "Operating Income": NaN,
        "Operating Expense": NaN,
        "Other Operating Expenses": -669000.0,
        "Research And Development": NaN,
        "Selling General And Administration": NaN,
        "General And Administrative Expense": NaN,
        "Other Gand A": NaN,
        "Total Revenue": NaN,
        "Operating Revenue": NaN
    },
    "2022-06-30": {
        "Tax Effect Of Unusual Items": 0.0,
        "Tax Rate For Calcs": 0.0,
        "Normalized EBITDA": -17465000.0,
        "Net Income From Continuing Operation Net Minority Interest": -19099000.0,
        "Reconciled Depreciation": 699000.0,
        "EBITDA": -17465000.0,
        "EBIT": -18164000.0,
        "Net Interest Income": -858000.0,
        "Interest Expense": 935000.0,
        "Interest Income": 77000.0,
        "Normalized Income": -19099000.0,
        "Net Income From Continuing And Discontinued Operation": -19099000.0,
        "Total Expenses": 18241000.0,
        "Total Operating Income As Reported": -18241000.0,
        "Diluted Average Shares": 7652170.0,
        "Basic Average Shares": 7652170.0,
        "Diluted EPS": -2.5,
        "Basic EPS": -2.5,
        "Diluted NI Availto Com Stockholders": -19099000.0,
        "Net Income Common Stockholders": -19099000.0,
        "Net Income": -19099000.0,
        "Net Income Including Noncontrolling Interests": -19099000.0,
        "Net Income Continuous Operations": -19099000.0,
        "Pretax Income": -19099000.0,
        "Other Income Expense": NaN,
        "Other Non Operating Income Expenses": NaN,
        "Net Non Operating Interest Income Expense": -858000.0,
        "Interest Expense Non Operating": 935000.0,
        "Interest Income Non Operating": 77000.0,
        "Operating Income": -18241000.0,
        "Operating Expense": 18241000.0,
        "Other Operating Expenses": NaN,
        "Research And Development": 15164000.0,
        "Selling General And Administration": 3077000.0,
        "General And Administrative Expense": 3077000.0,
        "Other Gand A": 3077000.0,
        "Total Revenue": 0.0,
        "Operating Revenue": 0.0
    },
    "2022-03-31": {
        "Diluted EPS": -2.71,
        "Total Revenue": NaN,
        "Gross Profit": NaN,
        "Operating Income": -20,
        "EBIT": -19,
        "Net Income": -20
    },
    "2021-12-31": {
        "Diluted EPS": -3.3,
        "Total Revenue": NaN,
        "Gross Profit": NaN,
        "Operating Income": -20,
        "EBIT": -19,
        "Net Income": -20
    },
    "2021-09-30": {
        "Diluted EPS": -2.85,
        "Total Revenue": NaN,
        "Gross Profit": NaN,
        "Operating Income": -17,
        "EBIT": -16,
        "Net Income": -17
    },
    "2021-06-30": {
        "Diluted EPS": -2.4,
        "Total Revenue": NaN,
        "Gross Profit": NaN,
        "Operating Income": -14,
        "EBIT": -14,
        "Net Income": -14
    },
    "2021-03-31": {
        "Diluted EPS": -2.85,
        "Total Revenue": NaN,
        "Gross Profit": NaN,
        "Operating Income": -15,
        "EBIT": -15,
        "Net Income": -15
    },
    "2020-12-31": {
        "Diluted EPS": -4.65,
        "Total Revenue": NaN,
        "Gross Profit": NaN,
        "Operating Income": -21,
        "EBIT": -20,
        "Net Income": -21
    },
    "2020-09-30": {
        "Diluted EPS": -3.45,
        "Total Revenue": NaN,
        "Gross Profit": NaN,
        "Operating Income": -10,
        "EBIT": -8,
        "Net Income": -13
    },
    "2020-06-30": {
        "Diluted EPS": -4.8,
        "Total Revenue": NaN,
        "Gross Profit": NaN,
        "Operating Income": -14,
        "EBIT": -13,
        "Net Income": -15
    },
    "2020-03-31": {
        "Diluted EPS": -4.2,
        "Total Revenue": NaN,
        "Gross Profit": NaN,
        "Operating Income": -12,
        "EBIT": -11,
        "Net Income": -12
    },
    "2019-12-31": {
        "Diluted EPS": -6.15,
        "Total Revenue": NaN,
        "Gross Profit": NaN,
        "Operating Income": -16,
        "EBIT": -15,
        "Net Income": -16
    },
    "2019-09-30": {
        "Diluted EPS": -3.75,
        "Total Revenue": NaN,
        "Gross Profit": NaN,
        "Operating Income": -10,
        "EBIT": -9,
        "Net Income": -10
    },
    "2019-06-30": {
        "Diluted EPS": -4.35,
        "Total Revenue": NaN,
        "Gross Profit": NaN,
        "Operating Income": -10,
        "EBIT": -10,
        "Net Income": -10
    },
    "2019-03-31": {
        "Diluted EPS": -5.1,
        "Total Revenue": NaN,
        "Gross Profit": NaN,
        "Operating Income": -10,
        "EBIT": -9,
        "Net Income": -10
    },
    "2018-12-31": {
        "Diluted EPS": -6.45,
        "Total Revenue": NaN,
        "Gross Profit": NaN,
        "Operating Income": -12,
        "EBIT": -12,
        "Net Income": -12
    },
    "2018-09-30": {
        "Diluted EPS": -4.2,
        "Total Revenue": NaN,
        "Gross Profit": NaN,
        "Operating Income": -8,
        "EBIT": -7,
        "Net Income": -8
    },
    "2018-06-30": {
        "Diluted EPS": -2.85,
        "Total Revenue": NaN,
        "Gross Profit": NaN,
        "Operating Income": -5,
        "EBIT": -5,
        "Net Income": -5
    },
    "2018-03-31": {
        "Diluted EPS": -3.6,
        "Total Revenue": NaN,
        "Gross Profit": NaN,
        "Operating Income": -6,
        "EBIT": -6,
        "Net Income": -6
    },
    "2017-12-31": {
        "Diluted EPS": -9.3,
        "Total Revenue": NaN,
        "Gross Profit": NaN,
        "Operating Income": -16,
        "EBIT": -16,
        "Net Income": -16
    },
    "2017-09-30": {
        "Diluted EPS": -4.05,
        "Total Revenue": NaN,
        "Gross Profit": NaN,
        "Operating Income": -7,
        "EBIT": -7,
        "Net Income": -7
    },
    "2017-06-30": {
        "Diluted EPS": -3.15,
        "Total Revenue": NaN,
        "Gross Profit": NaN,
        "Operating Income": -6,
        "EBIT": -6,
        "Net Income": -6
    },
    "2017-03-31": {
        "Diluted EPS": -2.1,
        "Total Revenue": NaN,
        "Gross Profit": NaN,
        "Operating Income": -3,
        "EBIT": -3,
        "Net Income": -3
    },
    "2016-12-31": {
        "Diluted EPS": -11.39,
        "Total Revenue": NaN,
        "Gross Profit": NaN,
        "Operating Income": -8,
        "EBIT": -7,
        "Net Income": -9
    },
    "2016-09-30": {
        "Diluted EPS": -2.85,
        "Total Revenue": NaN,
        "Gross Profit": NaN,
        "Operating Income": -2,
        "EBIT": -2,
        "Net Income": -2
    },
    "2016-06-30": {
        "Diluted EPS": -1.65,
        "Total Revenue": NaN,
        "Gross Profit": NaN,
        "Operating Income": -1,
        "EBIT": -1,
        "Net Income": -1
    },
    "2016-03-31": {
        "Diluted EPS": -1.35,
        "Total Revenue": NaN,
        "Gross Profit": NaN,
        "Operating Income": -1,
        "EBIT": -1,
        "Net Income": -1
    },
    "2015-12-31": {
        "Diluted EPS": 0.0,
        "Total Revenue": NaN,
        "Gross Profit": NaN,
        "Operating Income": NaN,
        "EBIT": NaN,
        "Net Income": NaN
    },
    "2015-09-30": {
        "Diluted EPS": -1.05,
        "Total Revenue": NaN,
        "Gross Profit": NaN,
        "Operating Income": -1,
        "EBIT": -1,
        "Net Income": -1
    },
    "2023-06-30": {
        "Tax Effect Of Unusual Items": 0.0,
        "Tax Rate For Calcs": 0.0,
        "Normalized EBITDA": -12666000.0,
        "Total Unusual Items": -2795000.0,
        "Total Unusual Items Excluding Goodwill": -2795000.0,
        "Net Income From Continuing Operation Net Minority Interest": -16235000.0,
        "Reconciled Depreciation": 637000.0,
        "EBITDA": -15461000.0,
        "EBIT": -16098000.0,
        "Net Interest Income": 22000.0,
        "Interest Expense": 137000.0,
        "Interest Income": 159000.0,
        "Normalized Income": -13440000.0,
        "Net Income From Continuing And Discontinued Operation": -16235000.0,
        "Total Expenses": 13891000.0,
        "Total Operating Income As Reported": -13891000.0,
        "Diluted Average Shares": 8127473.0,
        "Basic Average Shares": 8127473.0,
        "Diluted EPS": -2.0,
        "Basic EPS": -2.0,
        "Diluted NI Availto Com Stockholders": -16235000.0,
        "Net Income Common Stockholders": -16235000.0,
        "Net Income": -16235000.0,
        "Net Income Including Noncontrolling Interests": -16235000.0,
        "Net Income Continuous Operations": -16235000.0,
        "Pretax Income": -16235000.0,
        "Other Income Expense": -2366000.0,
        "Other Non Operating Income Expenses": 429000.0,
        "Special Income Charges": -2795000.0,
        "Gain On Sale Of Ppe": NaN,
        "Other Special Charges": 2795000.0,
        "Write Off": 0.0,
        "Net Non Operating Interest Income Expense": 22000.0,
        "Interest Expense Non Operating": 137000.0,
        "Interest Income Non Operating": 159000.0,
        "Operating Income": -13891000.0,
        "Operating Expense": 13891000.0,
        "Other Operating Expenses": NaN,
        "Research And Development": 10836000.0,
        "Selling General And Administration": 3055000.0,
        "General And Administrative Expense": 3055000.0,
        "Other Gand A": 3055000.0,
        "Total Revenue": 0.0,
        "Operating Revenue": 0.0
    },
    "2023-09-30": {
        "Tax Effect Of Unusual Items": 0.0,
        "Tax Rate For Calcs": 0.0,
        "Normalized EBITDA": -11038000.0,
        "Total Unusual Items": 1351000.0,
        "Total Unusual Items Excluding Goodwill": 1351000.0,
        "Net Income From Continuing Operation Net Minority Interest": -10058000.0,
        "Reconciled Depreciation": 367000.0,
        "EBITDA": -9687000.0,
        "EBIT": -10054000.0,
        "Net Interest Income": 111000.0,
        "Interest Expense": 4000.0,
        "Interest Income": 115000.0,
        "Normalized Income": -11409000.0,
        "Net Income From Continuing And Discontinued Operation": -10058000.0,
        "Total Expenses": 11658000.0,
        "Total Operating Income As Reported": -10307000.0,
        "Diluted Average Shares": 8171582.0,
        "Basic Average Shares": 8171582.0,
        "Diluted EPS": -1.23,
        "Basic EPS": -1.23,
        "Diluted NI Availto Com Stockholders": -10058000.0,
        "Net Income Common Stockholders": -10058000.0,
        "Net Income": -10058000.0,
        "Net Income Including Noncontrolling Interests": -10058000.0,
        "Net Income Continuous Operations": -10058000.0,
        "Pretax Income": -10058000.0,
        "Other Income Expense": 1489000.0,
        "Other Non Operating Income Expenses": 138000.0,
        "Special Income Charges": 1351000.0,
        "Gain On Sale Of Ppe": 1351000.0,
        "Other Special Charges": NaN,
        "Write Off": NaN,
        "Net Non Operating Interest Income Expense": 111000.0,
        "Interest Expense Non Operating": 4000.0,
        "Interest Income Non Operating": 115000.0,
        "Operating Income": -11658000.0,
        "Operating Expense": 11658000.0,
        "Other Operating Expenses": NaN,
        "Research And Development": 9527000.0,
        "Selling General And Administration": 2131000.0,
        "General And Administrative Expense": 2131000.0,
        "Other Gand A": 2131000.0,
        "Total Revenue": 0.0,
        "Operating Revenue": 0.0
    },
    "2023-12-31": {
        "Tax Effect Of Unusual Items": 0.0,
        "Tax Rate For Calcs": 0.0,
        "Normalized EBITDA": -8371000.0,
        "Total Unusual Items": -2680000.0,
        "Total Unusual Items Excluding Goodwill": -2680000.0,
        "Net Income From Continuing Operation Net Minority Interest": -8616000.0,
        "Reconciled Depreciation": 363000.0,
        "EBITDA": -11051000.0,
        "EBIT": -11414000.0,
        "Net Interest Income": 2921000.0,
        "Interest Expense": -2798000.0,
        "Interest Income": 123000.0,
        "Normalized Income": -5936000.0,
        "Net Income From Continuing And Discontinued Operation": -8616000.0,
        "Total Expenses": 8856000.0,
        "Total Operating Income As Reported": -8741000.0,
        "Diluted Average Shares": NaN,
        "Basic Average Shares": NaN,
        "Diluted EPS": NaN,
        "Basic EPS": NaN,
        "Diluted NI Availto Com Stockholders": -8616000.0,
        "Net Income Common Stockholders": -8616000.0,
        "Net Income": -8616000.0,
        "Net Income Including Noncontrolling Interests": -8616000.0,
        "Net Income Continuous Operations": -8616000.0,
        "Pretax Income": -8616000.0,
        "Other Income Expense": -2681000.0,
        "Other Non Operating Income Expenses": -1000.0,
        "Special Income Charges": -2680000.0,
        "Gain On Sale Of Ppe": 115000.0,
        "Other Special Charges": NaN,
        "Write Off": NaN,
        "Net Non Operating Interest Income Expense": 2921000.0,
        "Interest Expense Non Operating": -2798000.0,
        "Interest Income Non Operating": 123000.0,
        "Operating Income": -8856000.0,
        "Operating Expense": 8856000.0,
        "Other Operating Expenses": NaN,
        "Research And Development": 6677000.0,
        "Selling General And Administration": 2179000.0,
        "General And Administrative Expense": 2179000.0,
        "Other Gand A": 2179000.0,
        "Total Revenue": 0.0,
        "Operating Revenue": 0.0
    },
    "2024-03-31": {
        "Tax Effect Of Unusual Items": 0.0,
        "Tax Rate For Calcs": 0.0,
        "Normalized EBITDA": -4494000.0,
        "Total Unusual Items": NaN,
        "Total Unusual Items Excluding Goodwill": NaN,
        "Net Income From Continuing Operation Net Minority Interest": -5191000.0,
        "Reconciled Depreciation": 696000.0,
        "EBITDA": -4494000.0,
        "EBIT": -5190000.0,
        "Net Interest Income": 40000.0,
        "Interest Expense": 1000.0,
        "Interest Income": 41000.0,
        "Normalized Income": -5191000.0,
        "Net Income From Continuing And Discontinued Operation": -5191000.0,
        "Total Expenses": 5231000.0,
        "Total Operating Income As Reported": -5231000.0,
        "Diluted Average Shares": 11253767.0,
        "Basic Average Shares": 11253767.0,
        "Diluted EPS": -0.46,
        "Basic EPS": -0.46,
        "Diluted NI Availto Com Stockholders": -5191000.0,
        "Net Income Common Stockholders": -5191000.0,
        "Net Income": -5191000.0,
        "Net Income Including Noncontrolling Interests": -5191000.0,
        "Net Income Continuous Operations": -5191000.0,
        "Pretax Income": -5191000.0,
        "Other Income Expense": NaN,
        "Other Non Operating Income Expenses": NaN,
        "Special Income Charges": NaN,
        "Gain On Sale Of Ppe": NaN,
        "Other Special Charges": NaN,
        "Write Off": NaN,
        "Net Non Operating Interest Income Expense": 40000.0,
        "Interest Expense Non Operating": 1000.0,
        "Interest Income Non Operating": 41000.0,
        "Operating Income": -5231000.0,
        "Operating Expense": 5231000.0,
        "Other Operating Expenses": NaN,
        "Research And Development": 3804000.0,
        "Selling General And Administration": 1427000.0,
        "General And Administrative Expense": 1427000.0,
        "Other Gand A": 1427000.0,
        "Total Revenue": 0.0,
        "Operating Revenue": 0.0
    },
    "2024-06-30": {
        "Tax Effect Of Unusual Items": 0.0,
        "Tax Rate For Calcs": 0.0,
        "Normalized EBITDA": -5547000.0,
        "Total Unusual Items": -2649000.0,
        "Total Unusual Items Excluding Goodwill": -2649000.0,
        "Net Income From Continuing Operation Net Minority Interest": -8199000.0,
        "Reconciled Depreciation": 1000.0,
        "EBITDA": -8196000.0,
        "EBIT": -8197000.0,
        "Net Interest Income": 27000.0,
        "Interest Expense": 2000.0,
        "Interest Income": 29000.0,
        "Normalized Income": -5550000.0,
        "Net Income From Continuing And Discontinued Operation": -8199000.0,
        "Total Expenses": 5891000.0,
        "Total Operating Income As Reported": -8540000.0,
        "Diluted Average Shares": 23123178.0,
        "Basic Average Shares": 23123178.0,
        "Diluted EPS": -0.35,
        "Basic EPS": -0.35,
        "Diluted NI Availto Com Stockholders": -8199000.0,
        "Net Income Common Stockholders": -8199000.0,
        "Net Income": -8199000.0,
        "Net Income Including Noncontrolling Interests": -8199000.0,
        "Net Income Continuous Operations": -8199000.0,
        "Pretax Income": -8199000.0,
        "Other Income Expense": -2335000.0,
        "Other Non Operating Income Expenses": 314000.0,
        "Special Income Charges": -2649000.0,
        "Gain On Sale Of Ppe": NaN,
        "Other Special Charges": NaN,
        "Write Off": 2649000.0,
        "Net Non Operating Interest Income Expense": 27000.0,
        "Interest Expense Non Operating": 2000.0,
        "Interest Income Non Operating": 29000.0,
        "Operating Income": -5891000.0,
        "Operating Expense": 5891000.0,
        "Other Operating Expenses": NaN,
        "Research And Development": 4360000.0,
        "Selling General And Administration": 1531000.0,
        "General And Administrative Expense": 1531000.0,
        "Other Gand A": 1531000.0,
        "Total Revenue": 0.0,
        "Operating Revenue": 0.0
    }
}