{
    "2023-03-31": {
        "Tax Effect Of Unusual Items": 0.0,
        "Tax Rate For Calcs": 0.0,
        "Normalized EBITDA": -2894000.0,
        "Net Income From Continuing Operation Net Minority Interest": -2853000.0,
        "Reconciled Depreciation": 25000.0,
        "EBITDA": -2894000.0,
        "EBIT": -2919000.0,
        "Net Interest Income": 66000.0,
        "Interest Income": NaN,
        "Normalized Income": -2853000.0,
        "Net Income From Continuing And Discontinued Operation": -2853000.0,
        "Total Expenses": 2919000.0,
        "Total Operating Income As Reported": -2919000.0,
        "Diluted Average Shares": 8013295.0,
        "Basic Average Shares": 8013295.0,
        "Diluted EPS": -0.36,
        "Basic EPS": -0.36,
        "Diluted NI Availto Com Stockholders": -2853000.0,
        "Net Income Common Stockholders": -2853000.0,
        "Net Income": -2853000.0,
        "Net Income Including Noncontrolling Interests": -2853000.0,
        "Net Income Continuous Operations": -2853000.0,
        "Pretax Income": -2853000.0,
        "Net Non Operating Interest Income Expense": 66000.0,
        "Total Other Finance Cost": -66000.0,
        "Interest Income Non Operating": NaN,
        "Operating Income": -2919000.0,
        "Operating Expense": 2919000.0,
        "Research And Development": 1617000.0,
        "Selling General And Administration": 1302000.0,
        "General And Administrative Expense": 1302000.0,
        "Other Gand A": 1302000.0,
        "Total Revenue": 0.0,
        "Operating Revenue": 0.0
    },
    "2022-12-31": {
        "Tax Effect Of Unusual Items": 0.0,
        "Tax Rate For Calcs": 0.0,
        "Normalized EBITDA": -3035000.0,
        "Net Income From Continuing Operation Net Minority Interest": -2998000.0,
        "Reconciled Depreciation": 33000.0,
        "EBITDA": -3035000.0,
        "EBIT": -3068000.0,
        "Net Interest Income": 11000.0,
        "Interest Income": NaN,
        "Normalized Income": -2998000.0,
        "Net Income From Continuing And Discontinued Operation": -2998000.0,
        "Total Expenses": 3068000.0,
        "Total Operating Income As Reported": -3068000.0,
        "Diluted Average Shares": NaN,
        "Basic Average Shares": NaN,
        "Diluted EPS": NaN,
        "Basic EPS": NaN,
        "Diluted NI Availto Com Stockholders": -2998000.0,
        "Net Income Common Stockholders": -2998000.0,
        "Net Income": -2998000.0,
        "Net Income Including Noncontrolling Interests": -2998000.0,
        "Net Income Continuous Operations": -2998000.0,
        "Pretax Income": -2998000.0,
        "Net Non Operating Interest Income Expense": 11000.0,
        "Total Other Finance Cost": NaN,
        "Interest Income Non Operating": NaN,
        "Operating Income": -3068000.0,
        "Operating Expense": 3068000.0,
        "Research And Development": 1884000.0,
        "Selling General And Administration": 1064000.0,
        "General And Administrative Expense": 1064000.0,
        "Other Gand A": -2847000.0,
        "Total Revenue": 0.0,
        "Operating Revenue": 0.0
    },
    "2022-09-30": {
        "Tax Effect Of Unusual Items": 0.0,
        "Tax Rate For Calcs": 0.0,
        "Normalized EBITDA": -3449000.0,
        "Net Income From Continuing Operation Net Minority Interest": -3468000.0,
        "Reconciled Depreciation": 25000.0,
        "EBITDA": -3449000.0,
        "EBIT": -3474000.0,
        "Net Interest Income": 6000.0,
        "Interest Income": NaN,
        "Normalized Income": -3468000.0,
        "Net Income From Continuing And Discontinued Operation": -3468000.0,
        "Total Expenses": 3474000.0,
        "Total Operating Income As Reported": -3474000.0,
        "Diluted Average Shares": 7108133.0,
        "Basic Average Shares": 7108133.0,
        "Diluted EPS": -0.49,
        "Basic EPS": -0.49,
        "Diluted NI Availto Com Stockholders": -3468000.0,
        "Net Income Common Stockholders": -3468000.0,
        "Net Income": -3468000.0,
        "Net Income Including Noncontrolling Interests": -3468000.0,
        "Net Income Continuous Operations": -3468000.0,
        "Pretax Income": -3468000.0,
        "Net Non Operating Interest Income Expense": 6000.0,
        "Total Other Finance Cost": -6000.0,
        "Interest Income Non Operating": NaN,
        "Operating Income": -3474000.0,
        "Operating Expense": 3474000.0,
        "Research And Development": 1953000.0,
        "Selling General And Administration": 1521000.0,
        "General And Administrative Expense": 1521000.0,
        "Other Gand A": 1521000.0,
        "Total Revenue": 0.0,
        "Operating Revenue": 0.0
    },
    "2022-06-30": {
        "Tax Effect Of Unusual Items": 0.0,
        "Tax Rate For Calcs": 0.0,
        "Normalized EBITDA": -3540000.0,
        "Net Income From Continuing Operation Net Minority Interest": -3513000.0,
        "Reconciled Depreciation": 23000.0,
        "EBITDA": -3540000.0,
        "EBIT": -3563000.0,
        "Net Interest Income": 50000.0,
        "Interest Income": NaN,
        "Normalized Income": -3513000.0,
        "Net Income From Continuing And Discontinued Operation": -3513000.0,
        "Total Expenses": 3563000.0,
        "Total Operating Income As Reported": -3563000.0,
        "Diluted Average Shares": 7108133.0,
        "Basic Average Shares": 7108133.0,
        "Diluted EPS": -0.49,
        "Basic EPS": -0.49,
        "Diluted NI Availto Com Stockholders": -3513000.0,
        "Net Income Common Stockholders": -3513000.0,
        "Net Income": -3513000.0,
        "Net Income Including Noncontrolling Interests": -3513000.0,
        "Net Income Continuous Operations": -3513000.0,
        "Pretax Income": -3513000.0,
        "Net Non Operating Interest Income Expense": 50000.0,
        "Total Other Finance Cost": -50000.0,
        "Interest Income Non Operating": NaN,
        "Operating Income": -3563000.0,
        "Operating Expense": 3563000.0,
        "Research And Development": 2193000.0,
        "Selling General And Administration": 1370000.0,
        "General And Administrative Expense": 1370000.0,
        "Other Gand A": 1370000.0,
        "Total Revenue": 0.0,
        "Operating Revenue": 0.0
    },
    "2022-03-31": {
        "Diluted EPS": -0.45,
        "Total Revenue": NaN,
        "Gross Profit": NaN,
        "Operating Income": -3,
        "EBIT": -3,
        "Net Income": -3
    },
    "2021-12-31": {
        "Diluted EPS": -0.54,
        "Total Revenue": NaN,
        "Gross Profit": NaN,
        "Operating Income": -4,
        "EBIT": -4,
        "Net Income": -4
    },
    "2021-09-30": {
        "Diluted EPS": -0.36,
        "Total Revenue": NaN,
        "Gross Profit": NaN,
        "Operating Income": -3,
        "EBIT": -3,
        "Net Income": -3
    },
    "2021-06-30": {
        "Diluted EPS": -0.35,
        "Total Revenue": NaN,
        "Gross Profit": NaN,
        "Operating Income": -2,
        "EBIT": -2,
        "Net Income": -3
    },
    "2021-03-31": {
        "Diluted EPS": -0.34,
        "Total Revenue": NaN,
        "Gross Profit": NaN,
        "Operating Income": -2,
        "EBIT": -2,
        "Net Income": -2
    },
    "2020-12-31": {
        "Diluted EPS": -0.37,
        "Total Revenue": NaN,
        "Gross Profit": NaN,
        "Operating Income": -3,
        "EBIT": -3,
        "Net Income": -3
    },
    "2020-09-30": {
        "Diluted EPS": -0.35,
        "Total Revenue": NaN,
        "Gross Profit": NaN,
        "Operating Income": -2,
        "EBIT": -2,
        "Net Income": -2
    },
    "2020-06-30": {
        "Diluted EPS": -0.26,
        "Total Revenue": NaN,
        "Gross Profit": NaN,
        "Operating Income": -2,
        "EBIT": -2,
        "Net Income": -2
    },
    "2020-03-31": {
        "Diluted EPS": -0.31,
        "Total Revenue": NaN,
        "Gross Profit": NaN,
        "Operating Income": -2,
        "EBIT": -2,
        "Net Income": -2
    },
    "2019-12-31": {
        "Diluted EPS": -0.42,
        "Total Revenue": NaN,
        "Gross Profit": NaN,
        "Operating Income": -2,
        "EBIT": -2,
        "Net Income": -2
    },
    "2019-09-30": {
        "Diluted EPS": -0.44,
        "Total Revenue": NaN,
        "Gross Profit": NaN,
        "Operating Income": -2,
        "EBIT": -2,
        "Net Income": -2
    },
    "2019-06-30": {
        "Diluted EPS": -0.36,
        "Total Revenue": NaN,
        "Gross Profit": NaN,
        "Operating Income": -2,
        "EBIT": -2,
        "Net Income": -2
    },
    "2019-03-31": {
        "Diluted EPS": -0.48,
        "Total Revenue": NaN,
        "Gross Profit": NaN,
        "Operating Income": -2,
        "EBIT": -2,
        "Net Income": -2
    },
    "2018-12-31": {
        "Diluted EPS": -0.65,
        "Total Revenue": NaN,
        "Gross Profit": NaN,
        "Operating Income": -2,
        "EBIT": -2,
        "Net Income": -2
    },
    "2018-09-30": {
        "Diluted EPS": -0.6,
        "Total Revenue": NaN,
        "Gross Profit": NaN,
        "Operating Income": -2,
        "EBIT": -2,
        "Net Income": -2
    },
    "2018-06-30": {
        "Diluted EPS": -0.66,
        "Total Revenue": NaN,
        "Gross Profit": NaN,
        "Operating Income": -2,
        "EBIT": -2,
        "Net Income": -2
    },
    "2018-03-31": {
        "Diluted EPS": -0.5,
        "Total Revenue": NaN,
        "Gross Profit": NaN,
        "Operating Income": -2,
        "EBIT": -2,
        "Net Income": -1
    },
    "2017-12-31": {
        "Diluted EPS": -0.36,
        "Total Revenue": NaN,
        "Gross Profit": NaN,
        "Operating Income": -2,
        "EBIT": -2,
        "Net Income": 0
    },
    "2017-09-30": {
        "Diluted EPS": -0.45,
        "Total Revenue": NaN,
        "Gross Profit": NaN,
        "Operating Income": -1,
        "EBIT": -1,
        "Net Income": -1
    },
    "2017-06-30": {
        "Diluted EPS": -1.35,
        "Total Revenue": NaN,
        "Gross Profit": NaN,
        "Operating Income": -1,
        "EBIT": -1,
        "Net Income": -4
    },
    "2017-03-31": {
        "Diluted EPS": -0.6,
        "Total Revenue": NaN,
        "Gross Profit": NaN,
        "Operating Income": -1,
        "EBIT": -1,
        "Net Income": -1
    },
    "2016-12-31": {
        "Diluted EPS": -4.5,
        "Total Revenue": NaN,
        "Gross Profit": NaN,
        "Operating Income": -9,
        "EBIT": -9,
        "Net Income": -5
    },
    "2016-09-30": {
        "Diluted EPS": -1.2,
        "Total Revenue": NaN,
        "Gross Profit": NaN,
        "Operating Income": -1,
        "EBIT": 0,
        "Net Income": -1
    },
    "2016-06-30": {
        "Diluted EPS": -0.15,
        "Total Revenue": NaN,
        "Gross Profit": NaN,
        "Operating Income": 0,
        "EBIT": 0,
        "Net Income": 0
    },
    "2016-03-31": {
        "Diluted EPS": -0.15,
        "Total Revenue": NaN,
        "Gross Profit": NaN,
        "Operating Income": 0,
        "EBIT": 0,
        "Net Income": 0
    },
    "2015-12-31": {
        "Diluted EPS": 506.8,
        "Total Revenue": NaN,
        "Gross Profit": NaN,
        "Operating Income": 27,
        "EBIT": 26,
        "Net Income": 27
    },
    "2015-09-30": {
        "Diluted EPS": -144.39,
        "Total Revenue": 0,
        "Gross Profit": 0,
        "Operating Income": -10,
        "EBIT": -10,
        "Net Income": -10
    },
    "2015-06-30": {
        "Diluted EPS": -144.39,
        "Total Revenue": 0,
        "Gross Profit": 0,
        "Operating Income": -9,
        "EBIT": -9,
        "Net Income": -8
    },
    "2015-03-31": {
        "Diluted EPS": -218.61,
        "Total Revenue": 0,
        "Gross Profit": 0,
        "Operating Income": -9,
        "EBIT": -9,
        "Net Income": -9
    },
    "2014-12-31": {
        "Diluted EPS": -210.6,
        "Total Revenue": 1,
        "Gross Profit": 1,
        "Operating Income": -10,
        "EBIT": -7,
        "Net Income": -10
    },
    "2014-09-30": {
        "Diluted EPS": -64.8,
        "Total Revenue": 0,
        "Gross Profit": 0,
        "Operating Income": -6,
        "EBIT": -6,
        "Net Income": -3
    },
    "2014-06-30": {
        "Diluted EPS": -356.4,
        "Total Revenue": 0,
        "Gross Profit": 0,
        "Operating Income": -8,
        "EBIT": -8,
        "Net Income": -12
    },
    "2014-03-31": {
        "Diluted EPS": -226.8,
        "Total Revenue": 0,
        "Gross Profit": 0,
        "Operating Income": -7,
        "EBIT": -6,
        "Net Income": -8
    },
    "2013-12-31": {
        "Diluted EPS": -210.6,
        "Total Revenue": 0,
        "Gross Profit": 0,
        "Operating Income": -9,
        "EBIT": -9,
        "Net Income": -7
    },
    "2013-09-30": {
        "Diluted EPS": -275.4,
        "Total Revenue": 0,
        "Gross Profit": 0,
        "Operating Income": -7,
        "EBIT": -6,
        "Net Income": -7
    },
    "2013-06-30": {
        "Diluted EPS": -243.0,
        "Total Revenue": 0,
        "Gross Profit": 0,
        "Operating Income": -6,
        "EBIT": -6,
        "Net Income": -6
    },
    "2013-03-31": {
        "Diluted EPS": -275.4,
        "Total Revenue": 0,
        "Gross Profit": 0,
        "Operating Income": -6,
        "EBIT": -6,
        "Net Income": -6
    },
    "2012-12-31": {
        "Diluted EPS": -113.4,
        "Total Revenue": 0,
        "Gross Profit": 0,
        "Operating Income": -7,
        "EBIT": -7,
        "Net Income": -3
    },
    "2012-09-30": {
        "Diluted EPS": -874.8,
        "Total Revenue": 0,
        "Gross Profit": 0,
        "Operating Income": -5,
        "EBIT": -5,
        "Net Income": -16
    },
    "2012-06-30": {
        "Diluted EPS": 48.6,
        "Total Revenue": 0,
        "Gross Profit": 0,
        "Operating Income": -5,
        "EBIT": -5,
        "Net Income": 1
    },
    "2012-03-31": {
        "Diluted EPS": -729.0,
        "Total Revenue": 1,
        "Gross Profit": 1,
        "Operating Income": -5,
        "EBIT": -5,
        "Net Income": -10
    },
    "2011-12-31": {
        "Diluted EPS": -777.6,
        "Total Revenue": 1,
        "Gross Profit": 0,
        "Operating Income": -7,
        "EBIT": -6,
        "Net Income": -7
    },
    "2011-09-30": {
        "Diluted EPS": -502.2,
        "Total Revenue": 0,
        "Gross Profit": 0,
        "Operating Income": -6,
        "EBIT": -6,
        "Net Income": -4
    },
    "2011-06-30": {
        "Diluted EPS": -469.8,
        "Total Revenue": 0,
        "Gross Profit": 0,
        "Operating Income": -7,
        "EBIT": -7,
        "Net Income": -4
    },
    "2011-03-31": {
        "Diluted EPS": -680.4,
        "Total Revenue": 0,
        "Gross Profit": 0,
        "Operating Income": -8,
        "EBIT": -7,
        "Net Income": -6
    },
    "2010-12-31": {
        "Diluted EPS": NaN,
        "Total Revenue": 1,
        "Gross Profit": 1,
        "Operating Income": -8,
        "EBIT": -7,
        "Net Income": -9
    },
    "2010-09-30": {
        "Diluted EPS": -712.8,
        "Total Revenue": 0,
        "Gross Profit": 0,
        "Operating Income": -7,
        "EBIT": -7,
        "Net Income": -6
    },
    "2010-06-30": {
        "Diluted EPS": -615.6,
        "Total Revenue": 0,
        "Gross Profit": 0,
        "Operating Income": -7,
        "EBIT": -7,
        "Net Income": -5
    },
    "2010-03-31": {
        "Diluted EPS": -810.0,
        "Total Revenue": 0,
        "Gross Profit": 0,
        "Operating Income": -8,
        "EBIT": -7,
        "Net Income": -6
    },
    "2009-12-31": {
        "Diluted EPS": -810.0,
        "Total Revenue": 0,
        "Gross Profit": 0,
        "Operating Income": -8,
        "EBIT": -8,
        "Net Income": -5
    },
    "2009-09-30": {
        "Diluted EPS": -810.0,
        "Total Revenue": 0,
        "Gross Profit": 0,
        "Operating Income": -7,
        "EBIT": -7,
        "Net Income": -5
    },
    "2009-06-30": {
        "Diluted EPS": NaN,
        "Total Revenue": 0,
        "Gross Profit": 0,
        "Operating Income": -7,
        "EBIT": -7,
        "Net Income": -7
    },
    "2009-03-31": {
        "Diluted EPS": NaN,
        "Total Revenue": 0,
        "Gross Profit": 0,
        "Operating Income": -7,
        "EBIT": -6,
        "Net Income": -9
    },
    "2023-06-30": {
        "Tax Effect Of Unusual Items": 0.0,
        "Tax Rate For Calcs": 0.0,
        "Normalized EBITDA": -2298000.0,
        "Net Income From Continuing Operation Net Minority Interest": -2287000.0,
        "Reconciled Depreciation": 26000.0,
        "EBITDA": -2298000.0,
        "EBIT": -2324000.0,
        "Net Interest Income": 37000.0,
        "Interest Income": 37000.0,
        "Normalized Income": -2287000.0,
        "Net Income From Continuing And Discontinued Operation": -2287000.0,
        "Total Expenses": 2324000.0,
        "Total Operating Income As Reported": -2324000.0,
        "Diluted Average Shares": 9198806.0,
        "Basic Average Shares": 9198806.0,
        "Diluted EPS": -0.25,
        "Basic EPS": -0.25,
        "Diluted NI Availto Com Stockholders": -2287000.0,
        "Net Income Common Stockholders": -2287000.0,
        "Net Income": -2287000.0,
        "Net Income Including Noncontrolling Interests": -2287000.0,
        "Net Income Continuous Operations": -2287000.0,
        "Pretax Income": -2287000.0,
        "Net Non Operating Interest Income Expense": 37000.0,
        "Total Other Finance Cost": NaN,
        "Interest Income Non Operating": 37000.0,
        "Operating Income": -2324000.0,
        "Operating Expense": 2324000.0,
        "Research And Development": 1365000.0,
        "Selling General And Administration": 959000.0,
        "General And Administrative Expense": 959000.0,
        "Other Gand A": 959000.0,
        "Total Revenue": 0.0,
        "Operating Revenue": 0.0
    },
    "2023-09-30": {
        "Tax Effect Of Unusual Items": 0.0,
        "Tax Rate For Calcs": 0.0,
        "Normalized EBITDA": -2524000.0,
        "Net Income From Continuing Operation Net Minority Interest": -2446000.0,
        "Reconciled Depreciation": 20000.0,
        "EBITDA": -2524000.0,
        "EBIT": -2544000.0,
        "Net Interest Income": 98000.0,
        "Interest Income": 98000.0,
        "Normalized Income": -2446000.0,
        "Net Income From Continuing And Discontinued Operation": -2446000.0,
        "Total Expenses": 2544000.0,
        "Total Operating Income As Reported": -2544000.0,
        "Diluted Average Shares": 11707317.0,
        "Basic Average Shares": 11707317.0,
        "Diluted EPS": -0.21,
        "Basic EPS": -0.21,
        "Diluted NI Availto Com Stockholders": -2446000.0,
        "Net Income Common Stockholders": -2446000.0,
        "Net Income": -2446000.0,
        "Net Income Including Noncontrolling Interests": -2446000.0,
        "Net Income Continuous Operations": -2446000.0,
        "Pretax Income": -2446000.0,
        "Net Non Operating Interest Income Expense": 98000.0,
        "Total Other Finance Cost": NaN,
        "Interest Income Non Operating": 98000.0,
        "Operating Income": -2544000.0,
        "Operating Expense": 2544000.0,
        "Research And Development": 1612000.0,
        "Selling General And Administration": 932000.0,
        "General And Administrative Expense": 932000.0,
        "Other Gand A": 932000.0,
        "Total Revenue": 0.0,
        "Operating Revenue": 0.0
    }
}