{
    "2023-03-31": {
        "Tax Effect Of Unusual Items": 0.0,
        "Tax Rate For Calcs": 0.0,
        "Normalized EBITDA": -8363000.0,
        "Total Unusual Items": 39000.0,
        "Total Unusual Items Excluding Goodwill": 39000.0,
        "Net Income From Continuing Operation Net Minority Interest": -7915000.0,
        "Reconciled Depreciation": 30000.0,
        "EBITDA": -8324000.0,
        "EBIT": -8354000.0,
        "Net Interest Income": 392000.0,
        "Interest Income": 392000.0,
        "Normalized Income": -7954000.0,
        "Net Income From Continuing And Discontinued Operation": -7915000.0,
        "Total Expenses": 8354000.0,
        "Total Operating Income As Reported": -8354000.0,
        "Diluted Average Shares": 1916665.0,
        "Basic Average Shares": 1916665.0,
        "Diluted EPS": -4.13,
        "Basic EPS": -4.13,
        "Diluted NI Availto Com Stockholders": -7915000.0,
        "Net Income Common Stockholders": -7915000.0,
        "Net Income": -7915000.0,
        "Net Income Including Noncontrolling Interests": -7915000.0,
        "Net Income Continuous Operations": -7915000.0,
        "Pretax Income": -7915000.0,
        "Other Income Expense": 47000.0,
        "Other Non Operating Income Expenses": 8000.0,
        "Gain On Sale Of Security": 39000.0,
        "Net Non Operating Interest Income Expense": 392000.0,
        "Interest Income Non Operating": 392000.0,
        "Operating Income": -8354000.0,
        "Operating Expense": 8354000.0,
        "Depreciation Amortization Depletion Income Statement": 30000.0,
        "Depreciation And Amortization In Income Statement": 30000.0,
        "Research And Development": 5687000.0,
        "Selling General And Administration": 2637000.0,
        "General And Administrative Expense": 2637000.0,
        "Other Gand A": 2637000.0,
        "Total Revenue": 0.0,
        "Operating Revenue": 0.0
    },
    "2022-12-31": {
        "Tax Effect Of Unusual Items": 0.0,
        "Tax Rate For Calcs": 0.0,
        "Normalized EBITDA": -7167000.0,
        "Total Unusual Items": 151000.0,
        "Total Unusual Items Excluding Goodwill": 151000.0,
        "Net Income From Continuing Operation Net Minority Interest": -6770000.0,
        "Reconciled Depreciation": 32000.0,
        "EBITDA": -7016000.0,
        "EBIT": -7048000.0,
        "Net Interest Income": 126000.0,
        "Interest Income": NaN,
        "Normalized Income": -6921000.0,
        "Net Income From Continuing And Discontinued Operation": -6770000.0,
        "Total Expenses": 7048000.0,
        "Total Operating Income As Reported": -7048000.0,
        "Diluted Average Shares": NaN,
        "Basic Average Shares": NaN,
        "Diluted EPS": NaN,
        "Basic EPS": NaN,
        "Diluted NI Availto Com Stockholders": -6770000.0,
        "Net Income Common Stockholders": -6770000.0,
        "Net Income": -6770000.0,
        "Net Income Including Noncontrolling Interests": -6770000.0,
        "Net Income Continuous Operations": -6770000.0,
        "Pretax Income": -6770000.0,
        "Other Income Expense": 152000.0,
        "Other Non Operating Income Expenses": 1000.0,
        "Gain On Sale Of Security": 151000.0,
        "Net Non Operating Interest Income Expense": 126000.0,
        "Interest Income Non Operating": NaN,
        "Operating Income": -7048000.0,
        "Operating Expense": 7048000.0,
        "Depreciation Amortization Depletion Income Statement": 32000.0,
        "Depreciation And Amortization In Income Statement": 32000.0,
        "Research And Development": 4178000.0,
        "Selling General And Administration": 2838000.0,
        "General And Administrative Expense": 2838000.0,
        "Other Gand A": 2838000.0,
        "Total Revenue": 0.0,
        "Operating Revenue": 0.0
    },
    "2022-09-30": {
        "Tax Effect Of Unusual Items": 0.0,
        "Tax Rate For Calcs": 0.0,
        "Normalized EBITDA": -9473000.0,
        "Total Unusual Items": 421000.0,
        "Total Unusual Items Excluding Goodwill": 421000.0,
        "Net Income From Continuing Operation Net Minority Interest": -8611000.0,
        "Reconciled Depreciation": 32000.0,
        "EBITDA": -9052000.0,
        "EBIT": -9084000.0,
        "Net Interest Income": 33000.0,
        "Interest Income": NaN,
        "Normalized Income": -9032000.0,
        "Net Income From Continuing And Discontinued Operation": -8611000.0,
        "Total Expenses": 9084000.0,
        "Total Operating Income As Reported": -9084000.0,
        "Diluted Average Shares": 28627610.0,
        "Basic Average Shares": 28627610.0,
        "Diluted EPS": -0.3,
        "Basic EPS": -0.3,
        "Diluted NI Availto Com Stockholders": -8611000.0,
        "Net Income Common Stockholders": -8611000.0,
        "Net Income": -8611000.0,
        "Net Income Including Noncontrolling Interests": -8611000.0,
        "Net Income Continuous Operations": -8611000.0,
        "Pretax Income": -8611000.0,
        "Other Income Expense": 440000.0,
        "Other Non Operating Income Expenses": 19000.0,
        "Gain On Sale Of Security": 421000.0,
        "Net Non Operating Interest Income Expense": 33000.0,
        "Total Other Finance Cost": -33000.0,
        "Interest Income Non Operating": NaN,
        "Operating Income": -9084000.0,
        "Operating Expense": 9084000.0,
        "Depreciation Amortization Depletion Income Statement": 32000.0,
        "Depreciation And Amortization In Income Statement": 32000.0,
        "Research And Development": 5965000.0,
        "Selling General And Administration": 3087000.0,
        "General And Administrative Expense": 3087000.0,
        "Other Gand A": 3087000.0,
        "Total Revenue": 0.0,
        "Operating Revenue": 0.0
    },
    "2022-06-30": {
        "Tax Effect Of Unusual Items": 0.0,
        "Tax Rate For Calcs": 0.0,
        "Normalized EBITDA": -8003000.0,
        "Total Unusual Items": 603000.0,
        "Total Unusual Items Excluding Goodwill": 603000.0,
        "Net Income From Continuing Operation Net Minority Interest": -6777000.0,
        "Reconciled Depreciation": 34000.0,
        "EBITDA": -7400000.0,
        "EBIT": -7434000.0,
        "Net Interest Income": 39000.0,
        "Interest Income": 39000.0,
        "Normalized Income": -7380000.0,
        "Net Income From Continuing And Discontinued Operation": -6777000.0,
        "Total Expenses": 7434000.0,
        "Total Operating Income As Reported": -7434000.0,
        "Diluted Average Shares": 28583014.0,
        "Basic Average Shares": 28583014.0,
        "Diluted EPS": -0.24,
        "Basic EPS": -0.24,
        "Diluted NI Availto Com Stockholders": -6777000.0,
        "Net Income Common Stockholders": -6777000.0,
        "Net Income": -6777000.0,
        "Net Income Including Noncontrolling Interests": -6777000.0,
        "Net Income Continuous Operations": -6777000.0,
        "Pretax Income": -6777000.0,
        "Other Income Expense": 618000.0,
        "Other Non Operating Income Expenses": 15000.0,
        "Gain On Sale Of Security": 603000.0,
        "Net Non Operating Interest Income Expense": 39000.0,
        "Total Other Finance Cost": NaN,
        "Interest Income Non Operating": 39000.0,
        "Operating Income": -7434000.0,
        "Operating Expense": 7434000.0,
        "Depreciation Amortization Depletion Income Statement": 34000.0,
        "Depreciation And Amortization In Income Statement": 34000.0,
        "Research And Development": 4204000.0,
        "Selling General And Administration": 3196000.0,
        "General And Administrative Expense": 3196000.0,
        "Other Gand A": 3196000.0,
        "Total Revenue": 0.0,
        "Operating Revenue": 0.0
    },
    "2022-03-31": {
        "Diluted EPS": -0.24,
        "Total Revenue": NaN,
        "Gross Profit": NaN,
        "Operating Income": -7,
        "EBIT": -7,
        "Net Income": -7
    },
    "2021-12-31": {
        "Diluted EPS": -0.09,
        "Total Revenue": NaN,
        "Gross Profit": NaN,
        "Operating Income": -5,
        "EBIT": -5,
        "Net Income": -3
    },
    "2021-09-30": {
        "Diluted EPS": -0.15,
        "Total Revenue": NaN,
        "Gross Profit": NaN,
        "Operating Income": -6,
        "EBIT": -6,
        "Net Income": -4
    },
    "2021-06-30": {
        "Diluted EPS": -0.15,
        "Total Revenue": NaN,
        "Gross Profit": NaN,
        "Operating Income": -6,
        "EBIT": -5,
        "Net Income": -4
    },
    "2021-03-31": {
        "Diluted EPS": -0.2,
        "Total Revenue": NaN,
        "Gross Profit": NaN,
        "Operating Income": -6,
        "EBIT": -6,
        "Net Income": -4
    },
    "2020-12-31": {
        "Diluted EPS": -0.26,
        "Total Revenue": NaN,
        "Gross Profit": NaN,
        "Operating Income": -3,
        "EBIT": -3,
        "Net Income": -3
    },
    "2020-09-30": {
        "Diluted EPS": -0.33,
        "Total Revenue": NaN,
        "Gross Profit": NaN,
        "Operating Income": -6,
        "EBIT": -6,
        "Net Income": -3
    },
    "2020-06-30": {
        "Diluted EPS": -1.02,
        "Total Revenue": NaN,
        "Gross Profit": NaN,
        "Operating Income": -5,
        "EBIT": -5,
        "Net Income": -10
    },
    "2020-03-31": {
        "Diluted EPS": -0.15,
        "Total Revenue": NaN,
        "Gross Profit": NaN,
        "Operating Income": -5,
        "EBIT": -5,
        "Net Income": -1
    },
    "2019-12-31": {
        "Diluted EPS": -0.39,
        "Total Revenue": NaN,
        "Gross Profit": NaN,
        "Operating Income": -5,
        "EBIT": -5,
        "Net Income": -4
    },
    "2019-09-30": {
        "Diluted EPS": -0.54,
        "Total Revenue": NaN,
        "Gross Profit": NaN,
        "Operating Income": -5,
        "EBIT": -4,
        "Net Income": -4
    },
    "2019-06-30": {
        "Diluted EPS": -0.18,
        "Total Revenue": NaN,
        "Gross Profit": NaN,
        "Operating Income": -4,
        "EBIT": -4,
        "Net Income": -1
    },
    "2019-03-31": {
        "Diluted EPS": -0.84,
        "Total Revenue": NaN,
        "Gross Profit": NaN,
        "Operating Income": -5,
        "EBIT": -5,
        "Net Income": -4
    },
    "2018-12-31": {
        "Diluted EPS": -0.6,
        "Total Revenue": NaN,
        "Gross Profit": NaN,
        "Operating Income": -4,
        "EBIT": -4,
        "Net Income": -3
    },
    "2018-09-30": {
        "Diluted EPS": -0.48,
        "Total Revenue": NaN,
        "Gross Profit": NaN,
        "Operating Income": -3,
        "EBIT": -3,
        "Net Income": -2
    },
    "2018-06-30": {
        "Diluted EPS": -1.2,
        "Total Revenue": NaN,
        "Gross Profit": NaN,
        "Operating Income": -5,
        "EBIT": -5,
        "Net Income": -5
    },
    "2018-03-31": {
        "Diluted EPS": -0.48,
        "Total Revenue": NaN,
        "Gross Profit": NaN,
        "Operating Income": -3,
        "EBIT": -3,
        "Net Income": -2
    },
    "2017-12-31": {
        "Diluted EPS": -1.08,
        "Total Revenue": NaN,
        "Gross Profit": NaN,
        "Operating Income": -3,
        "EBIT": -3,
        "Net Income": -3
    },
    "2017-09-30": {
        "Diluted EPS": -0.84,
        "Total Revenue": NaN,
        "Gross Profit": NaN,
        "Operating Income": -2,
        "EBIT": -2,
        "Net Income": -3
    },
    "2017-06-30": {
        "Diluted EPS": -1.14,
        "Total Revenue": NaN,
        "Gross Profit": NaN,
        "Operating Income": -1,
        "EBIT": -1,
        "Net Income": -3
    },
    "2017-03-31": {
        "Diluted EPS": -0.12,
        "Total Revenue": NaN,
        "Gross Profit": NaN,
        "Operating Income": -2,
        "EBIT": -2,
        "Net Income": 0
    },
    "2016-12-31": {
        "Diluted EPS": -0.9,
        "Total Revenue": NaN,
        "Gross Profit": NaN,
        "Operating Income": -1,
        "EBIT": -1,
        "Net Income": -1
    },
    "2016-09-30": {
        "Diluted EPS": -0.72,
        "Total Revenue": NaN,
        "Gross Profit": NaN,
        "Operating Income": -1,
        "EBIT": -1,
        "Net Income": -1
    },
    "2016-06-30": {
        "Diluted EPS": -0.48,
        "Total Revenue": NaN,
        "Gross Profit": NaN,
        "Operating Income": -1,
        "EBIT": -1,
        "Net Income": -1
    },
    "2016-03-31": {
        "Diluted EPS": -0.3,
        "Total Revenue": NaN,
        "Gross Profit": NaN,
        "Operating Income": 0,
        "EBIT": 0,
        "Net Income": 0
    },
    "2015-12-31": {
        "Diluted EPS": 0.0,
        "Total Revenue": NaN,
        "Gross Profit": NaN,
        "Operating Income": NaN,
        "EBIT": NaN,
        "Net Income": NaN
    },
    "2023-06-30": {
        "Tax Effect Of Unusual Items": 0.0,
        "Tax Rate For Calcs": 0.0,
        "Normalized EBITDA": -6416000.0,
        "Total Unusual Items": 36000.0,
        "Total Unusual Items Excluding Goodwill": 36000.0,
        "Net Income From Continuing Operation Net Minority Interest": -5976000.0,
        "Reconciled Depreciation": 31000.0,
        "EBITDA": -6380000.0,
        "EBIT": -6411000.0,
        "Net Interest Income": 390000.0,
        "Interest Income": 390000.0,
        "Normalized Income": -6012000.0,
        "Net Income From Continuing And Discontinued Operation": -5976000.0,
        "Total Expenses": 6411000.0,
        "Total Operating Income As Reported": -6411000.0,
        "Diluted Average Shares": 1979257.0,
        "Basic Average Shares": 1979257.0,
        "Diluted EPS": -3.0,
        "Basic EPS": -3.0,
        "Diluted NI Availto Com Stockholders": -5976000.0,
        "Net Income Common Stockholders": -5976000.0,
        "Net Income": -5976000.0,
        "Net Income Including Noncontrolling Interests": -5976000.0,
        "Net Income Continuous Operations": -5976000.0,
        "Pretax Income": -5976000.0,
        "Other Income Expense": 45000.0,
        "Other Non Operating Income Expenses": 9000.0,
        "Gain On Sale Of Security": 36000.0,
        "Net Non Operating Interest Income Expense": 390000.0,
        "Interest Income Non Operating": 390000.0,
        "Operating Income": -6411000.0,
        "Operating Expense": 6411000.0,
        "Depreciation Amortization Depletion Income Statement": 31000.0,
        "Depreciation And Amortization In Income Statement": 31000.0,
        "Research And Development": 3888000.0,
        "Selling General And Administration": 2492000.0,
        "General And Administrative Expense": 2492000.0,
        "Other Gand A": 2492000.0,
        "Total Revenue": 0.0,
        "Operating Revenue": 0.0
    },
    "2023-09-30": {
        "Tax Effect Of Unusual Items": 0.0,
        "Tax Rate For Calcs": 0.0,
        "Normalized EBITDA": -5916000.0,
        "Total Unusual Items": 1000.0,
        "Total Unusual Items Excluding Goodwill": 1000.0,
        "Net Income From Continuing Operation Net Minority Interest": -5609000.0,
        "Reconciled Depreciation": 31000.0,
        "EBITDA": -5915000.0,
        "EBIT": -5947000.0,
        "Net Interest Income": 324000.0,
        "Interest Income": 324000.0,
        "Normalized Income": -5610000.0,
        "Net Income From Continuing And Discontinued Operation": -5609000.0,
        "Total Expenses": 5947000.0,
        "Total Operating Income As Reported": -5947000.0,
        "Diluted Average Shares": 1987282.0,
        "Basic Average Shares": 1987282.0,
        "Diluted EPS": -2.85,
        "Basic EPS": -2.85,
        "Diluted NI Availto Com Stockholders": -5609000.0,
        "Net Income Common Stockholders": -5609000.0,
        "Net Income": -5609000.0,
        "Net Income Including Noncontrolling Interests": -5609000.0,
        "Net Income Continuous Operations": -5609000.0,
        "Pretax Income": -5609000.0,
        "Other Income Expense": 14000.0,
        "Other Non Operating Income Expenses": 13000.0,
        "Gain On Sale Of Security": 1000.0,
        "Net Non Operating Interest Income Expense": 324000.0,
        "Interest Income Non Operating": 324000.0,
        "Operating Income": -5947000.0,
        "Operating Expense": 5947000.0,
        "Depreciation Amortization Depletion Income Statement": 32000.0,
        "Depreciation And Amortization In Income Statement": 32000.0,
        "Research And Development": 3280000.0,
        "Selling General And Administration": 2635000.0,
        "General And Administrative Expense": 2635000.0,
        "Other Gand A": 2635000.0,
        "Total Revenue": 0.0,
        "Operating Revenue": 0.0
    },
    "2023-12-31": {
        "Tax Effect Of Unusual Items": 0.0,
        "Tax Rate For Calcs": 0.0,
        "Normalized EBITDA": -7764000.0,
        "Total Unusual Items": -1120000.0,
        "Total Unusual Items Excluding Goodwill": -1120000.0,
        "Net Income From Continuing Operation Net Minority Interest": -10269000.0,
        "Reconciled Depreciation": 35000.0,
        "EBITDA": -8884000.0,
        "EBIT": -8919000.0,
        "Net Interest Income": 262000.0,
        "Interest Income": 262000.0,
        "Normalized Income": -9149000.0,
        "Net Income From Continuing And Discontinued Operation": -10269000.0,
        "Total Expenses": 8919000.0,
        "Total Operating Income As Reported": -8919000.0,
        "Diluted Average Shares": NaN,
        "Basic Average Shares": NaN,
        "Diluted EPS": NaN,
        "Basic EPS": NaN,
        "Diluted NI Availto Com Stockholders": -10269000.0,
        "Net Income Common Stockholders": -10269000.0,
        "Net Income": -10269000.0,
        "Net Income Including Noncontrolling Interests": -10269000.0,
        "Net Income Continuous Operations": -10269000.0,
        "Pretax Income": -10269000.0,
        "Other Income Expense": -1612000.0,
        "Other Non Operating Income Expenses": -492000.0,
        "Gain On Sale Of Security": -1120000.0,
        "Net Non Operating Interest Income Expense": 262000.0,
        "Interest Income Non Operating": 262000.0,
        "Operating Income": -8919000.0,
        "Operating Expense": 8919000.0,
        "Depreciation Amortization Depletion Income Statement": 35000.0,
        "Depreciation And Amortization In Income Statement": 35000.0,
        "Research And Development": 6632000.0,
        "Selling General And Administration": 2252000.0,
        "General And Administrative Expense": 2252000.0,
        "Other Gand A": 2252000.0,
        "Total Revenue": 0.0,
        "Operating Revenue": 0.0
    },
    "2024-03-31": {
        "Tax Effect Of Unusual Items": 0.0,
        "Tax Rate For Calcs": 0.0,
        "Normalized EBITDA": -8100000.0,
        "Total Unusual Items": 1455000.0,
        "Total Unusual Items Excluding Goodwill": 1455000.0,
        "Net Income From Continuing Operation Net Minority Interest": -4970000.0,
        "Reconciled Depreciation": 32000.0,
        "EBITDA": -6645000.0,
        "EBIT": -6677000.0,
        "Net Interest Income": 241000.0,
        "Interest Income": 241000.0,
        "Normalized Income": -6425000.0,
        "Net Income From Continuing And Discontinued Operation": -4970000.0,
        "Total Expenses": 6677000.0,
        "Total Operating Income As Reported": -6677000.0,
        "Diluted Average Shares": 2466174.0,
        "Basic Average Shares": 2466174.0,
        "Diluted EPS": -2.02,
        "Basic EPS": -2.02,
        "Diluted NI Availto Com Stockholders": -4970000.0,
        "Net Income Common Stockholders": -4970000.0,
        "Net Income": -4970000.0,
        "Net Income Including Noncontrolling Interests": -4970000.0,
        "Net Income Continuous Operations": -4970000.0,
        "Pretax Income": -4970000.0,
        "Other Income Expense": 1466000.0,
        "Other Non Operating Income Expenses": 11000.0,
        "Gain On Sale Of Security": 1455000.0,
        "Net Non Operating Interest Income Expense": 241000.0,
        "Interest Income Non Operating": 241000.0,
        "Operating Income": -6677000.0,
        "Operating Expense": 6677000.0,
        "Depreciation Amortization Depletion Income Statement": 32000.0,
        "Depreciation And Amortization In Income Statement": 32000.0,
        "Research And Development": 4252000.0,
        "Selling General And Administration": 2393000.0,
        "General And Administrative Expense": 2393000.0,
        "Other Gand A": 2393000.0,
        "Total Revenue": 0.0,
        "Operating Revenue": 0.0
    }
}