{
    "2023-03-31": {
        "Tax Effect Of Unusual Items": NaN,
        "Tax Rate For Calcs": NaN,
        "Normalized EBITDA": NaN,
        "Total Unusual Items": NaN,
        "Total Unusual Items Excluding Goodwill": NaN,
        "Net Income From Continuing Operation Net Minority Interest": NaN,
        "Reconciled Depreciation": NaN,
        "Reconciled Cost Of Revenue": NaN,
        "EBITDA": NaN,
        "EBIT": NaN,
        "Net Interest Income": NaN,
        "Interest Expense": NaN,
        "Normalized Income": NaN,
        "Net Income From Continuing And Discontinued Operation": NaN,
        "Total Expenses": NaN,
        "Total Operating Income As Reported": NaN,
        "Diluted Average Shares": NaN,
        "Basic Average Shares": NaN,
        "Diluted EPS": NaN,
        "Basic EPS": NaN,
        "Diluted NI Availto Com Stockholders": NaN,
        "Net Income Common Stockholders": NaN,
        "Net Income": NaN,
        "Minority Interests": NaN,
        "Net Income Including Noncontrolling Interests": NaN,
        "Net Income Discontinuous Operations": 0.0,
        "Net Income Continuous Operations": NaN,
        "Tax Provision": NaN,
        "Pretax Income": NaN,
        "Other Income Expense": NaN,
        "Other Non Operating Income Expenses": NaN,
        "Special Income Charges": NaN,
        "Other Special Charges": -3000000.0,
        "Impairment Of Capital Assets": -13000000.0,
        "Restructuring And Mergern Acquisition": NaN,
        "Net Non Operating Interest Income Expense": NaN,
        "Interest Expense Non Operating": NaN,
        "Operating Income": NaN,
        "Operating Expense": NaN,
        "Selling General And Administration": NaN,
        "Gross Profit": NaN,
        "Cost Of Revenue": NaN,
        "Total Revenue": NaN,
        "Operating Revenue": NaN
    },
    "2022-12-31": {
        "Tax Effect Of Unusual Items": NaN,
        "Tax Rate For Calcs": NaN,
        "Normalized EBITDA": NaN,
        "Total Unusual Items": NaN,
        "Total Unusual Items Excluding Goodwill": NaN,
        "Net Income From Continuing Operation Net Minority Interest": NaN,
        "Reconciled Depreciation": NaN,
        "Reconciled Cost Of Revenue": NaN,
        "EBITDA": NaN,
        "EBIT": NaN,
        "Net Interest Income": NaN,
        "Interest Expense": NaN,
        "Normalized Income": NaN,
        "Net Income From Continuing And Discontinued Operation": NaN,
        "Total Expenses": NaN,
        "Total Operating Income As Reported": NaN,
        "Diluted Average Shares": NaN,
        "Basic Average Shares": NaN,
        "Diluted EPS": NaN,
        "Basic EPS": NaN,
        "Diluted NI Availto Com Stockholders": NaN,
        "Net Income Common Stockholders": NaN,
        "Net Income": NaN,
        "Minority Interests": NaN,
        "Net Income Including Noncontrolling Interests": NaN,
        "Net Income Discontinuous Operations": NaN,
        "Net Income Continuous Operations": NaN,
        "Tax Provision": NaN,
        "Pretax Income": NaN,
        "Other Income Expense": NaN,
        "Other Non Operating Income Expenses": NaN,
        "Special Income Charges": NaN,
        "Other Special Charges": -1000000.0,
        "Impairment Of Capital Assets": NaN,
        "Restructuring And Mergern Acquisition": NaN,
        "Net Non Operating Interest Income Expense": NaN,
        "Interest Expense Non Operating": NaN,
        "Operating Income": NaN,
        "Operating Expense": NaN,
        "Selling General And Administration": NaN,
        "Gross Profit": NaN,
        "Cost Of Revenue": NaN,
        "Total Revenue": NaN,
        "Operating Revenue": NaN
    },
    "2022-09-30": {
        "Tax Effect Of Unusual Items": NaN,
        "Tax Rate For Calcs": NaN,
        "Normalized EBITDA": NaN,
        "Total Unusual Items": NaN,
        "Total Unusual Items Excluding Goodwill": NaN,
        "Net Income From Continuing Operation Net Minority Interest": NaN,
        "Reconciled Depreciation": NaN,
        "Reconciled Cost Of Revenue": NaN,
        "EBITDA": NaN,
        "EBIT": NaN,
        "Net Interest Income": NaN,
        "Interest Expense": NaN,
        "Normalized Income": NaN,
        "Net Income From Continuing And Discontinued Operation": NaN,
        "Total Expenses": NaN,
        "Total Operating Income As Reported": NaN,
        "Diluted Average Shares": NaN,
        "Basic Average Shares": NaN,
        "Diluted EPS": NaN,
        "Basic EPS": NaN,
        "Diluted NI Availto Com Stockholders": NaN,
        "Net Income Common Stockholders": NaN,
        "Net Income": NaN,
        "Minority Interests": NaN,
        "Net Income Including Noncontrolling Interests": NaN,
        "Net Income Discontinuous Operations": NaN,
        "Net Income Continuous Operations": NaN,
        "Tax Provision": NaN,
        "Pretax Income": NaN,
        "Other Income Expense": NaN,
        "Other Non Operating Income Expenses": NaN,
        "Special Income Charges": NaN,
        "Other Special Charges": -9000000.0,
        "Impairment Of Capital Assets": NaN,
        "Restructuring And Mergern Acquisition": NaN,
        "Net Non Operating Interest Income Expense": NaN,
        "Interest Expense Non Operating": NaN,
        "Operating Income": NaN,
        "Operating Expense": NaN,
        "Selling General And Administration": NaN,
        "Gross Profit": NaN,
        "Cost Of Revenue": NaN,
        "Total Revenue": NaN,
        "Operating Revenue": NaN
    },
    "2022-06-30": {
        "Tax Effect Of Unusual Items": -5538767.395626,
        "Tax Rate For Calcs": 0.197813,
        "Normalized EBITDA": 1227000000.0,
        "Total Unusual Items": -28000000.0,
        "Total Unusual Items Excluding Goodwill": -28000000.0,
        "Net Income From Continuing Operation Net Minority Interest": 766000000.0,
        "Reconciled Depreciation": 148000000.0,
        "Reconciled Cost Of Revenue": 64131000000.0,
        "EBITDA": 1199000000.0,
        "EBIT": 1051000000.0,
        "Net Interest Income": -45000000.0,
        "Interest Expense": 45000000.0,
        "Normalized Income": 788461232.604374,
        "Net Income From Continuing And Discontinued Operation": 768000000.0,
        "Total Expenses": 66090000000.0,
        "Total Operating Income As Reported": 1036000000.0,
        "Diluted Average Shares": 145900000.0,
        "Basic Average Shares": 144200000.0,
        "Diluted EPS": 5.26,
        "Basic EPS": 5.32,
        "Diluted NI Availto Com Stockholders": 768000000.0,
        "Net Income Common Stockholders": 768000000.0,
        "Net Income": 768000000.0,
        "Minority Interests": -41000000.0,
        "Net Income Including Noncontrolling Interests": 809000000.0,
        "Net Income Discontinuous Operations": 2000000.0,
        "Net Income Continuous Operations": 807000000.0,
        "Tax Provision": 199000000.0,
        "Pretax Income": 1006000000.0,
        "Other Income Expense": -13000000.0,
        "Other Non Operating Income Expenses": 15000000.0,
        "Special Income Charges": -28000000.0,
        "Other Special Charges": 5000000.0,
        "Impairment Of Capital Assets": 0.0,
        "Restructuring And Mergern Acquisition": 23000000.0,
        "Net Non Operating Interest Income Expense": -45000000.0,
        "Interest Expense Non Operating": 45000000.0,
        "Operating Income": 1064000000.0,
        "Operating Expense": 1959000000.0,
        "Selling General And Administration": 1959000000.0,
        "Gross Profit": 3023000000.0,
        "Cost Of Revenue": 64131000000.0,
        "Total Revenue": 67154000000.0,
        "Operating Revenue": 67154000000.0
    },
    "2023-06-30": {
        "Tax Effect Of Unusual Items": NaN,
        "Tax Rate For Calcs": NaN,
        "Normalized EBITDA": NaN,
        "Total Unusual Items": NaN,
        "Total Unusual Items Excluding Goodwill": NaN,
        "Net Income From Continuing Operation Net Minority Interest": NaN,
        "Reconciled Depreciation": NaN,
        "Reconciled Cost Of Revenue": NaN,
        "EBITDA": NaN,
        "EBIT": NaN,
        "Net Interest Income": NaN,
        "Interest Expense": NaN,
        "Normalized Income": NaN,
        "Net Income From Continuing And Discontinued Operation": NaN,
        "Total Expenses": NaN,
        "Total Operating Income As Reported": NaN,
        "Diluted Average Shares": NaN,
        "Basic Average Shares": NaN,
        "Diluted EPS": NaN,
        "Basic EPS": NaN,
        "Diluted NI Availto Com Stockholders": NaN,
        "Net Income Common Stockholders": NaN,
        "Net Income": NaN,
        "Minority Interests": NaN,
        "Net Income Including Noncontrolling Interests": NaN,
        "Net Income Discontinuous Operations": 0.0,
        "Net Income Continuous Operations": NaN,
        "Tax Provision": NaN,
        "Pretax Income": NaN,
        "Other Income Expense": -14000000.0,
        "Other Non Operating Income Expenses": NaN,
        "Special Income Charges": NaN,
        "Other Special Charges": NaN,
        "Impairment Of Capital Assets": 28000000.0,
        "Restructuring And Mergern Acquisition": NaN,
        "Net Non Operating Interest Income Expense": NaN,
        "Interest Expense Non Operating": NaN,
        "Operating Income": NaN,
        "Operating Expense": NaN,
        "Selling General And Administration": NaN,
        "Gross Profit": NaN,
        "Cost Of Revenue": NaN,
        "Total Revenue": NaN,
        "Operating Revenue": NaN
    },
    "2022-03-31": {
        "Diluted EPS": 2.49,
        "Total Revenue": NaN,
        "Gross Profit": NaN,
        "Operating Income": 633,
        "EBIT": 970,
        "Net Income": 368
    },
    "2021-12-31": {
        "Diluted EPS": -0.04,
        "Total Revenue": NaN,
        "Gross Profit": NaN,
        "Operating Income": 298,
        "EBIT": 483,
        "Net Income": -7
    },
    "2021-09-30": {
        "Diluted EPS": 1.71,
        "Total Revenue": NaN,
        "Gross Profit": NaN,
        "Operating Income": 539,
        "EBIT": 734,
        "Net Income": 267
    },
    "2021-06-30": {
        "Diluted EPS": 3.07,
        "Total Revenue": NaN,
        "Gross Profit": NaN,
        "Operating Income": 568,
        "EBIT": 786,
        "Net Income": 486
    },
    "2021-03-31": {
        "Diluted EPS": 4.51,
        "Total Revenue": NaN,
        "Gross Profit": NaN,
        "Operating Income": NaN,
        "EBIT": NaN,
        "Net Income": 666
    },
    "2020-12-31": {
        "Diluted EPS": -39.03,
        "Total Revenue": NaN,
        "Gross Profit": NaN,
        "Operating Income": NaN,
        "EBIT": NaN,
        "Net Income": NaN
    },
    "2020-09-30": {
        "Diluted EPS": 3.54,
        "Total Revenue": NaN,
        "Gross Profit": NaN,
        "Operating Income": 634,
        "EBIT": 960,
        "Net Income": 577
    },
    "2020-06-30": {
        "Diluted EPS": 2.72,
        "Total Revenue": NaN,
        "Gross Profit": NaN,
        "Operating Income": 678,
        "EBIT": 895,
        "Net Income": 444
    },
    "2020-03-31": {
        "Diluted EPS": 5.67,
        "Total Revenue": NaN,
        "Gross Profit": NaN,
        "Operating Income": 869,
        "EBIT": NaN,
        "Net Income": NaN
    },
    "2019-12-31": {
        "Diluted EPS": 1.03,
        "Total Revenue": NaN,
        "Gross Profit": NaN,
        "Operating Income": 360,
        "EBIT": 689,
        "Net Income": 186
    },
    "2019-09-30": {
        "Diluted EPS": -3.99,
        "Total Revenue": NaN,
        "Gross Profit": NaN,
        "Operating Income": 626,
        "EBIT": 867,
        "Net Income": -730
    },
    "2019-06-30": {
        "Diluted EPS": 2.24,
        "Total Revenue": NaN,
        "Gross Profit": NaN,
        "Operating Income": 634,
        "EBIT": 868,
        "Net Income": 423
    },
    "2019-03-31": {
        "Diluted EPS": -4.06,
        "Total Revenue": NaN,
        "Gross Profit": NaN,
        "Operating Income": -569,
        "EBIT": NaN,
        "Net Income": -796
    },
    "2018-12-31": {
        "Diluted EPS": 2.4,
        "Total Revenue": NaN,
        "Gross Profit": NaN,
        "Operating Income": 683,
        "EBIT": 982,
        "Net Income": 469
    },
    "2018-09-30": {
        "Diluted EPS": 2.51,
        "Total Revenue": NaN,
        "Gross Profit": NaN,
        "Operating Income": 689,
        "EBIT": 930,
        "Net Income": 499
    },
    "2018-06-30": {
        "Diluted EPS": -0.68,
        "Total Revenue": NaN,
        "Gross Profit": NaN,
        "Operating Income": 83,
        "EBIT": 928,
        "Net Income": -138
    },
    "2018-03-31": {
        "Diluted EPS": -5.47,
        "Total Revenue": NaN,
        "Gross Profit": NaN,
        "Operating Income": -944,
        "EBIT": 988,
        "Net Income": NaN
    },
    "2017-12-31": {
        "Diluted EPS": 4.33,
        "Total Revenue": NaN,
        "Gross Profit": NaN,
        "Operating Income": 834,
        "EBIT": NaN,
        "Net Income": 903
    },
    "2017-09-30": {
        "Diluted EPS": 0.01,
        "Total Revenue": NaN,
        "Gross Profit": NaN,
        "Operating Income": 239,
        "EBIT": NaN,
        "Net Income": 1
    },
    "2017-06-30": {
        "Diluted EPS": 1.45,
        "Total Revenue": NaN,
        "Gross Profit": NaN,
        "Operating Income": 633,
        "EBIT": 860,
        "Net Income": 309
    },
    "2017-03-31": {
        "Diluted EPS": 16.16,
        "Total Revenue": NaN,
        "Gross Profit": NaN,
        "Operating Income": NaN,
        "EBIT": NaN,
        "Net Income": NaN
    },
    "2016-12-31": {
        "Diluted EPS": 2.85,
        "Total Revenue": NaN,
        "Gross Profit": NaN,
        "Operating Income": 831,
        "EBIT": NaN,
        "Net Income": 633
    },
    "2016-09-30": {
        "Diluted EPS": 1.34,
        "Total Revenue": NaN,
        "Gross Profit": NaN,
        "Operating Income": 580,
        "EBIT": NaN,
        "Net Income": 307
    },
    "2016-06-30": {
        "Diluted EPS": 2.38,
        "Total Revenue": NaN,
        "Gross Profit": NaN,
        "Operating Income": 972,
        "EBIT": NaN,
        "Net Income": 542
    },
    "2016-03-31": {
        "Diluted EPS": 1.89,
        "Total Revenue": NaN,
        "Gross Profit": NaN,
        "Operating Income": 740,
        "EBIT": 962,
        "Net Income": 431
    },
    "2015-12-31": {
        "Diluted EPS": 2.73,
        "Total Revenue": NaN,
        "Gross Profit": NaN,
        "Operating Income": 920,
        "EBIT": NaN,
        "Net Income": 634
    },
    "2015-09-30": {
        "Diluted EPS": 2.63,
        "Total Revenue": NaN,
        "Gross Profit": NaN,
        "Operating Income": 954,
        "EBIT": NaN,
        "Net Income": 617
    },
    "2015-06-30": {
        "Diluted EPS": 2.45,
        "Total Revenue": NaN,
        "Gross Profit": NaN,
        "Operating Income": 931,
        "EBIT": NaN,
        "Net Income": 576
    },
    "2015-03-31": {
        "Diluted EPS": 0.56,
        "Total Revenue": NaN,
        "Gross Profit": NaN,
        "Operating Income": 700,
        "EBIT": NaN,
        "Net Income": 132
    },
    "2014-12-31": {
        "Diluted EPS": 2.0,
        "Total Revenue": NaN,
        "Gross Profit": NaN,
        "Operating Income": 800,
        "EBIT": NaN,
        "Net Income": 472
    },
    "2014-09-30": {
        "Diluted EPS": 1.99,
        "Total Revenue": NaN,
        "Gross Profit": NaN,
        "Operating Income": 787,
        "EBIT": NaN,
        "Net Income": 469
    },
    "2014-06-30": {
        "Diluted EPS": 1.72,
        "Total Revenue": NaN,
        "Gross Profit": NaN,
        "Operating Income": 681,
        "EBIT": 961,
        "Net Income": 403
    },
    "2014-03-31": {
        "Diluted EPS": 1.56,
        "Total Revenue": NaN,
        "Gross Profit": NaN,
        "Operating Income": 605,
        "EBIT": 845,
        "Net Income": 370
    },
    "2013-12-31": {
        "Diluted EPS": 0.28,
        "Total Revenue": NaN,
        "Gross Profit": NaN,
        "Operating Income": 493,
        "EBIT": 656,
        "Net Income": 65
    },
    "2013-09-30": {
        "Diluted EPS": 1.74,
        "Total Revenue": NaN,
        "Gross Profit": NaN,
        "Operating Income": 686,
        "EBIT": 856,
        "Net Income": 404
    },
    "2013-06-30": {
        "Diluted EPS": 1.83,
        "Total Revenue": NaN,
        "Gross Profit": NaN,
        "Operating Income": 655,
        "EBIT": 817,
        "Net Income": 424
    },
    "2013-03-31": {
        "Diluted EPS": 1.1,
        "Total Revenue": NaN,
        "Gross Profit": NaN,
        "Operating Income": 667,
        "EBIT": 865,
        "Net Income": 259
    },
    "2012-12-31": {
        "Diluted EPS": 1.24,
        "Total Revenue": NaN,
        "Gross Profit": NaN,
        "Operating Income": 498,
        "EBIT": 629,
        "Net Income": 298
    },
    "2012-09-30": {
        "Diluted EPS": 1.67,
        "Total Revenue": NaN,
        "Gross Profit": NaN,
        "Operating Income": 606,
        "EBIT": 733,
        "Net Income": 401
    },
    "2012-06-30": {
        "Diluted EPS": 1.58,
        "Total Revenue": NaN,
        "Gross Profit": NaN,
        "Operating Income": 576,
        "EBIT": 701,
        "Net Income": 380
    },
    "2012-03-31": {
        "Diluted EPS": 2.08,
        "Total Revenue": NaN,
        "Gross Profit": NaN,
        "Operating Income": 682,
        "EBIT": 767,
        "Net Income": 521
    },
    "2011-12-31": {
        "Diluted EPS": 1.2,
        "Total Revenue": NaN,
        "Gross Profit": NaN,
        "Operating Income": 492,
        "EBIT": 629,
        "Net Income": 300
    },
    "2011-09-30": {
        "Diluted EPS": 1.18,
        "Total Revenue": NaN,
        "Gross Profit": NaN,
        "Operating Income": 478,
        "EBIT": 614,
        "Net Income": 296
    },
    "2011-06-30": {
        "Diluted EPS": 1.13,
        "Total Revenue": NaN,
        "Gross Profit": NaN,
        "Operating Income": 472,
        "EBIT": 607,
        "Net Income": 286
    },
    "2011-03-31": {
        "Diluted EPS": 1.62,
        "Total Revenue": NaN,
        "Gross Profit": NaN,
        "Operating Income": 623,
        "EBIT": 767,
        "Net Income": 422
    },
    "2010-12-31": {
        "Diluted EPS": 0.6,
        "Total Revenue": NaN,
        "Gross Profit": NaN,
        "Operating Income": 307,
        "EBIT": 421,
        "Net Income": 155
    },
    "2010-09-30": {
        "Diluted EPS": 1.25,
        "Total Revenue": NaN,
        "Gross Profit": NaN,
        "Operating Income": 417,
        "EBIT": 535,
        "Net Income": 327
    },
    "2010-06-30": {
        "Diluted EPS": 1.1,
        "Total Revenue": NaN,
        "Gross Profit": NaN,
        "Operating Income": 474,
        "EBIT": 594,
        "Net Income": 298
    },
    "2010-03-31": {
        "Diluted EPS": 1.26,
        "Total Revenue": NaN,
        "Gross Profit": NaN,
        "Operating Income": 573,
        "EBIT": 697,
        "Net Income": 348
    },
    "2009-12-31": {
        "Diluted EPS": 1.19,
        "Total Revenue": NaN,
        "Gross Profit": NaN,
        "Operating Income": 509,
        "EBIT": 635,
        "Net Income": 326
    },
    "2009-09-30": {
        "Diluted EPS": 1.11,
        "Total Revenue": NaN,
        "Gross Profit": NaN,
        "Operating Income": 467,
        "EBIT": 580,
        "Net Income": 301
    },
    "2009-06-30": {
        "Diluted EPS": 1.06,
        "Total Revenue": NaN,
        "Gross Profit": NaN,
        "Operating Income": 459,
        "EBIT": 570,
        "Net Income": 288
    },
    "2009-03-31": {
        "Diluted EPS": 1.02,
        "Total Revenue": NaN,
        "Gross Profit": NaN,
        "Operating Income": 498,
        "EBIT": 609,
        "Net Income": 281
    },
    "2023-09-30": {
        "Tax Effect Of Unusual Items": -6058000.0,
        "Tax Rate For Calcs": 0.233,
        "Normalized EBITDA": 1160000000.0,
        "Total Unusual Items": -26000000.0,
        "Total Unusual Items Excluding Goodwill": -26000000.0,
        "Net Income From Continuing Operation Net Minority Interest": 664000000.0,
        "Reconciled Depreciation": 157000000.0,
        "Reconciled Cost Of Revenue": 74146000000.0,
        "EBITDA": 1134000000.0,
        "EBIT": 977000000.0,
        "Net Interest Income": -61000000.0,
        "Interest Expense": 61000000.0,
        "Normalized Income": 683942000.0,
        "Net Income From Continuing And Discontinued Operation": 664000000.0,
        "Total Expenses": 76238000000.0,
        "Total Operating Income As Reported": 951000000.0,
        "Diluted Average Shares": 134800000.0,
        "Basic Average Shares": 134100000.0,
        "Diluted EPS": 4.92,
        "Basic EPS": 4.95,
        "Diluted NI Availto Com Stockholders": 664000000.0,
        "Net Income Common Stockholders": 664000000.0,
        "Net Income": 664000000.0,
        "Minority Interests": -39000000.0,
        "Net Income Including Noncontrolling Interests": 703000000.0,
        "Net Income Discontinuous Operations": 0.0,
        "Net Income Continuous Operations": 703000000.0,
        "Tax Provision": 213000000.0,
        "Pretax Income": 916000000.0,
        "Other Income Expense": NaN,
        "Other Non Operating Income Expenses": 26000000.0,
        "Special Income Charges": -26000000.0,
        "Other Special Charges": -2000000.0,
        "Impairment Of Capital Assets": 0.0,
        "Restructuring And Mergern Acquisition": 28000000.0,
        "Net Non Operating Interest Income Expense": -61000000.0,
        "Interest Expense Non Operating": 61000000.0,
        "Operating Income": 977000000.0,
        "Operating Expense": 2092000000.0,
        "Selling General And Administration": 2092000000.0,
        "Gross Profit": 3069000000.0,
        "Cost Of Revenue": 74146000000.0,
        "Total Revenue": 77215000000.0,
        "Operating Revenue": 77215000000.0
    },
    "2023-12-31": {
        "Tax Effect Of Unusual Items": -840000.0,
        "Tax Rate For Calcs": 0.21,
        "Normalized EBITDA": 839000000.0,
        "Total Unusual Items": -4000000.0,
        "Total Unusual Items Excluding Goodwill": -4000000.0,
        "Net Income From Continuing Operation Net Minority Interest": 589000000.0,
        "Reconciled Depreciation": 159000000.0,
        "Reconciled Cost Of Revenue": 77746000000.0,
        "EBITDA": 835000000.0,
        "EBIT": 676000000.0,
        "Net Interest Income": -64000000.0,
        "Interest Expense": 64000000.0,
        "Normalized Income": 592160000.0,
        "Net Income From Continuing And Discontinued Operation": 589000000.0,
        "Total Expenses": 80252000000.0,
        "Total Operating Income As Reported": 642000000.0,
        "Diluted Average Shares": 133300000.0,
        "Basic Average Shares": 132500000.0,
        "Diluted EPS": 4.42,
        "Basic EPS": 4.45,
        "Diluted NI Availto Com Stockholders": 589000000.0,
        "Net Income Common Stockholders": 589000000.0,
        "Net Income": 589000000.0,
        "Minority Interests": -41000000.0,
        "Net Income Including Noncontrolling Interests": 630000000.0,
        "Net Income Discontinuous Operations": 0.0,
        "Net Income Continuous Operations": 630000000.0,
        "Tax Provision": -18000000.0,
        "Pretax Income": 612000000.0,
        "Other Income Expense": 30000000.0,
        "Other Non Operating Income Expenses": 34000000.0,
        "Special Income Charges": -4000000.0,
        "Other Special Charges": NaN,
        "Impairment Of Capital Assets": 0.0,
        "Restructuring And Mergern Acquisition": 4000000.0,
        "Net Non Operating Interest Income Expense": -64000000.0,
        "Interest Expense Non Operating": 64000000.0,
        "Operating Income": 646000000.0,
        "Operating Expense": 2506000000.0,
        "Selling General And Administration": 2506000000.0,
        "Gross Profit": 3152000000.0,
        "Cost Of Revenue": 77746000000.0,
        "Total Revenue": 80898000000.0,
        "Operating Revenue": 80898000000.0
    },
    "2024-03-31": {
        "Tax Effect Of Unusual Items": -58119658.119658,
        "Tax Rate For Calcs": 0.290598,
        "Normalized EBITDA": 1610000000.0,
        "Total Unusual Items": -200000000.0,
        "Total Unusual Items Excluding Goodwill": -200000000.0,
        "Net Income From Continuing Operation Net Minority Interest": 791000000.0,
        "Reconciled Depreciation": 160000000.0,
        "Reconciled Cost Of Revenue": 72770000000.0,
        "EBITDA": 1410000000.0,
        "EBIT": 1250000000.0,
        "Net Interest Income": 38000000.0,
        "Interest Expense": 80000000.0,
        "Normalized Income": 932880341.880342,
        "Net Income From Continuing And Discontinued Operation": 791000000.0,
        "Total Expenses": 74959000000.0,
        "Total Operating Income As Reported": 1216000000.0,
        "Diluted Average Shares": 131600000.0,
        "Basic Average Shares": 130700000.0,
        "Diluted EPS": 6.02,
        "Basic EPS": 6.06,
        "Diluted NI Availto Com Stockholders": 791000000.0,
        "Net Income Common Stockholders": 791000000.0,
        "Net Income": 791000000.0,
        "Minority Interests": -39000000.0,
        "Net Income Including Noncontrolling Interests": 830000000.0,
        "Net Income Discontinuous Operations": 0.0,
        "Net Income Continuous Operations": 830000000.0,
        "Tax Provision": 340000000.0,
        "Pretax Income": 1170000000.0,
        "Other Income Expense": -264000000.0,
        "Other Non Operating Income Expenses": -64000000.0,
        "Special Income Charges": -180000000.0,
        "Other Special Charges": 149000000.0,
        "Impairment Of Capital Assets": NaN,
        "Restructuring And Mergern Acquisition": 59000000.0,
        "Net Non Operating Interest Income Expense": 38000000.0,
        "Interest Expense Non Operating": 80000000.0,
        "Operating Income": 1396000000.0,
        "Operating Expense": 2189000000.0,
        "Selling General And Administration": 2189000000.0,
        "Gross Profit": 3585000000.0,
        "Cost Of Revenue": 72770000000.0,
        "Total Revenue": 76355000000.0,
        "Operating Revenue": 76355000000.0
    },
    "2024-06-30": {
        "Tax Effect Of Unusual Items": -13908000.0,
        "Tax Rate For Calcs": 0.114,
        "Normalized EBITDA": 1450000000.0,
        "Total Unusual Items": -122000000.0,
        "Total Unusual Items Excluding Goodwill": -122000000.0,
        "Net Income From Continuing Operation Net Minority Interest": 915000000.0,
        "Reconciled Depreciation": 169000000.0,
        "Reconciled Cost Of Revenue": 76131000000.0,
        "EBITDA": 1328000000.0,
        "EBIT": 1159000000.0,
        "Net Interest Income": -75000000.0,
        "Interest Expense": 75000000.0,
        "Normalized Income": 1023092000.0,
        "Net Income From Continuing And Discontinued Operation": 915000000.0,
        "Total Expenses": 78132000000.0,
        "Total Operating Income As Reported": 1029000000.0,
        "Diluted Average Shares": 130700000.0,
        "Basic Average Shares": 129800000.0,
        "Diluted EPS": 7.0,
        "Basic EPS": 7.04,
        "Diluted NI Availto Com Stockholders": 915000000.0,
        "Net Income Common Stockholders": 915000000.0,
        "Net Income": 915000000.0,
        "Minority Interests": -45000000.0,
        "Net Income Including Noncontrolling Interests": 960000000.0,
        "Net Income Discontinuous Operations": NaN,
        "Net Income Continuous Operations": 960000000.0,
        "Tax Provision": 124000000.0,
        "Pretax Income": 1084000000.0,
        "Other Income Expense": 8000000.0,
        "Other Non Operating Income Expenses": 130000000.0,
        "Special Income Charges": -122000000.0,
        "Other Special Charges": 112000000.0,
        "Impairment Of Capital Assets": 3000000.0,
        "Restructuring And Mergern Acquisition": 7000000.0,
        "Net Non Operating Interest Income Expense": -75000000.0,
        "Interest Expense Non Operating": 75000000.0,
        "Operating Income": 1151000000.0,
        "Operating Expense": 2001000000.0,
        "Selling General And Administration": 2001000000.0,
        "Gross Profit": 3152000000.0,
        "Cost Of Revenue": 76131000000.0,
        "Total Revenue": 79283000000.0,
        "Operating Revenue": 79283000000.0
    },
    "2024-09-30": {
        "Tax Effect Of Unusual Items": -35070000.0,
        "Tax Rate For Calcs": 0.21,
        "Normalized EBITDA": 942000000.0,
        "Total Unusual Items": -167000000.0,
        "Total Unusual Items Excluding Goodwill": -167000000.0,
        "Net Income From Continuing Operation Net Minority Interest": 241000000.0,
        "Reconciled Depreciation": 163000000.0,
        "Reconciled Cost Of Revenue": 90403000000.0,
        "EBITDA": 775000000.0,
        "EBIT": 612000000.0,
        "Net Interest Income": -78000000.0,
        "Interest Expense": 78000000.0,
        "Normalized Income": 372930000.0,
        "Net Income From Continuing And Discontinued Operation": 241000000.0,
        "Total Expenses": 92906000000.0,
        "Total Operating Income As Reported": 578000000.0,
        "Diluted Average Shares": 129300000.0,
        "Basic Average Shares": 128700000.0,
        "Diluted EPS": 1.87,
        "Basic EPS": 1.88,
        "Diluted NI Availto Com Stockholders": 241000000.0,
        "Net Income Common Stockholders": 241000000.0,
        "Net Income": 241000000.0,
        "Minority Interests": -46000000.0,
        "Net Income Including Noncontrolling Interests": 287000000.0,
        "Net Income Discontinuous Operations": NaN,
        "Net Income Continuous Operations": 287000000.0,
        "Tax Provision": 247000000.0,
        "Pretax Income": 534000000.0,
        "Other Income Expense": -133000000.0,
        "Other Non Operating Income Expenses": 34000000.0,
        "Special Income Charges": -167000000.0,
        "Other Special Charges": -4000000.0,
        "Impairment Of Capital Assets": NaN,
        "Restructuring And Mergern Acquisition": 171000000.0,
        "Net Non Operating Interest Income Expense": -78000000.0,
        "Interest Expense Non Operating": 78000000.0,
        "Operating Income": 745000000.0,
        "Operating Expense": 2503000000.0,
        "Selling General And Administration": 2503000000.0,
        "Gross Profit": 3248000000.0,
        "Cost Of Revenue": 90403000000.0,
        "Total Revenue": 93651000000.0,
        "Operating Revenue": 93651000000.0
    }
}