{
    "2023-03-31": {
        "Tax Effect Of Unusual Items": NaN,
        "Tax Rate For Calcs": NaN,
        "Normalized EBITDA": NaN,
        "Total Unusual Items": NaN,
        "Total Unusual Items Excluding Goodwill": NaN,
        "Net Income From Continuing Operation Net Minority Interest": NaN,
        "Reconciled Depreciation": NaN,
        "Reconciled Cost Of Revenue": NaN,
        "EBITDA": NaN,
        "EBIT": NaN,
        "Net Interest Income": NaN,
        "Interest Expense": NaN,
        "Normalized Income": NaN,
        "Net Income From Continuing And Discontinued Operation": NaN,
        "Total Expenses": NaN,
        "Total Operating Income As Reported": NaN,
        "Diluted Average Shares": NaN,
        "Basic Average Shares": NaN,
        "Diluted EPS": NaN,
        "Basic EPS": NaN,
        "Diluted NI Availto Com Stockholders": NaN,
        "Net Income Common Stockholders": NaN,
        "Net Income": NaN,
        "Minority Interests": 0.0,
        "Net Income Including Noncontrolling Interests": NaN,
        "Net Income Discontinuous Operations": 0.0,
        "Net Income Continuous Operations": NaN,
        "Tax Provision": NaN,
        "Pretax Income": NaN,
        "Other Income Expense": NaN,
        "Special Income Charges": NaN,
        "Gain On Sale Of Business": NaN,
        "Impairment Of Capital Assets": NaN,
        "Restructuring And Mergern Acquisition": NaN,
        "Earnings From Equity Interest": NaN,
        "Gain On Sale Of Security": NaN,
        "Net Non Operating Interest Income Expense": NaN,
        "Interest Expense Non Operating": NaN,
        "Operating Income": NaN,
        "Operating Expense": NaN,
        "Depreciation Amortization Depletion Income Statement": NaN,
        "Depreciation And Amortization In Income Statement": NaN,
        "Selling General And Administration": NaN,
        "General And Administrative Expense": NaN,
        "Other Gand A": NaN,
        "Gross Profit": NaN,
        "Cost Of Revenue": NaN,
        "Total Revenue": NaN,
        "Operating Revenue": NaN
    },
    "2022-12-31": {
        "Tax Effect Of Unusual Items": NaN,
        "Tax Rate For Calcs": NaN,
        "Normalized EBITDA": NaN,
        "Total Unusual Items": NaN,
        "Total Unusual Items Excluding Goodwill": NaN,
        "Net Income From Continuing Operation Net Minority Interest": NaN,
        "Reconciled Depreciation": NaN,
        "Reconciled Cost Of Revenue": NaN,
        "EBITDA": NaN,
        "EBIT": NaN,
        "Net Interest Income": NaN,
        "Interest Expense": NaN,
        "Normalized Income": NaN,
        "Net Income From Continuing And Discontinued Operation": NaN,
        "Total Expenses": NaN,
        "Total Operating Income As Reported": NaN,
        "Diluted Average Shares": NaN,
        "Basic Average Shares": NaN,
        "Diluted EPS": NaN,
        "Basic EPS": NaN,
        "Diluted NI Availto Com Stockholders": NaN,
        "Net Income Common Stockholders": NaN,
        "Net Income": NaN,
        "Minority Interests": 0.0,
        "Net Income Including Noncontrolling Interests": NaN,
        "Net Income Discontinuous Operations": 5659000.0,
        "Net Income Continuous Operations": NaN,
        "Tax Provision": NaN,
        "Pretax Income": NaN,
        "Other Income Expense": NaN,
        "Special Income Charges": NaN,
        "Gain On Sale Of Ppe": 0.0,
        "Gain On Sale Of Business": NaN,
        "Other Special Charges": 0.0,
        "Impairment Of Capital Assets": NaN,
        "Restructuring And Mergern Acquisition": NaN,
        "Earnings From Equity Interest": NaN,
        "Gain On Sale Of Security": NaN,
        "Net Non Operating Interest Income Expense": NaN,
        "Interest Expense Non Operating": NaN,
        "Operating Income": NaN,
        "Operating Expense": NaN,
        "Depreciation Amortization Depletion Income Statement": NaN,
        "Depreciation And Amortization In Income Statement": NaN,
        "Selling General And Administration": NaN,
        "General And Administrative Expense": NaN,
        "Other Gand A": NaN,
        "Gross Profit": NaN,
        "Cost Of Revenue": NaN,
        "Total Revenue": NaN,
        "Operating Revenue": NaN
    },
    "2022-09-30": {
        "Tax Effect Of Unusual Items": NaN,
        "Tax Rate For Calcs": NaN,
        "Normalized EBITDA": NaN,
        "Total Unusual Items": NaN,
        "Total Unusual Items Excluding Goodwill": NaN,
        "Net Income From Continuing Operation Net Minority Interest": NaN,
        "Reconciled Depreciation": NaN,
        "Reconciled Cost Of Revenue": NaN,
        "EBITDA": NaN,
        "EBIT": NaN,
        "Net Interest Income": NaN,
        "Interest Expense": NaN,
        "Normalized Income": NaN,
        "Net Income From Continuing And Discontinued Operation": NaN,
        "Total Expenses": NaN,
        "Total Operating Income As Reported": NaN,
        "Diluted Average Shares": NaN,
        "Basic Average Shares": NaN,
        "Diluted EPS": NaN,
        "Basic EPS": NaN,
        "Diluted NI Availto Com Stockholders": NaN,
        "Net Income Common Stockholders": NaN,
        "Net Income": NaN,
        "Minority Interests": NaN,
        "Net Income Including Noncontrolling Interests": NaN,
        "Net Income Discontinuous Operations": NaN,
        "Net Income Continuous Operations": NaN,
        "Tax Provision": NaN,
        "Pretax Income": NaN,
        "Other Income Expense": NaN,
        "Special Income Charges": NaN,
        "Gain On Sale Of Ppe": 0.0,
        "Other Special Charges": NaN,
        "Restructuring And Mergern Acquisition": NaN,
        "Earnings From Equity Interest": NaN,
        "Gain On Sale Of Security": NaN,
        "Net Non Operating Interest Income Expense": NaN,
        "Interest Expense Non Operating": NaN,
        "Operating Income": NaN,
        "Operating Expense": NaN,
        "Depreciation Amortization Depletion Income Statement": NaN,
        "Depreciation And Amortization In Income Statement": NaN,
        "Selling General And Administration": NaN,
        "General And Administrative Expense": NaN,
        "Other Gand A": NaN,
        "Gross Profit": NaN,
        "Cost Of Revenue": NaN,
        "Total Revenue": NaN,
        "Operating Revenue": NaN
    },
    "2022-06-30": {
        "Tax Effect Of Unusual Items": -1287849.046081,
        "Tax Rate For Calcs": 0.286571,
        "Normalized EBITDA": 64711000.0,
        "Total Unusual Items": -4494000.0,
        "Total Unusual Items Excluding Goodwill": -4494000.0,
        "Net Income From Continuing Operation Net Minority Interest": 30701000.0,
        "Reconciled Depreciation": 8775000.0,
        "Reconciled Cost Of Revenue": 360600000.0,
        "EBITDA": 60217000.0,
        "EBIT": 51442000.0,
        "Net Interest Income": -8409000.0,
        "Interest Expense": 8409000.0,
        "Normalized Income": 33907150.953919,
        "Net Income From Continuing And Discontinued Operation": 27136000.0,
        "Total Expenses": 430540000.0,
        "Total Operating Income As Reported": 50155000.0,
        "Diluted Average Shares": 85619000.0,
        "Basic Average Shares": 85078000.0,
        "Diluted EPS": 0.32,
        "Basic EPS": 0.32,
        "Diluted NI Availto Com Stockholders": 27136000.0,
        "Net Income Common Stockholders": 27136000.0,
        "Net Income": 27136000.0,
        "Minority Interests": 0.0,
        "Net Income Including Noncontrolling Interests": 27136000.0,
        "Net Income Discontinuous Operations": -3565000.0,
        "Net Income Continuous Operations": 30701000.0,
        "Tax Provision": 12332000.0,
        "Pretax Income": 43033000.0,
        "Other Income Expense": -4051000.0,
        "Special Income Charges": -5338000.0,
        "Gain On Sale Of Ppe": 0.0,
        "Other Special Charges": NaN,
        "Restructuring And Mergern Acquisition": 5338000.0,
        "Earnings From Equity Interest": 443000.0,
        "Gain On Sale Of Security": 844000.0,
        "Net Non Operating Interest Income Expense": -8409000.0,
        "Interest Expense Non Operating": 8409000.0,
        "Operating Income": 55493000.0,
        "Operating Expense": 69940000.0,
        "Depreciation Amortization Depletion Income Statement": 8775000.0,
        "Depreciation And Amortization In Income Statement": 8775000.0,
        "Selling General And Administration": 61165000.0,
        "General And Administrative Expense": 61165000.0,
        "Other Gand A": 61165000.0,
        "Gross Profit": 125433000.0,
        "Cost Of Revenue": 360600000.0,
        "Total Revenue": 486033000.0,
        "Operating Revenue": 486033000.0
    },
    "2023-06-30": {
        "Tax Effect Of Unusual Items": 325786.0,
        "Tax Rate For Calcs": 0.274,
        "Normalized EBITDA": 57933000.0,
        "Total Unusual Items": 1189000.0,
        "Total Unusual Items Excluding Goodwill": 1189000.0,
        "Net Income From Continuing Operation Net Minority Interest": 28282000.0,
        "Reconciled Depreciation": 8945000.0,
        "Reconciled Cost Of Revenue": 385121000.0,
        "EBITDA": 59122000.0,
        "EBIT": 50177000.0,
        "Net Interest Income": -11230000.0,
        "Interest Expense": 11230000.0,
        "Normalized Income": 27418786.0,
        "Net Income From Continuing And Discontinued Operation": 28282000.0,
        "Total Expenses": 452079000.0,
        "Total Operating Income As Reported": 48498000.0,
        "Diluted Average Shares": 82664000.0,
        "Basic Average Shares": 82399000.0,
        "Diluted EPS": 0.34,
        "Basic EPS": 0.34,
        "Diluted NI Availto Com Stockholders": 28282000.0,
        "Net Income Common Stockholders": 28282000.0,
        "Net Income": 28282000.0,
        "Minority Interests": 0.0,
        "Net Income Including Noncontrolling Interests": 28282000.0,
        "Net Income Discontinuous Operations": 0.0,
        "Net Income Continuous Operations": 28282000.0,
        "Tax Provision": 10665000.0,
        "Pretax Income": 38947000.0,
        "Other Income Expense": 1679000.0,
        "Special Income Charges": 0.0,
        "Gain On Sale Of Business": 0.0,
        "Impairment Of Capital Assets": 0.0,
        "Restructuring And Mergern Acquisition": 0.0,
        "Earnings From Equity Interest": 490000.0,
        "Gain On Sale Of Security": 1189000.0,
        "Net Non Operating Interest Income Expense": -11230000.0,
        "Interest Expense Non Operating": 11230000.0,
        "Operating Income": 48498000.0,
        "Operating Expense": 66958000.0,
        "Depreciation Amortization Depletion Income Statement": 8945000.0,
        "Depreciation And Amortization In Income Statement": 8945000.0,
        "Selling General And Administration": 58013000.0,
        "General And Administrative Expense": 58013000.0,
        "Other Gand A": 58013000.0,
        "Gross Profit": 115456000.0,
        "Cost Of Revenue": 385121000.0,
        "Total Revenue": 500577000.0,
        "Operating Revenue": 499968000.0
    },
    "2023-09-30": {
        "Tax Effect Of Unusual Items": 83538.0,
        "Tax Rate For Calcs": 0.306,
        "Normalized EBITDA": 50144000.0,
        "Total Unusual Items": 273000.0,
        "Total Unusual Items Excluding Goodwill": 273000.0,
        "Net Income From Continuing Operation Net Minority Interest": 21391000.0,
        "Reconciled Depreciation": 9211000.0,
        "Reconciled Cost Of Revenue": 399723000.0,
        "EBITDA": 50417000.0,
        "EBIT": 41206000.0,
        "Net Interest Income": -10374000.0,
        "Interest Expense": 10374000.0,
        "Normalized Income": 21201538.0,
        "Net Income From Continuing And Discontinued Operation": 21391000.0,
        "Total Expenses": 466340000.0,
        "Total Operating Income As Reported": 40272000.0,
        "Diluted Average Shares": 82950000.0,
        "Basic Average Shares": 82543000.0,
        "Diluted EPS": 0.26,
        "Basic EPS": 0.26,
        "Diluted NI Availto Com Stockholders": 21391000.0,
        "Net Income Common Stockholders": 21391000.0,
        "Net Income": 21391000.0,
        "Minority Interests": 0.0,
        "Net Income Including Noncontrolling Interests": 21391000.0,
        "Net Income Discontinuous Operations": 0.0,
        "Net Income Continuous Operations": 21391000.0,
        "Tax Provision": 9441000.0,
        "Pretax Income": 30832000.0,
        "Other Income Expense": 934000.0,
        "Special Income Charges": 0.0,
        "Gain On Sale Of Business": NaN,
        "Impairment Of Capital Assets": NaN,
        "Restructuring And Mergern Acquisition": 0.0,
        "Earnings From Equity Interest": 661000.0,
        "Gain On Sale Of Security": 273000.0,
        "Net Non Operating Interest Income Expense": -10374000.0,
        "Interest Expense Non Operating": 10374000.0,
        "Operating Income": 40272000.0,
        "Operating Expense": 66617000.0,
        "Depreciation Amortization Depletion Income Statement": 9211000.0,
        "Depreciation And Amortization In Income Statement": 9211000.0,
        "Selling General And Administration": 57406000.0,
        "General And Administrative Expense": 57406000.0,
        "Other Gand A": 57406000.0,
        "Gross Profit": 106889000.0,
        "Cost Of Revenue": 399723000.0,
        "Total Revenue": 506612000.0,
        "Operating Revenue": 506033000.0
    },
    "2023-12-31": {
        "Tax Effect Of Unusual Items": -17650649.672308,
        "Tax Rate For Calcs": 0.104883,
        "Normalized EBITDA": 48582000.0,
        "Total Unusual Items": -168289000.0,
        "Total Unusual Items Excluding Goodwill": -168289000.0,
        "Net Income From Continuing Operation Net Minority Interest": -124287000.0,
        "Reconciled Depreciation": 9062000.0,
        "Reconciled Cost Of Revenue": 395276000.0,
        "EBITDA": -119707000.0,
        "EBIT": -128769000.0,
        "Net Interest Income": -10081000.0,
        "Interest Expense": 10081000.0,
        "Normalized Income": 26351350.327692,
        "Net Income From Continuing And Discontinued Operation": -124287000.0,
        "Total Expenses": 457402000.0,
        "Total Operating Income As Reported": -111490000.0,
        "Diluted Average Shares": 84018023.0,
        "Basic Average Shares": 84018023.0,
        "Diluted EPS": -1.5,
        "Basic EPS": -1.47929,
        "Diluted NI Availto Com Stockholders": -124287000.0,
        "Net Income Common Stockholders": -124287000.0,
        "Net Income": -124287000.0,
        "Minority Interests": 0.0,
        "Net Income Including Noncontrolling Interests": -124287000.0,
        "Net Income Discontinuous Operations": 0.0,
        "Net Income Continuous Operations": -124287000.0,
        "Tax Provision": -14563000.0,
        "Pretax Income": -138850000.0,
        "Other Income Expense": -167810000.0,
        "Special Income Charges": -170531000.0,
        "Gain On Sale Of Business": NaN,
        "Impairment Of Capital Assets": NaN,
        "Restructuring And Mergern Acquisition": 2219000.0,
        "Earnings From Equity Interest": 479000.0,
        "Gain On Sale Of Security": 2242000.0,
        "Net Non Operating Interest Income Expense": -10081000.0,
        "Interest Expense Non Operating": 10081000.0,
        "Operating Income": 39041000.0,
        "Operating Expense": 62126000.0,
        "Depreciation Amortization Depletion Income Statement": 9062000.0,
        "Depreciation And Amortization In Income Statement": 9062000.0,
        "Selling General And Administration": 53064000.0,
        "General And Administrative Expense": 53064000.0,
        "Other Gand A": 53064000.0,
        "Gross Profit": 101167000.0,
        "Cost Of Revenue": 395276000.0,
        "Total Revenue": 496443000.0,
        "Operating Revenue": 496871000.0
    },
    "2024-03-31": {
        "Tax Effect Of Unusual Items": -1358070.0,
        "Tax Rate For Calcs": 0.21,
        "Normalized EBITDA": 35198000.0,
        "Total Unusual Items": -6467000.0,
        "Total Unusual Items Excluding Goodwill": -6467000.0,
        "Net Income From Continuing Operation Net Minority Interest": 4035000.0,
        "Reconciled Depreciation": 10308000.0,
        "Reconciled Cost Of Revenue": 400223000.0,
        "EBITDA": 28731000.0,
        "EBIT": 18423000.0,
        "Net Interest Income": -10599000.0,
        "Interest Expense": 10599000.0,
        "Normalized Income": 9143930.0,
        "Net Income From Continuing And Discontinued Operation": 4035000.0,
        "Total Expenses": 470729000.0,
        "Total Operating Income As Reported": 15892000.0,
        "Diluted Average Shares": 83275000.0,
        "Basic Average Shares": 82863000.0,
        "Diluted EPS": 0.05,
        "Basic EPS": 0.05,
        "Diluted NI Availto Com Stockholders": 4035000.0,
        "Net Income Common Stockholders": 4035000.0,
        "Net Income": 4035000.0,
        "Minority Interests": NaN,
        "Net Income Including Noncontrolling Interests": 4035000.0,
        "Net Income Discontinuous Operations": NaN,
        "Net Income Continuous Operations": 4035000.0,
        "Tax Provision": 3789000.0,
        "Pretax Income": 7824000.0,
        "Other Income Expense": -5949000.0,
        "Special Income Charges": -8480000.0,
        "Gain On Sale Of Business": NaN,
        "Impairment Of Capital Assets": NaN,
        "Restructuring And Mergern Acquisition": 8480000.0,
        "Earnings From Equity Interest": 518000.0,
        "Gain On Sale Of Security": 2013000.0,
        "Net Non Operating Interest Income Expense": -10599000.0,
        "Interest Expense Non Operating": 10599000.0,
        "Operating Income": 24372000.0,
        "Operating Expense": 70506000.0,
        "Depreciation Amortization Depletion Income Statement": 10308000.0,
        "Depreciation And Amortization In Income Statement": 10308000.0,
        "Selling General And Administration": 60198000.0,
        "General And Administrative Expense": 60198000.0,
        "Other Gand A": 60198000.0,
        "Gross Profit": 94878000.0,
        "Cost Of Revenue": 400223000.0,
        "Total Revenue": 495101000.0,
        "Operating Revenue": 493634000.0
    },
    "2024-06-30": {
        "Tax Effect Of Unusual Items": -18184936.0,
        "Tax Rate For Calcs": 0.088,
        "Normalized EBITDA": 58018000.0,
        "Total Unusual Items": -206647000.0,
        "Total Unusual Items Excluding Goodwill": -206647000.0,
        "Net Income From Continuing Operation Net Minority Interest": -153025000.0,
        "Reconciled Depreciation": 8791000.0,
        "Reconciled Cost Of Revenue": 390177000.0,
        "EBITDA": -148629000.0,
        "EBIT": -157420000.0,
        "Net Interest Income": -10308000.0,
        "Interest Expense": 10308000.0,
        "Normalized Income": 35437064.0,
        "Net Income From Continuing And Discontinued Operation": -153025000.0,
        "Total Expenses": 455533000.0,
        "Total Operating Income As Reported": -157723000.0,
        "Diluted Average Shares": 83332000.0,
        "Basic Average Shares": 83332000.0,
        "Diluted EPS": -1.84,
        "Basic EPS": -1.84,
        "Diluted NI Availto Com Stockholders": -153025000.0,
        "Net Income Common Stockholders": -153025000.0,
        "Net Income": -153025000.0,
        "Minority Interests": NaN,
        "Net Income Including Noncontrolling Interests": -153025000.0,
        "Net Income Discontinuous Operations": NaN,
        "Net Income Continuous Operations": -153025000.0,
        "Tax Provision": -14703000.0,
        "Pretax Income": -167728000.0,
        "Other Income Expense": -206183000.0,
        "Special Income Charges": -206486000.0,
        "Gain On Sale Of Business": -10873000.0,
        "Impairment Of Capital Assets": 182034000.0,
        "Restructuring And Mergern Acquisition": 13579000.0,
        "Earnings From Equity Interest": 464000.0,
        "Gain On Sale Of Security": -161000.0,
        "Net Non Operating Interest Income Expense": -10308000.0,
        "Interest Expense Non Operating": 10308000.0,
        "Operating Income": 48763000.0,
        "Operating Expense": 65356000.0,
        "Depreciation Amortization Depletion Income Statement": 8791000.0,
        "Depreciation And Amortization In Income Statement": 8791000.0,
        "Selling General And Administration": 56565000.0,
        "General And Administrative Expense": 56565000.0,
        "Other Gand A": 56565000.0,
        "Gross Profit": 114119000.0,
        "Cost Of Revenue": 390177000.0,
        "Total Revenue": 504296000.0,
        "Operating Revenue": 503760000.0
    }
}