{
    "2023-04-30": {
        "Tax Effect Of Unusual Items": -61617021.276596,
        "Tax Rate For Calcs": 0.233398,
        "Normalized EBITDA": 2681000000.0,
        "Total Unusual Items": -264000000.0,
        "Total Unusual Items Excluding Goodwill": -264000000.0,
        "Net Income From Continuing Operation Net Minority Interest": 1179000000.0,
        "Reconciled Depreciation": 679000000.0,
        "Reconciled Cost Of Revenue": 2723000000.0,
        "EBITDA": 2417000000.0,
        "EBIT": 1738000000.0,
        "Net Interest Income": -187000000.0,
        "Interest Expense": 187000000.0,
        "Normalized Income": 1381382978.723404,
        "Net Income From Continuing And Discontinued Operation": 1179000000.0,
        "Total Expenses": 6715000000.0,
        "Total Operating Income As Reported": 1565000000.0,
        "Diluted Average Shares": 1332800000.0,
        "Basic Average Shares": 1330400000.0,
        "Diluted EPS": 0.88,
        "Basic EPS": 0.89,
        "Diluted NI Availto Com Stockholders": 1179000000.0,
        "Net Income Common Stockholders": 1179000000.0,
        "Net Income": 1179000000.0,
        "Minority Interests": -9000000.0,
        "Net Income Including Noncontrolling Interests": 1189000000.0,
        "Net Income Continuous Operations": 1189000000.0,
        "Tax Provision": 362000000.0,
        "Pretax Income": 1551000000.0,
        "Other Income Expense": -91000000.0,
        "Other Non Operating Income Expenses": 173000000.0,
        "Special Income Charges": -264000000.0,
        "Other Special Charges": NaN,
        "Restructuring And Mergern Acquisition": 294000000.0,
        "Net Non Operating Interest Income Expense": -187000000.0,
        "Interest Expense Non Operating": 187000000.0,
        "Operating Income": 1830000000.0,
        "Operating Expense": 3736000000.0,
        "Other Operating Expenses": 56000000.0,
        "Depreciation Amortization Depletion Income Statement": 423000000.0,
        "Depreciation And Amortization In Income Statement": 423000000.0,
        "Amortization": 423000000.0,
        "Amortization Of Intangibles Income Statement": 423000000.0,
        "Research And Development": 641000000.0,
        "Selling General And Administration": 2616000000.0,
        "Gross Profit": 5566000000.0,
        "Cost Of Revenue": 2979000000.0,
        "Total Revenue": 8545000000.0,
        "Operating Revenue": 8545000000.0
    },
    "2023-01-31": {
        "Tax Effect Of Unusual Items": NaN,
        "Tax Rate For Calcs": NaN,
        "Normalized EBITDA": NaN,
        "Total Unusual Items": NaN,
        "Total Unusual Items Excluding Goodwill": NaN,
        "Net Income From Continuing Operation Net Minority Interest": NaN,
        "Reconciled Depreciation": NaN,
        "Reconciled Cost Of Revenue": NaN,
        "EBITDA": NaN,
        "EBIT": NaN,
        "Net Interest Income": NaN,
        "Interest Expense": NaN,
        "Normalized Income": NaN,
        "Net Income From Continuing And Discontinued Operation": NaN,
        "Total Expenses": NaN,
        "Total Operating Income As Reported": NaN,
        "Diluted Average Shares": 1332000000.0,
        "Basic Average Shares": 1330200000.0,
        "Diluted EPS": 0.92,
        "Basic EPS": 0.92,
        "Diluted NI Availto Com Stockholders": NaN,
        "Net Income Common Stockholders": NaN,
        "Net Income": NaN,
        "Minority Interests": NaN,
        "Net Income Including Noncontrolling Interests": NaN,
        "Net Income Continuous Operations": NaN,
        "Tax Provision": NaN,
        "Pretax Income": NaN,
        "Other Income Expense": NaN,
        "Other Non Operating Income Expenses": NaN,
        "Special Income Charges": NaN,
        "Other Special Charges": NaN,
        "Restructuring And Mergern Acquisition": NaN,
        "Net Non Operating Interest Income Expense": NaN,
        "Interest Expense Non Operating": NaN,
        "Operating Income": NaN,
        "Operating Expense": NaN,
        "Other Operating Expenses": NaN,
        "Depreciation Amortization Depletion Income Statement": NaN,
        "Depreciation And Amortization In Income Statement": NaN,
        "Amortization": NaN,
        "Amortization Of Intangibles Income Statement": NaN,
        "Research And Development": NaN,
        "Selling General And Administration": NaN,
        "Gross Profit": NaN,
        "Cost Of Revenue": NaN,
        "Total Revenue": NaN,
        "Operating Revenue": NaN
    },
    "2022-10-31": {
        "Tax Effect Of Unusual Items": -6300000.0,
        "Tax Rate For Calcs": 0.21,
        "Normalized EBITDA": 2214000000.0,
        "Total Unusual Items": -30000000.0,
        "Total Unusual Items Excluding Goodwill": -30000000.0,
        "Net Income From Continuing Operation Net Minority Interest": 427000000.0,
        "Reconciled Depreciation": 671000000.0,
        "Reconciled Cost Of Revenue": 2285000000.0,
        "EBITDA": 2184000000.0,
        "EBIT": 1513000000.0,
        "Net Interest Income": -118000000.0,
        "Interest Expense": 118000000.0,
        "Normalized Income": 450700000.0,
        "Net Income From Continuing And Discontinued Operation": 427000000.0,
        "Total Expenses": 6152000000.0,
        "Total Operating Income As Reported": 1404000000.0,
        "Diluted Average Shares": 1332000000.0,
        "Basic Average Shares": 1329400000.0,
        "Diluted EPS": 0.32,
        "Basic EPS": 0.32,
        "Diluted NI Availto Com Stockholders": 427000000.0,
        "Net Income Common Stockholders": 427000000.0,
        "Net Income": 427000000.0,
        "Minority Interests": -8000000.0,
        "Net Income Including Noncontrolling Interests": 435000000.0,
        "Net Income Continuous Operations": 435000000.0,
        "Tax Provision": 959000000.0,
        "Pretax Income": 1395000000.0,
        "Other Income Expense": 79000000.0,
        "Other Non Operating Income Expenses": 109000000.0,
        "Special Income Charges": -30000000.0,
        "Other Special Charges": NaN,
        "Restructuring And Mergern Acquisition": 30000000.0,
        "Net Non Operating Interest Income Expense": -118000000.0,
        "Interest Expense Non Operating": 118000000.0,
        "Operating Income": 1433000000.0,
        "Operating Expense": 3617000000.0,
        "Other Operating Expenses": -97000000.0,
        "Depreciation Amortization Depletion Income Statement": 421000000.0,
        "Depreciation And Amortization In Income Statement": 421000000.0,
        "Amortization": 421000000.0,
        "Amortization Of Intangibles Income Statement": 421000000.0,
        "Research And Development": 676000000.0,
        "Selling General And Administration": 2617000000.0,
        "Gross Profit": 5050000000.0,
        "Cost Of Revenue": 2535000000.0,
        "Total Revenue": 7585000000.0,
        "Operating Revenue": 7585000000.0
    },
    "2022-07-31": {
        "Tax Effect Of Unusual Items": -1498000.0,
        "Tax Rate For Calcs": 0.107,
        "Normalized EBITDA": 1890000000.0,
        "Total Unusual Items": -14000000.0,
        "Total Unusual Items Excluding Goodwill": -14000000.0,
        "Net Income From Continuing Operation Net Minority Interest": 929000000.0,
        "Reconciled Depreciation": 668000000.0,
        "Reconciled Cost Of Revenue": 2271000000.0,
        "EBITDA": 1876000000.0,
        "EBIT": 1208000000.0,
        "Net Interest Income": -164000000.0,
        "Interest Expense": 164000000.0,
        "Normalized Income": 941502000.0,
        "Net Income From Continuing And Discontinued Operation": 929000000.0,
        "Total Expenses": 6233000000.0,
        "Total Operating Income As Reported": 1125000000.0,
        "Diluted Average Shares": 1334500000.0,
        "Basic Average Shares": 1329400000.0,
        "Diluted EPS": 0.7,
        "Basic EPS": 0.7,
        "Diluted NI Availto Com Stockholders": 929000000.0,
        "Net Income Common Stockholders": 929000000.0,
        "Net Income": 929000000.0,
        "Minority Interests": -2000000.0,
        "Net Income Including Noncontrolling Interests": 931000000.0,
        "Net Income Continuous Operations": 931000000.0,
        "Tax Provision": 112000000.0,
        "Pretax Income": 1044000000.0,
        "Other Income Expense": 69000000.0,
        "Other Non Operating Income Expenses": 83000000.0,
        "Special Income Charges": -14000000.0,
        "Other Special Charges": NaN,
        "Restructuring And Mergern Acquisition": 14000000.0,
        "Net Non Operating Interest Income Expense": -164000000.0,
        "Interest Expense Non Operating": 164000000.0,
        "Operating Income": 1138000000.0,
        "Operating Expense": 3717000000.0,
        "Other Operating Expenses": 35000000.0,
        "Depreciation Amortization Depletion Income Statement": 423000000.0,
        "Depreciation And Amortization In Income Statement": 423000000.0,
        "Amortization": 423000000.0,
        "Amortization Of Intangibles Income Statement": 423000000.0,
        "Research And Development": 692000000.0,
        "Selling General And Administration": 2567000000.0,
        "Gross Profit": 4855000000.0,
        "Cost Of Revenue": 2516000000.0,
        "Total Revenue": 7371000000.0,
        "Operating Revenue": 7371000000.0
    },
    "2022-04-30": {
        "Diluted EPS": 1.1,
        "Total Revenue": NaN,
        "Gross Profit": NaN,
        "Operating Income": NaN,
        "EBIT": NaN,
        "Net Income": NaN
    },
    "2022-01-31": {
        "Diluted EPS": 1.1,
        "Total Revenue": NaN,
        "Gross Profit": NaN,
        "Operating Income": NaN,
        "EBIT": NaN,
        "Net Income": NaN
    },
    "2021-10-31": {
        "Diluted EPS": 0.97,
        "Total Revenue": NaN,
        "Gross Profit": NaN,
        "Operating Income": NaN,
        "EBIT": NaN,
        "Net Income": NaN
    },
    "2021-07-31": {
        "Diluted EPS": 0.56,
        "Total Revenue": NaN,
        "Gross Profit": NaN,
        "Operating Income": 859,
        "EBIT": NaN,
        "Net Income": 763
    },
    "2021-04-30": {
        "Diluted EPS": 1.0,
        "Total Revenue": NaN,
        "Gross Profit": NaN,
        "Operating Income": NaN,
        "EBIT": NaN,
        "Net Income": NaN
    },
    "2021-01-31": {
        "Diluted EPS": 0.94,
        "Total Revenue": NaN,
        "Gross Profit": NaN,
        "Operating Income": NaN,
        "EBIT": NaN,
        "Net Income": NaN
    },
    "2020-10-31": {
        "Diluted EPS": 0.36,
        "Total Revenue": NaN,
        "Gross Profit": NaN,
        "Operating Income": 930,
        "EBIT": NaN,
        "Net Income": 489
    },
    "2020-07-31": {
        "Diluted EPS": 0.36,
        "Total Revenue": NaN,
        "Gross Profit": NaN,
        "Operating Income": 673,
        "EBIT": NaN,
        "Net Income": 487
    },
    "2020-04-30": {
        "Diluted EPS": 0.47,
        "Total Revenue": NaN,
        "Gross Profit": NaN,
        "Operating Income": 316,
        "EBIT": 988,
        "Net Income": 646
    },
    "2020-01-31": {
        "Diluted EPS": 1.42,
        "Total Revenue": NaN,
        "Gross Profit": NaN,
        "Operating Income": NaN,
        "EBIT": NaN,
        "Net Income": NaN
    },
    "2019-10-31": {
        "Diluted EPS": 1.01,
        "Total Revenue": NaN,
        "Gross Profit": NaN,
        "Operating Income": NaN,
        "EBIT": NaN,
        "Net Income": NaN
    },
    "2019-07-31": {
        "Diluted EPS": 0.64,
        "Total Revenue": NaN,
        "Gross Profit": NaN,
        "Operating Income": NaN,
        "EBIT": NaN,
        "Net Income": 864
    },
    "2019-04-30": {
        "Diluted EPS": 0.86,
        "Total Revenue": NaN,
        "Gross Profit": NaN,
        "Operating Income": NaN,
        "EBIT": NaN,
        "Net Income": NaN
    },
    "2019-01-31": {
        "Diluted EPS": 0.94,
        "Total Revenue": NaN,
        "Gross Profit": NaN,
        "Operating Income": NaN,
        "EBIT": NaN,
        "Net Income": NaN
    },
    "2018-10-31": {
        "Diluted EPS": 0.82,
        "Total Revenue": NaN,
        "Gross Profit": NaN,
        "Operating Income": NaN,
        "EBIT": NaN,
        "Net Income": NaN
    },
    "2018-07-31": {
        "Diluted EPS": 0.79,
        "Total Revenue": NaN,
        "Gross Profit": NaN,
        "Operating Income": NaN,
        "EBIT": NaN,
        "Net Income": NaN
    },
    "2018-04-30": {
        "Diluted EPS": 1.08,
        "Total Revenue": NaN,
        "Gross Profit": NaN,
        "Operating Income": NaN,
        "EBIT": NaN,
        "Net Income": NaN
    },
    "2018-01-31": {
        "Diluted EPS": -1.03,
        "Total Revenue": NaN,
        "Gross Profit": NaN,
        "Operating Income": NaN,
        "EBIT": NaN,
        "Net Income": NaN
    },
    "2017-10-31": {
        "Diluted EPS": 1.48,
        "Total Revenue": NaN,
        "Gross Profit": NaN,
        "Operating Income": NaN,
        "EBIT": NaN,
        "Net Income": NaN
    },
    "2017-07-31": {
        "Diluted EPS": 0.74,
        "Total Revenue": NaN,
        "Gross Profit": NaN,
        "Operating Income": NaN,
        "EBIT": NaN,
        "Net Income": NaN
    },
    "2017-04-30": {
        "Diluted EPS": 0.84,
        "Total Revenue": NaN,
        "Gross Profit": NaN,
        "Operating Income": NaN,
        "EBIT": NaN,
        "Net Income": NaN
    },
    "2017-01-31": {
        "Diluted EPS": 0.59,
        "Total Revenue": NaN,
        "Gross Profit": NaN,
        "Operating Income": NaN,
        "EBIT": NaN,
        "Net Income": 821
    },
    "2016-10-31": {
        "Diluted EPS": 0.8,
        "Total Revenue": NaN,
        "Gross Profit": NaN,
        "Operating Income": NaN,
        "EBIT": NaN,
        "Net Income": NaN
    },
    "2016-07-31": {
        "Diluted EPS": 0.66,
        "Total Revenue": NaN,
        "Gross Profit": NaN,
        "Operating Income": NaN,
        "EBIT": NaN,
        "Net Income": 929
    },
    "2016-04-30": {
        "Diluted EPS": 0.78,
        "Total Revenue": NaN,
        "Gross Profit": NaN,
        "Operating Income": NaN,
        "EBIT": NaN,
        "Net Income": NaN
    },
    "2016-01-31": {
        "Diluted EPS": 0.77,
        "Total Revenue": NaN,
        "Gross Profit": NaN,
        "Operating Income": NaN,
        "EBIT": NaN,
        "Net Income": NaN
    },
    "2015-10-31": {
        "Diluted EPS": 0.36,
        "Total Revenue": NaN,
        "Gross Profit": NaN,
        "Operating Income": NaN,
        "EBIT": NaN,
        "Net Income": 520
    },
    "2015-07-31": {
        "Diluted EPS": 0.57,
        "Total Revenue": NaN,
        "Gross Profit": NaN,
        "Operating Income": NaN,
        "EBIT": NaN,
        "Net Income": 820
    },
    "2015-04-30": {
        "Diluted EPS": -0.27,
        "Total Revenue": NaN,
        "Gross Profit": NaN,
        "Operating Income": 159,
        "EBIT": 843,
        "Net Income": -1
    },
    "2015-01-31": {
        "Diluted EPS": 0.98,
        "Total Revenue": NaN,
        "Gross Profit": NaN,
        "Operating Income": NaN,
        "EBIT": NaN,
        "Net Income": 977
    },
    "2014-10-31": {
        "Diluted EPS": 0.83,
        "Total Revenue": NaN,
        "Gross Profit": NaN,
        "Operating Income": NaN,
        "EBIT": NaN,
        "Net Income": 828
    },
    "2014-07-31": {
        "Diluted EPS": 0.87,
        "Total Revenue": NaN,
        "Gross Profit": NaN,
        "Operating Income": NaN,
        "EBIT": NaN,
        "Net Income": 871
    },
    "2014-04-30": {
        "Diluted EPS": 0.45,
        "Total Revenue": NaN,
        "Gross Profit": NaN,
        "Operating Income": 305,
        "EBIT": 522,
        "Net Income": 448
    },
    "2014-01-31": {
        "Diluted EPS": 0.75,
        "Total Revenue": NaN,
        "Gross Profit": NaN,
        "Operating Income": NaN,
        "EBIT": NaN,
        "Net Income": 762
    },
    "2013-10-31": {
        "Diluted EPS": 0.89,
        "Total Revenue": NaN,
        "Gross Profit": NaN,
        "Operating Income": NaN,
        "EBIT": NaN,
        "Net Income": 902
    },
    "2013-07-31": {
        "Diluted EPS": 0.93,
        "Total Revenue": NaN,
        "Gross Profit": NaN,
        "Operating Income": NaN,
        "EBIT": NaN,
        "Net Income": 953
    },
    "2013-04-30": {
        "Diluted EPS": 0.94,
        "Total Revenue": NaN,
        "Gross Profit": NaN,
        "Operating Income": NaN,
        "EBIT": NaN,
        "Net Income": 969
    },
    "2013-01-31": {
        "Diluted EPS": 0.97,
        "Total Revenue": NaN,
        "Gross Profit": NaN,
        "Operating Income": NaN,
        "EBIT": NaN,
        "Net Income": 988
    },
    "2012-10-31": {
        "Diluted EPS": 0.63,
        "Total Revenue": NaN,
        "Gross Profit": NaN,
        "Operating Income": NaN,
        "EBIT": NaN,
        "Net Income": 646
    },
    "2012-07-31": {
        "Diluted EPS": 0.83,
        "Total Revenue": NaN,
        "Gross Profit": NaN,
        "Operating Income": NaN,
        "EBIT": NaN,
        "Net Income": 864
    },
    "2012-04-30": {
        "Diluted EPS": 0.94,
        "Total Revenue": NaN,
        "Gross Profit": NaN,
        "Operating Income": NaN,
        "EBIT": NaN,
        "Net Income": 990
    },
    "2012-01-31": {
        "Diluted EPS": 0.88,
        "Total Revenue": NaN,
        "Gross Profit": NaN,
        "Operating Income": NaN,
        "EBIT": NaN,
        "Net Income": 935
    },
    "2011-10-31": {
        "Diluted EPS": 0.82,
        "Total Revenue": NaN,
        "Gross Profit": NaN,
        "Operating Income": NaN,
        "EBIT": NaN,
        "Net Income": 871
    },
    "2011-07-31": {
        "Diluted EPS": 0.77,
        "Total Revenue": NaN,
        "Gross Profit": NaN,
        "Operating Income": NaN,
        "EBIT": NaN,
        "Net Income": 821
    },
    "2011-04-30": {
        "Diluted EPS": 0.72,
        "Total Revenue": NaN,
        "Gross Profit": NaN,
        "Operating Income": 982,
        "EBIT": NaN,
        "Net Income": 776
    },
    "2011-01-31": {
        "Diluted EPS": 0.86,
        "Total Revenue": NaN,
        "Gross Profit": NaN,
        "Operating Income": NaN,
        "EBIT": NaN,
        "Net Income": 924
    },
    "2010-10-31": {
        "Diluted EPS": 0.52,
        "Total Revenue": NaN,
        "Gross Profit": NaN,
        "Operating Income": NaN,
        "EBIT": NaN,
        "Net Income": 566
    },
    "2010-07-31": {
        "Diluted EPS": 0.76,
        "Total Revenue": NaN,
        "Gross Profit": NaN,
        "Operating Income": NaN,
        "EBIT": NaN,
        "Net Income": 830
    },
    "2010-04-30": {
        "Diluted EPS": 0.86,
        "Total Revenue": NaN,
        "Gross Profit": NaN,
        "Operating Income": NaN,
        "EBIT": NaN,
        "Net Income": 955
    },
    "2010-01-31": {
        "Diluted EPS": 0.75,
        "Total Revenue": NaN,
        "Gross Profit": NaN,
        "Operating Income": NaN,
        "EBIT": NaN,
        "Net Income": 831
    },
    "2009-10-31": {
        "Diluted EPS": 0.78,
        "Total Revenue": NaN,
        "Gross Profit": NaN,
        "Operating Income": NaN,
        "EBIT": NaN,
        "Net Income": 868
    },
    "2009-07-31": {
        "Diluted EPS": 0.4,
        "Total Revenue": NaN,
        "Gross Profit": NaN,
        "Operating Income": NaN,
        "EBIT": NaN,
        "Net Income": 445
    },
    "2009-04-30": {
        "Diluted EPS": 0.1,
        "Total Revenue": NaN,
        "Gross Profit": NaN,
        "Operating Income": 660,
        "EBIT": 877,
        "Net Income": 102
    },
    "2009-01-31": {
        "Diluted EPS": 0.62,
        "Total Revenue": NaN,
        "Gross Profit": NaN,
        "Operating Income": 980,
        "EBIT": NaN,
        "Net Income": 698
    },
    "2023-07-31": {
        "Tax Effect Of Unusual Items": -31396000.0,
        "Tax Rate For Calcs": 0.334,
        "Normalized EBITDA": 2110000000.0,
        "Total Unusual Items": -94000000.0,
        "Total Unusual Items Excluding Goodwill": -94000000.0,
        "Net Income From Continuing Operation Net Minority Interest": 791000000.0,
        "Reconciled Depreciation": 672000000.0,
        "Reconciled Cost Of Revenue": 2385000000.0,
        "EBITDA": 2016000000.0,
        "EBIT": 1344000000.0,
        "Net Interest Income": -148000000.0,
        "Interest Expense": 148000000.0,
        "Normalized Income": 853604000.0,
        "Net Income From Continuing And Discontinued Operation": 791000000.0,
        "Total Expenses": 6339000000.0,
        "Total Operating Income As Reported": 1268000000.0,
        "Diluted Average Shares": 1333800000.0,
        "Basic Average Shares": 1330500000.0,
        "Diluted EPS": 0.59,
        "Basic EPS": 0.59,
        "Diluted NI Availto Com Stockholders": 791000000.0,
        "Net Income Common Stockholders": 791000000.0,
        "Net Income": 791000000.0,
        "Minority Interests": -6000000.0,
        "Net Income Including Noncontrolling Interests": 797000000.0,
        "Net Income Continuous Operations": 796000000.0,
        "Tax Provision": 400000000.0,
        "Pretax Income": 1196000000.0,
        "Other Income Expense": -18000000.0,
        "Other Non Operating Income Expenses": 76000000.0,
        "Special Income Charges": -94000000.0,
        "Other Special Charges": 40000000.0,
        "Restructuring And Mergern Acquisition": 54000000.0,
        "Net Non Operating Interest Income Expense": -148000000.0,
        "Interest Expense Non Operating": 148000000.0,
        "Operating Income": 1363000000.0,
        "Operating Expense": 3711000000.0,
        "Other Operating Expenses": 1000000.0,
        "Depreciation Amortization Depletion Income Statement": 429000000.0,
        "Depreciation And Amortization In Income Statement": 429000000.0,
        "Amortization": 429000000.0,
        "Amortization Of Intangibles Income Statement": 429000000.0,
        "Research And Development": 668000000.0,
        "Selling General And Administration": 2613000000.0,
        "Gross Profit": 5074000000.0,
        "Cost Of Revenue": 2628000000.0,
        "Total Revenue": 7702000000.0,
        "Operating Revenue": 7702000000.0
    },
    "2023-10-31": {
        "Tax Effect Of Unusual Items": -32130000.0,
        "Tax Rate For Calcs": 0.306,
        "Normalized EBITDA": 2270000000.0,
        "Total Unusual Items": -105000000.0,
        "Total Unusual Items Excluding Goodwill": -105000000.0,
        "Net Income From Continuing Operation Net Minority Interest": 909000000.0,
        "Reconciled Depreciation": 672000000.0,
        "Reconciled Cost Of Revenue": 2514000000.0,
        "EBITDA": 2165000000.0,
        "EBIT": 1493000000.0,
        "Net Interest Income": -180000000.0,
        "Interest Expense": 180000000.0,
        "Normalized Income": 981870000.0,
        "Net Income From Continuing And Discontinued Operation": 909000000.0,
        "Total Expenses": 6539000000.0,
        "Total Operating Income As Reported": 1340000000.0,
        "Diluted Average Shares": 1331900000.0,
        "Basic Average Shares": 1330200000.0,
        "Diluted EPS": 0.68,
        "Basic EPS": 0.68,
        "Diluted NI Availto Com Stockholders": 909000000.0,
        "Net Income Common Stockholders": 909000000.0,
        "Net Income": 909000000.0,
        "Minority Interests": -2000000.0,
        "Net Income Including Noncontrolling Interests": 911000000.0,
        "Net Income Continuous Operations": 911000000.0,
        "Tax Provision": 402000000.0,
        "Pretax Income": 1313000000.0,
        "Other Income Expense": 49000000.0,
        "Other Non Operating Income Expenses": 154000000.0,
        "Special Income Charges": -105000000.0,
        "Other Special Charges": 65000000.0,
        "Restructuring And Mergern Acquisition": 40000000.0,
        "Net Non Operating Interest Income Expense": -180000000.0,
        "Interest Expense Non Operating": 180000000.0,
        "Operating Income": 1445000000.0,
        "Operating Expense": 3778000000.0,
        "Other Operating Expenses": -31000000.0,
        "Depreciation Amortization Depletion Income Statement": 425000000.0,
        "Depreciation And Amortization In Income Statement": 425000000.0,
        "Amortization": 425000000.0,
        "Amortization Of Intangibles Income Statement": 425000000.0,
        "Research And Development": 698000000.0,
        "Selling General And Administration": 2686000000.0,
        "Gross Profit": 5223000000.0,
        "Cost Of Revenue": 2761000000.0,
        "Total Revenue": 7984000000.0,
        "Operating Revenue": 7984000000.0
    },
    "2024-01-31": {
        "Tax Effect Of Unusual Items": -1840000.0,
        "Tax Rate For Calcs": 0.092,
        "Normalized EBITDA": 2329000000.0,
        "Total Unusual Items": -20000000.0,
        "Total Unusual Items Excluding Goodwill": -20000000.0,
        "Net Income From Continuing Operation Net Minority Interest": 1322000000.0,
        "Reconciled Depreciation": 649000000.0,
        "Reconciled Cost Of Revenue": 2552000000.0,
        "EBITDA": 2309000000.0,
        "EBIT": 1660000000.0,
        "Net Interest Income": -188000000.0,
        "Interest Expense": 188000000.0,
        "Normalized Income": 1340160000.0,
        "Net Income From Continuing And Discontinued Operation": 1322000000.0,
        "Total Expenses": 6586000000.0,
        "Total Operating Income As Reported": 1483000000.0,
        "Diluted Average Shares": 1331700000.0,
        "Basic Average Shares": 1329700000.0,
        "Diluted EPS": 0.99,
        "Basic EPS": 0.99,
        "Diluted NI Availto Com Stockholders": 1322000000.0,
        "Net Income Common Stockholders": 1322000000.0,
        "Net Income": 1322000000.0,
        "Minority Interests": -15000000.0,
        "Net Income Including Noncontrolling Interests": 1337000000.0,
        "Net Income Continuous Operations": 1337000000.0,
        "Tax Provision": 135000000.0,
        "Pretax Income": 1472000000.0,
        "Other Income Expense": 157000000.0,
        "Other Non Operating Income Expenses": 177000000.0,
        "Special Income Charges": -20000000.0,
        "Other Special Charges": NaN,
        "Restructuring And Mergern Acquisition": 20000000.0,
        "Net Non Operating Interest Income Expense": -188000000.0,
        "Interest Expense Non Operating": 188000000.0,
        "Operating Income": 1503000000.0,
        "Operating Expense": 3804000000.0,
        "Other Operating Expenses": 17000000.0,
        "Depreciation Amortization Depletion Income Statement": 419000000.0,
        "Depreciation And Amortization In Income Statement": 419000000.0,
        "Amortization": 419000000.0,
        "Amortization Of Intangibles Income Statement": 419000000.0,
        "Research And Development": 695000000.0,
        "Selling General And Administration": 2673000000.0,
        "Gross Profit": 5307000000.0,
        "Cost Of Revenue": 2782000000.0,
        "Total Revenue": 8089000000.0,
        "Operating Revenue": 8089000000.0
    },
    "2024-04-30": {
        "Tax Effect Of Unusual Items": -35943859.649123,
        "Tax Rate For Calcs": 0.230409,
        "Normalized EBITDA": 1867000000.0,
        "Total Unusual Items": -156000000.0,
        "Total Unusual Items Excluding Goodwill": -156000000.0,
        "Net Income From Continuing Operation Net Minority Interest": 654000000.0,
        "Reconciled Depreciation": 654000000.0,
        "Reconciled Cost Of Revenue": 2809000000.0,
        "EBITDA": 1711000000.0,
        "EBIT": 1057000000.0,
        "Net Interest Income": -202000000.0,
        "Interest Expense": 202000000.0,
        "Normalized Income": 774056140.350877,
        "Net Income From Continuing And Discontinued Operation": 654000000.0,
        "Total Expenses": 7380000000.0,
        "Total Operating Income As Reported": 1053000000.0,
        "Diluted Average Shares": NaN,
        "Basic Average Shares": NaN,
        "Diluted EPS": NaN,
        "Basic EPS": NaN,
        "Diluted NI Availto Com Stockholders": 654000000.0,
        "Net Income Common Stockholders": 654000000.0,
        "Net Income": 654000000.0,
        "Minority Interests": -5000000.0,
        "Net Income Including Noncontrolling Interests": 660000000.0,
        "Net Income Continuous Operations": 660000000.0,
        "Tax Provision": 197000000.0,
        "Pretax Income": 855000000.0,
        "Other Income Expense": -151000000.0,
        "Other Non Operating Income Expenses": 5000000.0,
        "Special Income Charges": -156000000.0,
        "Other Special Charges": 44000000.0,
        "Restructuring And Mergern Acquisition": 112000000.0,
        "Net Non Operating Interest Income Expense": -202000000.0,
        "Interest Expense Non Operating": 202000000.0,
        "Operating Income": 1209000000.0,
        "Operating Expense": 4336000000.0,
        "Other Operating Expenses": 477000000.0,
        "Depreciation Amortization Depletion Income Statement": 419000000.0,
        "Depreciation And Amortization In Income Statement": 419000000.0,
        "Amortization": 419000000.0,
        "Amortization Of Intangibles Income Statement": 419000000.0,
        "Research And Development": 675000000.0,
        "Selling General And Administration": 2765000000.0,
        "Gross Profit": 5545000000.0,
        "Cost Of Revenue": 3044000000.0,
        "Total Revenue": 8589000000.0,
        "Operating Revenue": 8589000000.0
    }
}