{
    "2023-03-31": {
        "Tax Effect Of Unusual Items": 0.0,
        "Tax Rate For Calcs": 0.0,
        "Normalized EBITDA": -4126000.0,
        "Total Unusual Items": -7379000.0,
        "Total Unusual Items Excluding Goodwill": -7379000.0,
        "Net Income From Continuing Operation Net Minority Interest": -12558000.0,
        "Reconciled Depreciation": 884000.0,
        "Reconciled Cost Of Revenue": 363000.0,
        "EBITDA": -11505000.0,
        "EBIT": -12389000.0,
        "Net Interest Income": -168000.0,
        "Interest Expense": 169000.0,
        "Interest Income": 1000.0,
        "Normalized Income": -5179000.0,
        "Net Income From Continuing And Discontinued Operation": -17330000.0,
        "Total Expenses": 5631000.0,
        "Rent Expense Supplemental": 379000.0,
        "Total Operating Income As Reported": -5011000.0,
        "Diluted Average Shares": 1605409.0,
        "Basic Average Shares": 1605409.0,
        "Diluted EPS": -11.0,
        "Basic EPS": -11.0,
        "Diluted NI Availto Com Stockholders": -17330000.0,
        "Net Income Common Stockholders": -17330000.0,
        "Net Income": -17330000.0,
        "Net Income Including Noncontrolling Interests": -17330000.0,
        "Net Income Discontinuous Operations": -4772000.0,
        "Net Income Continuous Operations": -12558000.0,
        "Tax Provision": NaN,
        "Pretax Income": -12558000.0,
        "Other Income Expense": -7379000.0,
        "Gain On Sale Of Security": -7379000.0,
        "Net Non Operating Interest Income Expense": -168000.0,
        "Interest Expense Non Operating": 169000.0,
        "Interest Income Non Operating": 1000.0,
        "Operating Income": -5011000.0,
        "Operating Expense": 5268000.0,
        "Other Operating Expenses": NaN,
        "Depreciation Amortization Depletion Income Statement": 25000.0,
        "Depreciation And Amortization In Income Statement": 25000.0,
        "Amortization": NaN,
        "Amortization Of Intangibles Income Statement": NaN,
        "Depreciation Income Statement": 25000.0,
        "Research And Development": 176000.0,
        "Selling General And Administration": 5067000.0,
        "Selling And Marketing Expense": 20000.0,
        "General And Administrative Expense": 5047000.0,
        "Other Gand A": 1156000.0,
        "Insurance And Claims": 239000.0,
        "Rent And Landing Fees": 379000.0,
        "Salaries And Wages": 3273000.0,
        "Gross Profit": 257000.0,
        "Cost Of Revenue": 363000.0,
        "Total Revenue": 620000.0,
        "Operating Revenue": 620000.0
    },
    "2022-12-31": {
        "Tax Effect Of Unusual Items": 0.0,
        "Tax Rate For Calcs": 0.0,
        "Normalized EBITDA": -9120000.0,
        "Total Unusual Items": NaN,
        "Total Unusual Items Excluding Goodwill": NaN,
        "Net Income From Continuing Operation Net Minority Interest": -11070000.0,
        "Reconciled Depreciation": 1623000.0,
        "Reconciled Cost Of Revenue": 11237000.0,
        "EBITDA": -9120000.0,
        "EBIT": -10743000.0,
        "Net Interest Income": -326000.0,
        "Interest Expense": 327000.0,
        "Interest Income": 1000.0,
        "Normalized Income": -11070000.0,
        "Net Income From Continuing And Discontinued Operation": -11070000.0,
        "Total Expenses": 22094000.0,
        "Rent Expense Supplemental": -1583000.0,
        "Total Operating Income As Reported": -10744000.0,
        "Diluted Average Shares": 1602110.0,
        "Basic Average Shares": 1602110.0,
        "Diluted EPS": -7.0,
        "Basic EPS": -7.0,
        "Diluted NI Availto Com Stockholders": -11070000.0,
        "Net Income Common Stockholders": -11070000.0,
        "Net Income": -11070000.0,
        "Net Income Including Noncontrolling Interests": -11070000.0,
        "Net Income Discontinuous Operations": NaN,
        "Net Income Continuous Operations": -11070000.0,
        "Tax Provision": 0.0,
        "Pretax Income": -11070000.0,
        "Other Income Expense": NaN,
        "Gain On Sale Of Security": NaN,
        "Net Non Operating Interest Income Expense": -326000.0,
        "Interest Expense Non Operating": 327000.0,
        "Interest Income Non Operating": 1000.0,
        "Operating Income": -10744000.0,
        "Operating Expense": 10618000.0,
        "Other Operating Expenses": 1382000.0,
        "Depreciation Amortization Depletion Income Statement": 1384000.0,
        "Depreciation And Amortization In Income Statement": 1384000.0,
        "Amortization": 1088000.0,
        "Amortization Of Intangibles Income Statement": 1088000.0,
        "Depreciation Income Statement": 296000.0,
        "Research And Development": 163000.0,
        "Selling General And Administration": 7689000.0,
        "Selling And Marketing Expense": 147000.0,
        "General And Administrative Expense": 7542000.0,
        "Other Gand A": 2478000.0,
        "Insurance And Claims": 455000.0,
        "Rent And Landing Fees": -1583000.0,
        "Salaries And Wages": 6192000.0,
        "Gross Profit": -126000.0,
        "Cost Of Revenue": 11476000.0,
        "Total Revenue": 11350000.0,
        "Operating Revenue": 11350000.0
    },
    "2022-09-30": {
        "Tax Effect Of Unusual Items": 0.0,
        "Tax Rate For Calcs": 0.0,
        "Normalized EBITDA": -9711000.0,
        "Total Unusual Items": NaN,
        "Total Unusual Items Excluding Goodwill": NaN,
        "Net Income From Continuing Operation Net Minority Interest": -11806000.0,
        "Reconciled Depreciation": 1780000.0,
        "Reconciled Cost Of Revenue": 9769000.0,
        "EBITDA": -9711000.0,
        "EBIT": -11491000.0,
        "Net Interest Income": -315000.0,
        "Interest Expense": 315000.0,
        "Interest Income": 0.0,
        "Normalized Income": -11806000.0,
        "Net Income From Continuing And Discontinued Operation": -11806000.0,
        "Total Expenses": 22952000.0,
        "Rent Expense Supplemental": 1314000.0,
        "Total Operating Income As Reported": -11491000.0,
        "Diluted Average Shares": 1600919.0,
        "Basic Average Shares": 1600919.0,
        "Diluted EPS": -7.5,
        "Basic EPS": -7.5,
        "Diluted NI Availto Com Stockholders": -11806000.0,
        "Net Income Common Stockholders": -11806000.0,
        "Net Income": -11806000.0,
        "Net Income Including Noncontrolling Interests": -11806000.0,
        "Net Income Discontinuous Operations": NaN,
        "Net Income Continuous Operations": -11806000.0,
        "Tax Provision": 0.0,
        "Pretax Income": -11806000.0,
        "Other Income Expense": NaN,
        "Gain On Sale Of Security": NaN,
        "Net Non Operating Interest Income Expense": -315000.0,
        "Interest Expense Non Operating": 315000.0,
        "Interest Income Non Operating": 0.0,
        "Operating Income": -11491000.0,
        "Operating Expense": 12783000.0,
        "Other Operating Expenses": 117000.0,
        "Depreciation Amortization Depletion Income Statement": 1380000.0,
        "Depreciation And Amortization In Income Statement": 1380000.0,
        "Amortization": 1089000.0,
        "Amortization Of Intangibles Income Statement": 1089000.0,
        "Depreciation Income Statement": 291000.0,
        "Research And Development": 178000.0,
        "Selling General And Administration": 11108000.0,
        "Selling And Marketing Expense": 166000.0,
        "General And Administrative Expense": 10942000.0,
        "Other Gand A": 1127000.0,
        "Insurance And Claims": 503000.0,
        "Rent And Landing Fees": 1314000.0,
        "Salaries And Wages": 7998000.0,
        "Gross Profit": 1292000.0,
        "Cost Of Revenue": 10169000.0,
        "Total Revenue": 11461000.0,
        "Operating Revenue": 11461000.0
    },
    "2022-06-30": {
        "Tax Effect Of Unusual Items": 0.0,
        "Tax Rate For Calcs": 0.4,
        "Normalized EBITDA": -11418000.0,
        "Total Unusual Items": NaN,
        "Total Unusual Items Excluding Goodwill": NaN,
        "Net Income From Continuing Operation Net Minority Interest": -11718000.0,
        "Reconciled Depreciation": 654000.0,
        "Reconciled Cost Of Revenue": 10266000.0,
        "EBITDA": -11418000.0,
        "EBIT": -11418000.0,
        "Net Interest Income": -276000.0,
        "Interest Expense": 276000.0,
        "Interest Income": 0.0,
        "Normalized Income": -11718000.0,
        "Net Income From Continuing And Discontinued Operation": -11718000.0,
        "Total Expenses": 22602000.0,
        "Rent Expense Supplemental": 1152000.0,
        "Total Operating Income As Reported": -11418000.0,
        "Diluted Average Shares": 1387134.0,
        "Basic Average Shares": 1387134.0,
        "Diluted EPS": -8.45,
        "Basic EPS": -8.45,
        "Diluted NI Availto Com Stockholders": -11718000.0,
        "Net Income Common Stockholders": -11718000.0,
        "Net Income": -11718000.0,
        "Net Income Including Noncontrolling Interests": -11718000.0,
        "Net Income Discontinuous Operations": NaN,
        "Net Income Continuous Operations": -11718000.0,
        "Tax Provision": 24000.0,
        "Pretax Income": -11694000.0,
        "Other Income Expense": NaN,
        "Gain On Sale Of Security": NaN,
        "Net Non Operating Interest Income Expense": -276000.0,
        "Interest Expense Non Operating": 276000.0,
        "Interest Income Non Operating": 0.0,
        "Operating Income": -11418000.0,
        "Operating Expense": 12336000.0,
        "Other Operating Expenses": 3648000.0,
        "Depreciation Amortization Depletion Income Statement": 413000.0,
        "Depreciation And Amortization In Income Statement": 413000.0,
        "Amortization": 151000.0,
        "Amortization Of Intangibles Income Statement": 151000.0,
        "Depreciation Income Statement": 262000.0,
        "Research And Development": 281000.0,
        "Selling General And Administration": 8407000.0,
        "Selling And Marketing Expense": 2307000.0,
        "General And Administrative Expense": 6100000.0,
        "Other Gand A": 6100000.0,
        "Insurance And Claims": 498000.0,
        "Rent And Landing Fees": 1152000.0,
        "Salaries And Wages": 8475000.0,
        "Gross Profit": 918000.0,
        "Cost Of Revenue": 10266000.0,
        "Total Revenue": 11184000.0,
        "Operating Revenue": 11184000.0
    },
    "2022-03-31": {
        "Diluted EPS": -0.4,
        "Total Revenue": 0,
        "Gross Profit": 0,
        "Operating Income": -5,
        "EBIT": -5,
        "Net Income": -13
    },
    "2021-12-31": {
        "Diluted EPS": -0.41,
        "Total Revenue": 7,
        "Gross Profit": 0,
        "Operating Income": -12,
        "EBIT": -11,
        "Net Income": -13
    },
    "2021-09-30": {
        "Diluted EPS": -0.34,
        "Total Revenue": 6,
        "Gross Profit": 0,
        "Operating Income": -11,
        "EBIT": -10,
        "Net Income": -11
    },
    "2021-06-30": {
        "Diluted EPS": -0.32,
        "Total Revenue": 5,
        "Gross Profit": 0,
        "Operating Income": -10,
        "EBIT": -10,
        "Net Income": -10
    },
    "2021-03-31": {
        "Diluted EPS": -0.27,
        "Total Revenue": 4,
        "Gross Profit": 0,
        "Operating Income": -10,
        "EBIT": -9,
        "Net Income": -9
    },
    "2020-12-31": {
        "Diluted EPS": 3.03,
        "Total Revenue": 3,
        "Gross Profit": 0,
        "Operating Income": -12,
        "EBIT": -11,
        "Net Income": -12
    },
    "2020-09-30": {
        "Diluted EPS": -1.22,
        "Total Revenue": 7,
        "Gross Profit": 5,
        "Operating Income": -2,
        "EBIT": -2,
        "Net Income": -2
    },
    "2020-06-30": {
        "Diluted EPS": -3.35,
        "Total Revenue": 2,
        "Gross Profit": 0,
        "Operating Income": -6,
        "EBIT": -6,
        "Net Income": -7
    },
    "2020-03-31": {
        "Diluted EPS": -3.15,
        "Total Revenue": 1,
        "Gross Profit": 0,
        "Operating Income": -6,
        "EBIT": -5,
        "Net Income": -6
    },
    "2019-12-31": {
        "Diluted EPS": -9.05,
        "Total Revenue": 3,
        "Gross Profit": 1,
        "Operating Income": -18,
        "EBIT": -16,
        "Net Income": -18
    },
    "2019-09-30": {
        "Diluted EPS": -1.2,
        "Total Revenue": 0,
        "Gross Profit": 0,
        "Operating Income": -1,
        "EBIT": -1,
        "Net Income": -1
    },
    "2019-06-30": {
        "Diluted EPS": -1.56,
        "Total Revenue": 0,
        "Gross Profit": 0,
        "Operating Income": -1,
        "EBIT": -1,
        "Net Income": -1
    },
    "2019-03-31": {
        "Diluted EPS": -1.56,
        "Total Revenue": 0,
        "Gross Profit": 0,
        "Operating Income": -1,
        "EBIT": -1,
        "Net Income": -1
    },
    "2018-12-31": {
        "Diluted EPS": 0.0,
        "Total Revenue": 0,
        "Gross Profit": 0,
        "Operating Income": -1,
        "EBIT": -1,
        "Net Income": 0
    },
    "2018-09-30": {
        "Diluted EPS": -1.44,
        "Total Revenue": 0,
        "Gross Profit": 0,
        "Operating Income": -1,
        "EBIT": -1,
        "Net Income": -1
    },
    "2018-06-30": {
        "Diluted EPS": -1.68,
        "Total Revenue": 0,
        "Gross Profit": 0,
        "Operating Income": -1,
        "EBIT": -1,
        "Net Income": -1
    },
    "2018-03-31": {
        "Diluted EPS": -2.28,
        "Total Revenue": 0,
        "Gross Profit": 0,
        "Operating Income": -1,
        "EBIT": -1,
        "Net Income": -1
    },
    "2017-12-31": {
        "Diluted EPS": -2.04,
        "Total Revenue": 0,
        "Gross Profit": 0,
        "Operating Income": -1,
        "EBIT": -1,
        "Net Income": -1
    },
    "2017-09-30": {
        "Diluted EPS": -1.56,
        "Total Revenue": 0,
        "Gross Profit": 0,
        "Operating Income": -1,
        "EBIT": -1,
        "Net Income": -1
    },
    "2017-06-30": {
        "Diluted EPS": -2.28,
        "Total Revenue": 0,
        "Gross Profit": 0,
        "Operating Income": -1,
        "EBIT": -1,
        "Net Income": -1
    },
    "2017-03-31": {
        "Diluted EPS": -2.4,
        "Total Revenue": 0,
        "Gross Profit": 0,
        "Operating Income": -1,
        "EBIT": -1,
        "Net Income": -1
    },
    "2016-12-31": {
        "Diluted EPS": -1.44,
        "Total Revenue": 0,
        "Gross Profit": 0,
        "Operating Income": -1,
        "EBIT": -1,
        "Net Income": -1
    },
    "2016-09-30": {
        "Diluted EPS": -2.04,
        "Total Revenue": 0,
        "Gross Profit": 0,
        "Operating Income": -1,
        "EBIT": -1,
        "Net Income": -1
    },
    "2016-06-30": {
        "Diluted EPS": -3.6,
        "Total Revenue": 0,
        "Gross Profit": 0,
        "Operating Income": -1,
        "EBIT": -1,
        "Net Income": -2
    },
    "2016-03-31": {
        "Diluted EPS": -3.72,
        "Total Revenue": 0,
        "Gross Profit": 0,
        "Operating Income": -1,
        "EBIT": -1,
        "Net Income": -1
    },
    "2015-12-31": {
        "Diluted EPS": -4.56,
        "Total Revenue": 0,
        "Gross Profit": 0,
        "Operating Income": -1,
        "EBIT": -1,
        "Net Income": -1
    },
    "2015-09-30": {
        "Diluted EPS": -4.68,
        "Total Revenue": 0,
        "Gross Profit": 0,
        "Operating Income": -1,
        "EBIT": -1,
        "Net Income": -1
    },
    "2015-06-30": {
        "Diluted EPS": -4.44,
        "Total Revenue": 0,
        "Gross Profit": 0,
        "Operating Income": -1,
        "EBIT": -1,
        "Net Income": -1
    },
    "2015-03-31": {
        "Diluted EPS": -6.0,
        "Total Revenue": 0,
        "Gross Profit": 0,
        "Operating Income": -2,
        "EBIT": -1,
        "Net Income": -2
    },
    "2014-12-31": {
        "Diluted EPS": -3.72,
        "Total Revenue": 0,
        "Gross Profit": 0,
        "Operating Income": -2,
        "EBIT": -2,
        "Net Income": -1
    },
    "2014-09-30": {
        "Diluted EPS": -9.0,
        "Total Revenue": 0,
        "Gross Profit": 0,
        "Operating Income": -2,
        "EBIT": -2,
        "Net Income": -2
    },
    "2014-06-30": {
        "Diluted EPS": -4.08,
        "Total Revenue": 2,
        "Gross Profit": 1,
        "Operating Income": -1,
        "EBIT": -1,
        "Net Income": -1
    },
    "2014-03-31": {
        "Diluted EPS": -1.92,
        "Total Revenue": 2,
        "Gross Profit": 1,
        "Operating Income": 0,
        "EBIT": 0,
        "Net Income": 0
    },
    "2013-12-31": {
        "Diluted EPS": -8.04,
        "Total Revenue": 1,
        "Gross Profit": 1,
        "Operating Income": -1,
        "EBIT": -1,
        "Net Income": -1
    },
    "2013-09-30": {
        "Diluted EPS": -4.2,
        "Total Revenue": 1,
        "Gross Profit": 0,
        "Operating Income": -1,
        "EBIT": -1,
        "Net Income": -1
    },
    "2013-06-30": {
        "Diluted EPS": -5.28,
        "Total Revenue": 1,
        "Gross Profit": 0,
        "Operating Income": -1,
        "EBIT": -1,
        "Net Income": -1
    },
    "2013-03-31": {
        "Diluted EPS": -5.64,
        "Total Revenue": 0,
        "Gross Profit": 0,
        "Operating Income": -1,
        "EBIT": -1,
        "Net Income": -1
    },
    "2012-12-31": {
        "Diluted EPS": -25.09,
        "Total Revenue": 0,
        "Gross Profit": 0,
        "Operating Income": -1,
        "EBIT": -1,
        "Net Income": -1
    },
    "2012-09-30": {
        "Diluted EPS": -0.12,
        "Total Revenue": 0,
        "Gross Profit": 0,
        "Operating Income": -1,
        "EBIT": -1,
        "Net Income": -1
    },
    "2012-06-30": {
        "Diluted EPS": -0.24,
        "Total Revenue": 0,
        "Gross Profit": 0,
        "Operating Income": -1,
        "EBIT": -1,
        "Net Income": -2
    },
    "2012-03-31": {
        "Diluted EPS": -0.12,
        "Total Revenue": 0,
        "Gross Profit": 0,
        "Operating Income": 0,
        "EBIT": 0,
        "Net Income": 0
    },
    "2011-12-31": {
        "Diluted EPS": -0.48,
        "Total Revenue": 0,
        "Gross Profit": 0,
        "Operating Income": -1,
        "EBIT": -1,
        "Net Income": -3
    },
    "2011-09-30": {
        "Diluted EPS": 0.36,
        "Total Revenue": 0,
        "Gross Profit": 0,
        "Operating Income": -1,
        "EBIT": -1,
        "Net Income": 2
    },
    "2011-06-30": {
        "Diluted EPS": -0.48,
        "Total Revenue": NaN,
        "Gross Profit": NaN,
        "Operating Income": -1,
        "EBIT": -1,
        "Net Income": -3
    },
    "2011-03-31": {
        "Diluted EPS": -0.48,
        "Total Revenue": NaN,
        "Gross Profit": NaN,
        "Operating Income": -2,
        "EBIT": -2,
        "Net Income": -2
    },
    "2010-12-31": {
        "Diluted EPS": 0.0,
        "Total Revenue": NaN,
        "Gross Profit": NaN,
        "Operating Income": 0,
        "EBIT": 0,
        "Net Income": 0
    },
    "2010-09-30": {
        "Diluted EPS": 0.0,
        "Total Revenue": NaN,
        "Gross Profit": NaN,
        "Operating Income": 0,
        "EBIT": 0,
        "Net Income": 0
    },
    "2010-06-30": {
        "Diluted EPS": 0.0,
        "Total Revenue": NaN,
        "Gross Profit": NaN,
        "Operating Income": 0,
        "EBIT": 0,
        "Net Income": 0
    },
    "2010-03-31": {
        "Diluted EPS": 0.0,
        "Total Revenue": NaN,
        "Gross Profit": NaN,
        "Operating Income": 0,
        "EBIT": 0,
        "Net Income": 0
    },
    "2009-12-31": {
        "Diluted EPS": 0.0,
        "Total Revenue": NaN,
        "Gross Profit": NaN,
        "Operating Income": 0,
        "EBIT": 0,
        "Net Income": 0
    },
    "2009-09-30": {
        "Diluted EPS": -0.0,
        "Total Revenue": NaN,
        "Gross Profit": NaN,
        "Operating Income": 0,
        "EBIT": 0,
        "Net Income": 0
    },
    "2009-06-30": {
        "Diluted EPS": -0.0,
        "Total Revenue": NaN,
        "Gross Profit": NaN,
        "Operating Income": 0,
        "EBIT": 0,
        "Net Income": 0
    },
    "2009-03-31": {
        "Diluted EPS": -0.0,
        "Total Revenue": NaN,
        "Gross Profit": NaN,
        "Operating Income": 0,
        "EBIT": 0,
        "Net Income": 0
    },
    "2023-06-30": {
        "Tax Effect Of Unusual Items": 0.0,
        "Tax Rate For Calcs": 0.0,
        "Normalized EBITDA": -4023000.0,
        "Total Unusual Items": -896000.0,
        "Total Unusual Items Excluding Goodwill": -896000.0,
        "Net Income From Continuing Operation Net Minority Interest": -5496000.0,
        "Reconciled Depreciation": 431000.0,
        "Reconciled Cost Of Revenue": 227000.0,
        "EBITDA": -4919000.0,
        "EBIT": -5350000.0,
        "Net Interest Income": -146000.0,
        "Interest Expense": 146000.0,
        "Interest Income": 0.0,
        "Normalized Income": -4600000.0,
        "Net Income From Continuing And Discontinued Operation": -5791000.0,
        "Total Expenses": 4859000.0,
        "Rent Expense Supplemental": 699000.0,
        "Total Operating Income As Reported": -4454000.0,
        "Diluted Average Shares": 1798245.0,
        "Basic Average Shares": 1798245.0,
        "Diluted EPS": -3.22,
        "Basic EPS": -3.22,
        "Diluted NI Availto Com Stockholders": -5791000.0,
        "Net Income Common Stockholders": -5791000.0,
        "Net Income": -5791000.0,
        "Net Income Including Noncontrolling Interests": -5791000.0,
        "Net Income Discontinuous Operations": -295000.0,
        "Net Income Continuous Operations": -5496000.0,
        "Tax Provision": 0.0,
        "Pretax Income": -5496000.0,
        "Other Income Expense": -896000.0,
        "Gain On Sale Of Security": -896000.0,
        "Net Non Operating Interest Income Expense": -146000.0,
        "Interest Expense Non Operating": 146000.0,
        "Interest Income Non Operating": 0.0,
        "Operating Income": -4454000.0,
        "Operating Expense": 4632000.0,
        "Other Operating Expenses": NaN,
        "Depreciation Amortization Depletion Income Statement": 55000.0,
        "Depreciation And Amortization In Income Statement": 55000.0,
        "Amortization": NaN,
        "Amortization Of Intangibles Income Statement": NaN,
        "Depreciation Income Statement": 55000.0,
        "Research And Development": 145000.0,
        "Selling General And Administration": 4432000.0,
        "Selling And Marketing Expense": 10000.0,
        "General And Administrative Expense": 4422000.0,
        "Other Gand A": 945000.0,
        "Insurance And Claims": 291000.0,
        "Rent And Landing Fees": 699000.0,
        "Salaries And Wages": 2487000.0,
        "Gross Profit": 178000.0,
        "Cost Of Revenue": 227000.0,
        "Total Revenue": 405000.0,
        "Operating Revenue": 405000.0
    }
}