{
    "2023-03-31": {
        "Tax Effect Of Unusual Items": 0.0,
        "Tax Rate For Calcs": 0.0,
        "Normalized EBITDA": -7081000.0,
        "Net Income From Continuing Operation Net Minority Interest": -11709000.0,
        "Reconciled Depreciation": 1636000.0,
        "Reconciled Cost Of Revenue": 5985000.0,
        "EBIT": -8717000.0,
        "Net Interest Income": -2992000.0,
        "Interest Expense": 2992000.0,
        "Interest Income": NaN,
        "Normalized Income": -11709000.0,
        "Net Income From Continuing And Discontinued Operation": -11709000.0,
        "Total Expenses": 23417000.0,
        "Total Operating Income As Reported": -8717000.0,
        "Diluted Average Shares": 23418000.0,
        "Basic Average Shares": 23418000.0,
        "Diluted EPS": -0.5,
        "Basic EPS": -0.5,
        "Diluted NI Availto Com Stockholders": -11709000.0,
        "Net Income Common Stockholders": -11709000.0,
        "Net Income": -11709000.0,
        "Net Income Including Noncontrolling Interests": -11709000.0,
        "Net Income Continuous Operations": -11709000.0,
        "Tax Provision": 0.0,
        "Pretax Income": -11709000.0,
        "Net Non Operating Interest Income Expense": -2992000.0,
        "Interest Expense Non Operating": 2992000.0,
        "Interest Income Non Operating": NaN,
        "Operating Income": -8717000.0,
        "Operating Expense": 17432000.0,
        "Other Operating Expenses": 724000.0,
        "Research And Development": 2106000.0,
        "Selling General And Administration": 14602000.0,
        "Selling And Marketing Expense": 9428000.0,
        "General And Administrative Expense": 5174000.0,
        "Other Gand A": 5174000.0,
        "Gross Profit": 8715000.0,
        "Cost Of Revenue": 5985000.0,
        "Total Revenue": 14700000.0,
        "Operating Revenue": 14607000.0
    },
    "2022-12-31": {
        "Tax Effect Of Unusual Items": 0.0,
        "Tax Rate For Calcs": 0.4,
        "Normalized EBITDA": -6997000.0,
        "Net Income From Continuing Operation Net Minority Interest": -12438000.0,
        "Reconciled Depreciation": 2036000.0,
        "Reconciled Cost Of Revenue": 5667000.0,
        "EBIT": -9033000.0,
        "Net Interest Income": -3363000.0,
        "Interest Expense": 3277000.0,
        "Interest Income": 39000.0,
        "Normalized Income": -12438000.0,
        "Net Income From Continuing And Discontinued Operation": -12438000.0,
        "Total Expenses": 21838000.0,
        "Total Operating Income As Reported": -8947000.0,
        "Diluted Average Shares": 16054266.0,
        "Basic Average Shares": 16054266.0,
        "Diluted EPS": -0.8,
        "Basic EPS": -0.8,
        "Diluted NI Availto Com Stockholders": -12438000.0,
        "Net Income Common Stockholders": -12438000.0,
        "Net Income": -12438000.0,
        "Net Income Including Noncontrolling Interests": -12438000.0,
        "Net Income Continuous Operations": -12438000.0,
        "Tax Provision": 128000.0,
        "Pretax Income": -12310000.0,
        "Net Non Operating Interest Income Expense": -3363000.0,
        "Interest Expense Non Operating": 3277000.0,
        "Interest Income Non Operating": 39000.0,
        "Operating Income": -8947000.0,
        "Operating Expense": 16171000.0,
        "Other Operating Expenses": -400000.0,
        "Research And Development": 1805000.0,
        "Selling General And Administration": 14766000.0,
        "Selling And Marketing Expense": 8963000.0,
        "General And Administrative Expense": 5803000.0,
        "Other Gand A": 5803000.0,
        "Gross Profit": 7224000.0,
        "Cost Of Revenue": 5667000.0,
        "Total Revenue": 12891000.0,
        "Operating Revenue": 12854000.0
    },
    "2022-09-30": {
        "Tax Effect Of Unusual Items": 0.0,
        "Tax Rate For Calcs": 0.009464,
        "Normalized EBITDA": -10574000.0,
        "Net Income From Continuing Operation Net Minority Interest": -13502000.0,
        "Reconciled Depreciation": 1297000.0,
        "Reconciled Cost Of Revenue": 4931000.0,
        "EBIT": -11871000.0,
        "Net Interest Income": -1701000.0,
        "Interest Expense": 1760000.0,
        "Interest Income": 59000.0,
        "Normalized Income": -13502000.0,
        "Net Income From Continuing And Discontinued Operation": -13502000.0,
        "Total Expenses": 23084000.0,
        "Total Operating Income As Reported": -11930000.0,
        "Diluted Average Shares": 17235667.0,
        "Basic Average Shares": 17235667.0,
        "Diluted EPS": -0.8,
        "Basic EPS": -0.8,
        "Diluted NI Availto Com Stockholders": -13502000.0,
        "Net Income Common Stockholders": -13502000.0,
        "Net Income": -13502000.0,
        "Net Income Including Noncontrolling Interests": -13502000.0,
        "Net Income Continuous Operations": -13502000.0,
        "Tax Provision": -129000.0,
        "Pretax Income": -13631000.0,
        "Net Non Operating Interest Income Expense": -1701000.0,
        "Interest Expense Non Operating": 1760000.0,
        "Interest Income Non Operating": 59000.0,
        "Operating Income": -11930000.0,
        "Operating Expense": 18153000.0,
        "Other Operating Expenses": 115000.0,
        "Research And Development": 2167000.0,
        "Selling General And Administration": 15871000.0,
        "Selling And Marketing Expense": 7771000.0,
        "General And Administrative Expense": 8100000.0,
        "Other Gand A": 8100000.0,
        "Gross Profit": 6223000.0,
        "Cost Of Revenue": 4931000.0,
        "Total Revenue": 11154000.0,
        "Operating Revenue": 11136000.0
    },
    "2022-06-30": {
        "Tax Effect Of Unusual Items": 0.0,
        "Tax Rate For Calcs": 0.4,
        "Normalized EBITDA": -8355000.0,
        "Net Income From Continuing Operation Net Minority Interest": -9834000.0,
        "Reconciled Depreciation": 789000.0,
        "Reconciled Cost Of Revenue": 3974000.0,
        "EBIT": -9144000.0,
        "Net Interest Income": -662000.0,
        "Interest Expense": 689000.0,
        "Interest Income": NaN,
        "Normalized Income": -9834000.0,
        "Net Income From Continuing And Discontinued Operation": -9834000.0,
        "Total Expenses": 16074000.0,
        "Total Operating Income As Reported": -9171000.0,
        "Diluted Average Shares": 13633333.0,
        "Basic Average Shares": 13633333.0,
        "Diluted EPS": -0.7,
        "Basic EPS": -0.7,
        "Diluted NI Availto Com Stockholders": -9834000.0,
        "Net Income Common Stockholders": -9834000.0,
        "Net Income": -9834000.0,
        "Net Income Including Noncontrolling Interests": -9834000.0,
        "Net Income Continuous Operations": -9834000.0,
        "Tax Provision": 1000.0,
        "Pretax Income": -9833000.0,
        "Net Non Operating Interest Income Expense": -662000.0,
        "Interest Expense Non Operating": 689000.0,
        "Interest Income Non Operating": NaN,
        "Operating Income": -9171000.0,
        "Operating Expense": 12100000.0,
        "Other Operating Expenses": -271000.0,
        "Research And Development": 1801000.0,
        "Selling General And Administration": 10570000.0,
        "Selling And Marketing Expense": 5426000.0,
        "General And Administrative Expense": 5144000.0,
        "Other Gand A": 5144000.0,
        "Gross Profit": 2929000.0,
        "Cost Of Revenue": 3974000.0,
        "Total Revenue": 6903000.0,
        "Operating Revenue": 6883000.0
    },
    "2022-03-31": {
        "Diluted EPS": -0.5,
        "Total Revenue": 6,
        "Gross Profit": 3,
        "Operating Income": -8,
        "EBIT": -7,
        "Net Income": -8
    },
    "2021-12-31": {
        "Diluted EPS": 0.0,
        "Total Revenue": NaN,
        "Gross Profit": NaN,
        "Operating Income": NaN,
        "EBIT": NaN,
        "Net Income": NaN
    },
    "2021-09-30": {
        "Diluted EPS": -0.6,
        "Total Revenue": 5,
        "Gross Profit": 3,
        "Operating Income": -7,
        "EBIT": -7,
        "Net Income": -8
    },
    "2020-12-31": {
        "Diluted EPS": 0.0,
        "Total Revenue": NaN,
        "Gross Profit": NaN,
        "Operating Income": NaN,
        "EBIT": NaN,
        "Net Income": NaN
    },
    "2023-06-30": {
        "Tax Effect Of Unusual Items": 0.0,
        "Tax Rate For Calcs": 0.0,
        "Normalized EBITDA": -9045000.0,
        "Net Income From Continuing Operation Net Minority Interest": -10626000.0,
        "Reconciled Depreciation": 1776000.0,
        "Reconciled Cost Of Revenue": 6755000.0,
        "EBIT": -10821000.0,
        "Net Interest Income": 446000.0,
        "Interest Expense": -195000.0,
        "Interest Income": NaN,
        "Normalized Income": -10626000.0,
        "Net Income From Continuing And Discontinued Operation": -10626000.0,
        "Total Expenses": 24488000.0,
        "Total Operating Income As Reported": -7743000.0,
        "Diluted Average Shares": NaN,
        "Basic Average Shares": NaN,
        "Diluted EPS": NaN,
        "Basic EPS": NaN,
        "Diluted NI Availto Com Stockholders": -10626000.0,
        "Net Income Common Stockholders": -10626000.0,
        "Net Income": -10626000.0,
        "Net Income Including Noncontrolling Interests": -10626000.0,
        "Net Income Continuous Operations": -10626000.0,
        "Tax Provision": 0.0,
        "Pretax Income": -10626000.0,
        "Net Non Operating Interest Income Expense": 446000.0,
        "Interest Expense Non Operating": -195000.0,
        "Interest Income Non Operating": NaN,
        "Operating Income": -7743000.0,
        "Operating Expense": 17733000.0,
        "Other Operating Expenses": -58000.0,
        "Research And Development": 2454000.0,
        "Selling General And Administration": 15337000.0,
        "Selling And Marketing Expense": 9601000.0,
        "General And Administrative Expense": 5736000.0,
        "Other Gand A": 5736000.0,
        "Gross Profit": 9990000.0,
        "Cost Of Revenue": 6755000.0,
        "Total Revenue": 16745000.0,
        "Operating Revenue": 16738000.0
    }
}