{
    "2023-03-31": {
        "Tax Effect Of Unusual Items": NaN,
        "Tax Rate For Calcs": NaN,
        "Normalized EBITDA": NaN,
        "Total Unusual Items": NaN,
        "Total Unusual Items Excluding Goodwill": NaN,
        "Net Income From Continuing Operation Net Minority Interest": NaN,
        "Reconciled Depreciation": NaN,
        "Reconciled Cost Of Revenue": NaN,
        "EBITDA": NaN,
        "EBIT": NaN,
        "Net Interest Income": NaN,
        "Interest Expense": NaN,
        "Interest Income": NaN,
        "Normalized Income": NaN,
        "Net Income From Continuing And Discontinued Operation": NaN,
        "Total Expenses": NaN,
        "Total Operating Income As Reported": NaN,
        "Diluted Average Shares": 10060740.0,
        "Basic Average Shares": 10060740.0,
        "Diluted EPS": -0.067333,
        "Basic EPS": -0.067333,
        "Diluted NI Availto Com Stockholders": NaN,
        "Net Income Common Stockholders": NaN,
        "Net Income": NaN,
        "Minority Interests": 0.0,
        "Net Income Including Noncontrolling Interests": NaN,
        "Net Income Discontinuous Operations": NaN,
        "Net Income Continuous Operations": NaN,
        "Pretax Income": NaN,
        "Other Income Expense": NaN,
        "Special Income Charges": NaN,
        "Gain On Sale Of Ppe": NaN,
        "Gain On Sale Of Security": NaN,
        "Net Non Operating Interest Income Expense": NaN,
        "Interest Expense Non Operating": NaN,
        "Interest Income Non Operating": NaN,
        "Operating Income": NaN,
        "Operating Expense": NaN,
        "Research And Development": NaN,
        "Selling General And Administration": NaN,
        "General And Administrative Expense": NaN,
        "Other Gand A": NaN,
        "Salaries And Wages": NaN,
        "Gross Profit": NaN,
        "Cost Of Revenue": NaN,
        "Total Revenue": NaN,
        "Operating Revenue": NaN
    },
    "2022-12-31": {
        "Tax Effect Of Unusual Items": NaN,
        "Tax Rate For Calcs": NaN,
        "Normalized EBITDA": NaN,
        "Total Unusual Items": NaN,
        "Total Unusual Items Excluding Goodwill": NaN,
        "Net Income From Continuing Operation Net Minority Interest": NaN,
        "Reconciled Depreciation": NaN,
        "Reconciled Cost Of Revenue": NaN,
        "EBITDA": NaN,
        "EBIT": NaN,
        "Net Interest Income": NaN,
        "Interest Expense": NaN,
        "Interest Income": NaN,
        "Normalized Income": NaN,
        "Net Income From Continuing And Discontinued Operation": NaN,
        "Total Expenses": NaN,
        "Total Operating Income As Reported": NaN,
        "Diluted Average Shares": NaN,
        "Basic Average Shares": NaN,
        "Diluted EPS": NaN,
        "Basic EPS": NaN,
        "Diluted NI Availto Com Stockholders": NaN,
        "Net Income Common Stockholders": NaN,
        "Net Income": NaN,
        "Minority Interests": 377843.0,
        "Net Income Including Noncontrolling Interests": NaN,
        "Net Income Discontinuous Operations": NaN,
        "Net Income Continuous Operations": NaN,
        "Pretax Income": NaN,
        "Other Income Expense": NaN,
        "Special Income Charges": NaN,
        "Gain On Sale Of Ppe": NaN,
        "Gain On Sale Of Security": NaN,
        "Net Non Operating Interest Income Expense": NaN,
        "Interest Expense Non Operating": NaN,
        "Interest Income Non Operating": NaN,
        "Operating Income": NaN,
        "Operating Expense": NaN,
        "Research And Development": NaN,
        "Selling General And Administration": NaN,
        "General And Administrative Expense": NaN,
        "Other Gand A": NaN,
        "Salaries And Wages": NaN,
        "Gross Profit": NaN,
        "Cost Of Revenue": NaN,
        "Total Revenue": NaN,
        "Operating Revenue": NaN
    },
    "2022-09-30": {
        "Tax Effect Of Unusual Items": NaN,
        "Tax Rate For Calcs": NaN,
        "Normalized EBITDA": NaN,
        "Total Unusual Items": NaN,
        "Total Unusual Items Excluding Goodwill": NaN,
        "Net Income From Continuing Operation Net Minority Interest": NaN,
        "Reconciled Depreciation": NaN,
        "Reconciled Cost Of Revenue": NaN,
        "EBITDA": NaN,
        "EBIT": NaN,
        "Net Interest Income": NaN,
        "Interest Expense": NaN,
        "Interest Income": NaN,
        "Normalized Income": NaN,
        "Net Income From Continuing And Discontinued Operation": NaN,
        "Total Expenses": NaN,
        "Total Operating Income As Reported": NaN,
        "Diluted Average Shares": 551724.0,
        "Basic Average Shares": 549977.0,
        "Diluted EPS": -0.91,
        "Basic EPS": -0.91,
        "Diluted NI Availto Com Stockholders": NaN,
        "Net Income Common Stockholders": NaN,
        "Net Income": NaN,
        "Minority Interests": NaN,
        "Net Income Including Noncontrolling Interests": NaN,
        "Net Income Discontinuous Operations": -188268.0,
        "Net Income Continuous Operations": NaN,
        "Pretax Income": NaN,
        "Other Income Expense": NaN,
        "Special Income Charges": NaN,
        "Gain On Sale Of Ppe": NaN,
        "Gain On Sale Of Security": NaN,
        "Net Non Operating Interest Income Expense": NaN,
        "Interest Expense Non Operating": NaN,
        "Interest Income Non Operating": NaN,
        "Operating Income": NaN,
        "Operating Expense": NaN,
        "Research And Development": NaN,
        "Selling General And Administration": NaN,
        "General And Administrative Expense": NaN,
        "Other Gand A": NaN,
        "Salaries And Wages": NaN,
        "Gross Profit": NaN,
        "Cost Of Revenue": NaN,
        "Total Revenue": NaN,
        "Operating Revenue": NaN
    },
    "2022-06-30": {
        "Tax Effect Of Unusual Items": 0.0,
        "Tax Rate For Calcs": 0.0,
        "Normalized EBITDA": -1051901.0,
        "Total Unusual Items": 0.0,
        "Total Unusual Items Excluding Goodwill": 0.0,
        "Net Income From Continuing Operation Net Minority Interest": -1083763.0,
        "Reconciled Depreciation": 51205.0,
        "Reconciled Cost Of Revenue": 2107815.0,
        "EBITDA": -1051901.0,
        "EBIT": -1103106.0,
        "Net Interest Income": -9155.0,
        "Interest Expense": 9155.0,
        "Interest Income": NaN,
        "Normalized Income": -1083763.0,
        "Net Income From Continuing And Discontinued Operation": -1083763.0,
        "Total Expenses": 4381835.0,
        "Total Operating Income As Reported": -1103106.0,
        "Diluted Average Shares": 545403.0,
        "Basic Average Shares": 545403.0,
        "Diluted EPS": -1.99,
        "Basic EPS": -1.99,
        "Diluted NI Availto Com Stockholders": -1083763.0,
        "Net Income Common Stockholders": -1083763.0,
        "Net Income": -1083763.0,
        "Minority Interests": 28498.0,
        "Net Income Including Noncontrolling Interests": -1112261.0,
        "Net Income Discontinuous Operations": NaN,
        "Net Income Continuous Operations": -1112261.0,
        "Pretax Income": -1112261.0,
        "Other Income Expense": NaN,
        "Special Income Charges": 0.0,
        "Gain On Sale Of Ppe": 0.0,
        "Gain On Sale Of Security": NaN,
        "Net Non Operating Interest Income Expense": -9155.0,
        "Interest Expense Non Operating": 9155.0,
        "Interest Income Non Operating": NaN,
        "Operating Income": -1103106.0,
        "Operating Expense": 2274020.0,
        "Research And Development": 298062.0,
        "Selling General And Administration": 1975958.0,
        "General And Administrative Expense": 1975958.0,
        "Other Gand A": 797834.0,
        "Salaries And Wages": 1178124.0,
        "Gross Profit": 1170914.0,
        "Cost Of Revenue": 2107815.0,
        "Total Revenue": 3278729.0,
        "Operating Revenue": 3278729.0
    },
    "2022-03-31": {
        "Diluted EPS": -1.8,
        "Total Revenue": 3,
        "Gross Profit": 1,
        "Operating Income": -1,
        "EBIT": -1,
        "Net Income": -1
    },
    "2021-12-31": {
        "Diluted EPS": -1.35,
        "Total Revenue": 2,
        "Gross Profit": 1,
        "Operating Income": -1,
        "EBIT": -1,
        "Net Income": -1
    },
    "2021-09-30": {
        "Diluted EPS": -2.4,
        "Total Revenue": 3,
        "Gross Profit": 1,
        "Operating Income": -1,
        "EBIT": -1,
        "Net Income": -1
    },
    "2021-06-30": {
        "Diluted EPS": -4.8,
        "Total Revenue": 2,
        "Gross Profit": 1,
        "Operating Income": -3,
        "EBIT": -3,
        "Net Income": -3
    },
    "2021-03-31": {
        "Diluted EPS": -1.2,
        "Total Revenue": 3,
        "Gross Profit": 1,
        "Operating Income": -1,
        "EBIT": -1,
        "Net Income": -1
    },
    "2020-12-31": {
        "Diluted EPS": -4.5,
        "Total Revenue": 2,
        "Gross Profit": 0,
        "Operating Income": -2,
        "EBIT": -2,
        "Net Income": -2
    },
    "2020-09-30": {
        "Diluted EPS": 0.3,
        "Total Revenue": 6,
        "Gross Profit": 2,
        "Operating Income": 0,
        "EBIT": 0,
        "Net Income": 0
    },
    "2020-06-30": {
        "Diluted EPS": -1.05,
        "Total Revenue": 7,
        "Gross Profit": 2,
        "Operating Income": -1,
        "EBIT": -1,
        "Net Income": -1
    },
    "2020-03-31": {
        "Diluted EPS": 0.3,
        "Total Revenue": 2,
        "Gross Profit": 2,
        "Operating Income": 0,
        "EBIT": 0,
        "Net Income": 0
    },
    "2019-12-31": {
        "Diluted EPS": -1.2,
        "Total Revenue": 2,
        "Gross Profit": 1,
        "Operating Income": 0,
        "EBIT": 0,
        "Net Income": 0
    },
    "2019-09-30": {
        "Diluted EPS": 0.0,
        "Total Revenue": 2,
        "Gross Profit": 1,
        "Operating Income": 0,
        "EBIT": 0,
        "Net Income": 0
    },
    "2019-06-30": {
        "Diluted EPS": 0.15,
        "Total Revenue": 2,
        "Gross Profit": 1,
        "Operating Income": 0,
        "EBIT": 0,
        "Net Income": 0
    },
    "2019-03-31": {
        "Diluted EPS": 0.3,
        "Total Revenue": 2,
        "Gross Profit": 1,
        "Operating Income": 0,
        "EBIT": 0,
        "Net Income": 0
    },
    "2018-12-31": {
        "Diluted EPS": 0.0,
        "Total Revenue": 1,
        "Gross Profit": 1,
        "Operating Income": 0,
        "EBIT": 0,
        "Net Income": 0
    },
    "2018-09-30": {
        "Diluted EPS": 0.0,
        "Total Revenue": 1,
        "Gross Profit": 1,
        "Operating Income": 0,
        "EBIT": 0,
        "Net Income": 0
    },
    "2018-06-30": {
        "Diluted EPS": 0.0,
        "Total Revenue": 1,
        "Gross Profit": 1,
        "Operating Income": 0,
        "EBIT": 0,
        "Net Income": 0
    },
    "2018-03-31": {
        "Diluted EPS": 0.0,
        "Total Revenue": 1,
        "Gross Profit": 1,
        "Operating Income": 0,
        "EBIT": 0,
        "Net Income": 0
    },
    "2017-12-31": {
        "Diluted EPS": 0.0,
        "Total Revenue": 1,
        "Gross Profit": 1,
        "Operating Income": 0,
        "EBIT": 0,
        "Net Income": 0
    },
    "2017-09-30": {
        "Diluted EPS": 0.0,
        "Total Revenue": 1,
        "Gross Profit": 1,
        "Operating Income": 0,
        "EBIT": 0,
        "Net Income": 0
    },
    "2017-06-30": {
        "Diluted EPS": 0.0,
        "Total Revenue": 1,
        "Gross Profit": 1,
        "Operating Income": 0,
        "EBIT": 0,
        "Net Income": 0
    },
    "2017-03-31": {
        "Diluted EPS": 0.0,
        "Total Revenue": 1,
        "Gross Profit": 1,
        "Operating Income": 0,
        "EBIT": 0,
        "Net Income": 0
    },
    "2016-12-31": {
        "Diluted EPS": -0.9,
        "Total Revenue": 1,
        "Gross Profit": 1,
        "Operating Income": 0,
        "EBIT": 0,
        "Net Income": 0
    },
    "2016-09-30": {
        "Diluted EPS": -2.7,
        "Total Revenue": 1,
        "Gross Profit": 1,
        "Operating Income": 0,
        "EBIT": 0,
        "Net Income": -1
    },
    "2016-06-30": {
        "Diluted EPS": -3.6,
        "Total Revenue": 1,
        "Gross Profit": 1,
        "Operating Income": -1,
        "EBIT": -1,
        "Net Income": -1
    },
    "2016-03-31": {
        "Diluted EPS": -0.9,
        "Total Revenue": 1,
        "Gross Profit": 1,
        "Operating Income": 0,
        "EBIT": 0,
        "Net Income": 0
    },
    "2015-12-31": {
        "Diluted EPS": -2.7,
        "Total Revenue": -1,
        "Gross Profit": 1,
        "Operating Income": 0,
        "EBIT": 0,
        "Net Income": 0
    },
    "2015-09-30": {
        "Diluted EPS": 0.0,
        "Total Revenue": 2,
        "Gross Profit": 1,
        "Operating Income": 0,
        "EBIT": 0,
        "Net Income": 0
    },
    "2015-06-30": {
        "Diluted EPS": 0.0,
        "Total Revenue": 1,
        "Gross Profit": 1,
        "Operating Income": 0,
        "EBIT": 0,
        "Net Income": 0
    },
    "2015-03-31": {
        "Diluted EPS": -0.9,
        "Total Revenue": 1,
        "Gross Profit": 0,
        "Operating Income": 0,
        "EBIT": 0,
        "Net Income": 0
    },
    "2014-12-31": {
        "Diluted EPS": -1.8,
        "Total Revenue": 1,
        "Gross Profit": 0,
        "Operating Income": 0,
        "EBIT": 0,
        "Net Income": 0
    },
    "2014-09-30": {
        "Diluted EPS": -0.9,
        "Total Revenue": 0,
        "Gross Profit": 0,
        "Operating Income": 0,
        "EBIT": 0,
        "Net Income": 0
    },
    "2014-06-30": {
        "Diluted EPS": -0.9,
        "Total Revenue": 0,
        "Gross Profit": 0,
        "Operating Income": 0,
        "EBIT": 0,
        "Net Income": 0
    },
    "2014-03-31": {
        "Diluted EPS": -2.7,
        "Total Revenue": 0,
        "Gross Profit": 0,
        "Operating Income": 0,
        "EBIT": 0,
        "Net Income": -1
    },
    "2013-12-31": {
        "Diluted EPS": -12.59,
        "Total Revenue": 0,
        "Gross Profit": 0,
        "Operating Income": -1,
        "EBIT": -1,
        "Net Income": -1
    },
    "2013-09-30": {
        "Diluted EPS": -0.9,
        "Total Revenue": 0,
        "Gross Profit": 0,
        "Operating Income": 0,
        "EBIT": 0,
        "Net Income": 0
    },
    "2013-06-30": {
        "Diluted EPS": 0.0,
        "Total Revenue": 0,
        "Gross Profit": 0,
        "Operating Income": 0,
        "EBIT": 0,
        "Net Income": 0
    },
    "2013-03-31": {
        "Diluted EPS": 0.0,
        "Total Revenue": 0,
        "Gross Profit": 0,
        "Operating Income": 0,
        "EBIT": 0,
        "Net Income": 0
    },
    "2012-12-31": {
        "Diluted EPS": 0.0,
        "Total Revenue": NaN,
        "Gross Profit": NaN,
        "Operating Income": NaN,
        "EBIT": NaN,
        "Net Income": NaN
    },
    "2023-06-30": {
        "Tax Effect Of Unusual Items": 0.0,
        "Tax Rate For Calcs": 0.0,
        "Normalized EBITDA": -546261.0,
        "Total Unusual Items": -1448519.0,
        "Total Unusual Items Excluding Goodwill": -1448519.0,
        "Net Income From Continuing Operation Net Minority Interest": -2229035.0,
        "Reconciled Depreciation": 53521.0,
        "Reconciled Cost Of Revenue": 299387.0,
        "EBITDA": -1994780.0,
        "EBIT": -2048301.0,
        "Net Interest Income": -180734.0,
        "Interest Expense": 180734.0,
        "Interest Income": 0.0,
        "Normalized Income": -780516.0,
        "Net Income From Continuing And Discontinued Operation": -1974878.0,
        "Total Expenses": 966308.0,
        "Total Operating Income As Reported": -599782.0,
        "Diluted Average Shares": 10217985.0,
        "Basic Average Shares": 10217985.0,
        "Diluted EPS": -0.193333,
        "Basic EPS": -0.193333,
        "Diluted NI Availto Com Stockholders": -1974878.0,
        "Net Income Common Stockholders": -1974878.0,
        "Net Income": -1974878.0,
        "Minority Interests": 0.0,
        "Net Income Including Noncontrolling Interests": -1974878.0,
        "Net Income Discontinuous Operations": 254157.0,
        "Net Income Continuous Operations": -2229035.0,
        "Pretax Income": -2229035.0,
        "Other Income Expense": -1448519.0,
        "Special Income Charges": 0.0,
        "Gain On Sale Of Ppe": 0.0,
        "Gain On Sale Of Security": -1448519.0,
        "Net Non Operating Interest Income Expense": -180734.0,
        "Interest Expense Non Operating": 180734.0,
        "Interest Income Non Operating": 0.0,
        "Operating Income": -599782.0,
        "Operating Expense": 666921.0,
        "Research And Development": 27579.0,
        "Selling General And Administration": 639342.0,
        "General And Administrative Expense": 639342.0,
        "Other Gand A": 483042.0,
        "Salaries And Wages": 156300.0,
        "Gross Profit": 67139.0,
        "Cost Of Revenue": 299387.0,
        "Total Revenue": 366526.0,
        "Operating Revenue": 366526.0
    },
    "2023-09-30": {
        "Tax Effect Of Unusual Items": 0.0,
        "Tax Rate For Calcs": 0.0,
        "Normalized EBITDA": -616609.0,
        "Total Unusual Items": 925320.0,
        "Total Unusual Items Excluding Goodwill": 925320.0,
        "Net Income From Continuing Operation Net Minority Interest": -171607.0,
        "Reconciled Depreciation": 228540.0,
        "Reconciled Cost Of Revenue": 353450.0,
        "EBITDA": 308711.0,
        "EBIT": 80171.0,
        "Net Interest Income": -251778.0,
        "Interest Expense": 251778.0,
        "Interest Income": 0.0,
        "Normalized Income": -1096927.0,
        "Net Income From Continuing And Discontinued Operation": -3525114.0,
        "Total Expenses": 2903177.0,
        "Total Operating Income As Reported": -845149.0,
        "Diluted Average Shares": 2363233.0,
        "Basic Average Shares": 771192.0,
        "Diluted EPS": -4.57,
        "Basic EPS": -4.57,
        "Diluted NI Availto Com Stockholders": -3525114.0,
        "Net Income Common Stockholders": -3525114.0,
        "Net Income": -3525114.0,
        "Minority Interests": 0.0,
        "Net Income Including Noncontrolling Interests": -3525114.0,
        "Net Income Discontinuous Operations": -3353507.0,
        "Net Income Continuous Operations": -171607.0,
        "Pretax Income": -171607.0,
        "Other Income Expense": 925320.0,
        "Special Income Charges": 0.0,
        "Gain On Sale Of Ppe": 0.0,
        "Gain On Sale Of Security": 925320.0,
        "Net Non Operating Interest Income Expense": -251778.0,
        "Interest Expense Non Operating": 251778.0,
        "Interest Income Non Operating": 0.0,
        "Operating Income": -845149.0,
        "Operating Expense": 2549727.0,
        "Research And Development": 410612.0,
        "Selling General And Administration": 2139115.0,
        "General And Administrative Expense": 2139115.0,
        "Other Gand A": 1441085.0,
        "Salaries And Wages": 698030.0,
        "Gross Profit": 1704578.0,
        "Cost Of Revenue": 353450.0,
        "Total Revenue": 2058028.0,
        "Operating Revenue": 2058028.0
    },
    "2023-12-31": {
        "Tax Effect Of Unusual Items": 0.0,
        "Tax Rate For Calcs": 0.0,
        "Normalized EBITDA": -5462846.0,
        "Total Unusual Items": -4834227.0,
        "Total Unusual Items Excluding Goodwill": -4834227.0,
        "Net Income From Continuing Operation Net Minority Interest": -11715965.0,
        "Reconciled Depreciation": 715450.0,
        "Reconciled Cost Of Revenue": 4601023.0,
        "EBITDA": -10297073.0,
        "EBIT": -11012523.0,
        "Net Interest Income": -703442.0,
        "Interest Expense": 703442.0,
        "Interest Income": 0.0,
        "Normalized Income": -6881738.0,
        "Net Income From Continuing And Discontinued Operation": -11715965.0,
        "Total Expenses": 8545267.0,
        "Total Operating Income As Reported": -6192839.0,
        "Diluted Average Shares": NaN,
        "Basic Average Shares": NaN,
        "Diluted EPS": NaN,
        "Basic EPS": NaN,
        "Diluted NI Availto Com Stockholders": -11715965.0,
        "Net Income Common Stockholders": -11715965.0,
        "Net Income": -11715965.0,
        "Minority Interests": 0.0,
        "Net Income Including Noncontrolling Interests": -11715965.0,
        "Net Income Discontinuous Operations": 0.0,
        "Net Income Continuous Operations": -11715965.0,
        "Pretax Income": -11715965.0,
        "Other Income Expense": -4819684.0,
        "Special Income Charges": -5129115.0,
        "Gain On Sale Of Ppe": 0.0,
        "Gain On Sale Of Security": 294888.0,
        "Net Non Operating Interest Income Expense": -703442.0,
        "Interest Expense Non Operating": 703442.0,
        "Interest Income Non Operating": 0.0,
        "Operating Income": -6192839.0,
        "Operating Expense": 3944244.0,
        "Research And Development": 366534.0,
        "Selling General And Administration": 3577710.0,
        "General And Administrative Expense": 3577710.0,
        "Other Gand A": 2956894.0,
        "Salaries And Wages": 620816.0,
        "Gross Profit": -2248595.0,
        "Cost Of Revenue": 4601023.0,
        "Total Revenue": 2352428.0,
        "Operating Revenue": 2352428.0
    },
    "2024-03-31": {
        "Tax Effect Of Unusual Items": 0.0,
        "Tax Rate For Calcs": 0.0,
        "Normalized EBITDA": -5425247.0,
        "Total Unusual Items": -1104857.0,
        "Total Unusual Items Excluding Goodwill": -1104857.0,
        "Net Income From Continuing Operation Net Minority Interest": -6636922.0,
        "Reconciled Depreciation": 8303.0,
        "Reconciled Cost Of Revenue": 0.0,
        "EBITDA": -6530104.0,
        "EBIT": -6538407.0,
        "Net Interest Income": -35594.0,
        "Interest Expense": 98515.0,
        "Interest Income": 62921.0,
        "Normalized Income": -5532065.0,
        "Net Income From Continuing And Discontinued Operation": 21246033.0,
        "Total Expenses": 5496471.0,
        "Total Operating Income As Reported": -5496471.0,
        "Diluted Average Shares": 1266977.0,
        "Basic Average Shares": 1036756.0,
        "Diluted EPS": 16.77,
        "Basic EPS": 20.49,
        "Diluted NI Availto Com Stockholders": 21246033.0,
        "Net Income Common Stockholders": 21246033.0,
        "Net Income": 21246033.0,
        "Minority Interests": NaN,
        "Net Income Including Noncontrolling Interests": 21246033.0,
        "Net Income Discontinuous Operations": 27882955.0,
        "Net Income Continuous Operations": -6636922.0,
        "Pretax Income": -6636922.0,
        "Other Income Expense": -1104857.0,
        "Special Income Charges": -374968.0,
        "Gain On Sale Of Ppe": -374968.0,
        "Gain On Sale Of Security": -729889.0,
        "Net Non Operating Interest Income Expense": -35594.0,
        "Interest Expense Non Operating": 98515.0,
        "Interest Income Non Operating": 62921.0,
        "Operating Income": -5496471.0,
        "Operating Expense": 5496471.0,
        "Research And Development": 53859.0,
        "Selling General And Administration": 5442612.0,
        "General And Administrative Expense": 5442612.0,
        "Other Gand A": 5219440.0,
        "Salaries And Wages": 223172.0,
        "Gross Profit": 0.0,
        "Cost Of Revenue": 0.0,
        "Total Revenue": 0.0,
        "Operating Revenue": 0.0
    },
    "2024-06-30": {
        "Tax Effect Of Unusual Items": 0.0,
        "Tax Rate For Calcs": 0.0,
        "Normalized EBITDA": -1446297.0,
        "Total Unusual Items": -165132.0,
        "Total Unusual Items Excluding Goodwill": -165132.0,
        "Net Income From Continuing Operation Net Minority Interest": -1624741.0,
        "Reconciled Depreciation": 8363.0,
        "Reconciled Cost Of Revenue": 19402.0,
        "EBITDA": -1611429.0,
        "EBIT": -1619792.0,
        "Net Interest Income": 36082.0,
        "Interest Expense": 4949.0,
        "Interest Income": 41031.0,
        "Normalized Income": -1459609.0,
        "Net Income From Continuing And Discontinued Operation": -1833902.0,
        "Total Expenses": 1514390.0,
        "Total Operating Income As Reported": -1495691.0,
        "Diluted Average Shares": 1406348.0,
        "Basic Average Shares": 1406348.0,
        "Diluted EPS": -1.3,
        "Basic EPS": -1.3,
        "Diluted NI Availto Com Stockholders": -1833902.0,
        "Net Income Common Stockholders": -1833902.0,
        "Net Income": -1833902.0,
        "Minority Interests": NaN,
        "Net Income Including Noncontrolling Interests": -1833902.0,
        "Net Income Discontinuous Operations": -209161.0,
        "Net Income Continuous Operations": -1624741.0,
        "Pretax Income": -1624741.0,
        "Other Income Expense": -165132.0,
        "Special Income Charges": 0.0,
        "Gain On Sale Of Ppe": 0.0,
        "Gain On Sale Of Security": -165132.0,
        "Net Non Operating Interest Income Expense": 36082.0,
        "Interest Expense Non Operating": 4949.0,
        "Interest Income Non Operating": 41031.0,
        "Operating Income": -1495691.0,
        "Operating Expense": 1494988.0,
        "Research And Development": 86674.0,
        "Selling General And Administration": 1408314.0,
        "General And Administrative Expense": 1408314.0,
        "Other Gand A": 1096265.0,
        "Salaries And Wages": 312049.0,
        "Gross Profit": -703.0,
        "Cost Of Revenue": 19402.0,
        "Total Revenue": 18699.0,
        "Operating Revenue": 18699.0
    }
}