{
    "2023-03-31": {
        "Tax Effect Of Unusual Items": 0.0,
        "Tax Rate For Calcs": 0.0,
        "Normalized EBITDA": -16294000.0,
        "Total Unusual Items": NaN,
        "Total Unusual Items Excluding Goodwill": NaN,
        "Net Income From Continuing Operation Net Minority Interest": -15438000.0,
        "Reconciled Depreciation": 97000.0,
        "EBITDA": -16294000.0,
        "EBIT": -16391000.0,
        "Net Interest Income": 957000.0,
        "Interest Income": 957000.0,
        "Normalized Income": -15438000.0,
        "Net Income From Continuing And Discontinued Operation": -15438000.0,
        "Total Expenses": 22285000.0,
        "Total Operating Income As Reported": -16391000.0,
        "Diluted Average Shares": 6663000.0,
        "Basic Average Shares": 6663000.0,
        "Diluted EPS": -2.32,
        "Basic EPS": -2.32,
        "Diluted NI Availto Com Stockholders": -15438000.0,
        "Average Dilution Earnings": 0.0,
        "Net Income Common Stockholders": -15438000.0,
        "Net Income": -15438000.0,
        "Net Income Including Noncontrolling Interests": -15438000.0,
        "Net Income Continuous Operations": -15438000.0,
        "Pretax Income": -15438000.0,
        "Other Income Expense": -4000.0,
        "Other Non Operating Income Expenses": -4000.0,
        "Gain On Sale Of Security": NaN,
        "Net Non Operating Interest Income Expense": 957000.0,
        "Interest Income Non Operating": 957000.0,
        "Operating Income": -16391000.0,
        "Operating Expense": 22285000.0,
        "Research And Development": 15104000.0,
        "Selling General And Administration": 7181000.0,
        "General And Administrative Expense": 7181000.0,
        "Other Gand A": 7181000.0,
        "Total Revenue": 5894000.0,
        "Operating Revenue": 5894000.0
    },
    "2022-12-31": {
        "Tax Effect Of Unusual Items": 194400.0,
        "Tax Rate For Calcs": 0.4,
        "Normalized EBITDA": 8532000.0,
        "Total Unusual Items": 486000.0,
        "Total Unusual Items Excluding Goodwill": 486000.0,
        "Net Income From Continuing Operation Net Minority Interest": 10253000.0,
        "Reconciled Depreciation": 92000.0,
        "EBITDA": 9018000.0,
        "EBIT": 8926000.0,
        "Net Interest Income": 845000.0,
        "Interest Income": 845000.0,
        "Normalized Income": 9961400.0,
        "Net Income From Continuing And Discontinued Operation": 10253000.0,
        "Total Expenses": 23809000.0,
        "Total Operating Income As Reported": 8926000.0,
        "Diluted Average Shares": 6663050.0,
        "Basic Average Shares": 6663050.0,
        "Diluted EPS": 1.6,
        "Basic EPS": 1.6,
        "Diluted NI Availto Com Stockholders": 10253000.0,
        "Average Dilution Earnings": 0.0,
        "Net Income Common Stockholders": 10253000.0,
        "Net Income": 10253000.0,
        "Net Income Including Noncontrolling Interests": 10253000.0,
        "Net Income Continuous Operations": 10253000.0,
        "Pretax Income": 10253000.0,
        "Other Income Expense": 482000.0,
        "Other Non Operating Income Expenses": -4000.0,
        "Gain On Sale Of Security": 486000.0,
        "Net Non Operating Interest Income Expense": 845000.0,
        "Interest Income Non Operating": 845000.0,
        "Operating Income": 8926000.0,
        "Operating Expense": 23809000.0,
        "Research And Development": 15313000.0,
        "Selling General And Administration": 8496000.0,
        "General And Administrative Expense": 8496000.0,
        "Other Gand A": 8496000.0,
        "Total Revenue": 32735000.0,
        "Operating Revenue": 32735000.0
    },
    "2022-09-30": {
        "Tax Effect Of Unusual Items": 0.0,
        "Tax Rate For Calcs": 0.0,
        "Normalized EBITDA": -19237000.0,
        "Total Unusual Items": 1117000.0,
        "Total Unusual Items Excluding Goodwill": 1117000.0,
        "Net Income From Continuing Operation Net Minority Interest": -16624000.0,
        "Reconciled Depreciation": 99000.0,
        "EBITDA": -18120000.0,
        "EBIT": -18219000.0,
        "Net Interest Income": 480000.0,
        "Interest Income": 480000.0,
        "Normalized Income": -17741000.0,
        "Net Income From Continuing And Discontinued Operation": -16624000.0,
        "Total Expenses": 26949000.0,
        "Total Operating Income As Reported": -18219000.0,
        "Diluted Average Shares": 6663000.0,
        "Basic Average Shares": 6663000.0,
        "Diluted EPS": -2.49,
        "Basic EPS": -2.49,
        "Diluted NI Availto Com Stockholders": -16624000.0,
        "Average Dilution Earnings": 0.0,
        "Net Income Common Stockholders": -16624000.0,
        "Net Income": -16624000.0,
        "Net Income Including Noncontrolling Interests": -16624000.0,
        "Net Income Continuous Operations": -16624000.0,
        "Pretax Income": -16624000.0,
        "Other Income Expense": 1115000.0,
        "Other Non Operating Income Expenses": -2000.0,
        "Gain On Sale Of Security": 1117000.0,
        "Net Non Operating Interest Income Expense": 480000.0,
        "Interest Income Non Operating": 480000.0,
        "Operating Income": -18219000.0,
        "Operating Expense": 26949000.0,
        "Research And Development": 19463000.0,
        "Selling General And Administration": 7486000.0,
        "General And Administrative Expense": 7486000.0,
        "Other Gand A": 7486000.0,
        "Total Revenue": 8730000.0,
        "Operating Revenue": 8730000.0
    },
    "2022-06-30": {
        "Tax Effect Of Unusual Items": 0.0,
        "Tax Rate For Calcs": 0.0,
        "Normalized EBITDA": -16044000.0,
        "Total Unusual Items": -67000.0,
        "Total Unusual Items Excluding Goodwill": -67000.0,
        "Net Income From Continuing Operation Net Minority Interest": -16063000.0,
        "Reconciled Depreciation": 85000.0,
        "Reconciled Cost Of Revenue": 0.0,
        "EBITDA": -16111000.0,
        "EBIT": -16196000.0,
        "Net Interest Income": 206000.0,
        "Interest Income": 206000.0,
        "Normalized Income": -15996000.0,
        "Net Income From Continuing And Discontinued Operation": -16063000.0,
        "Total Expenses": 27610000.0,
        "Total Operating Income As Reported": -16196000.0,
        "Diluted Average Shares": 6656400.0,
        "Basic Average Shares": 6654600.0,
        "Diluted EPS": -2.49,
        "Basic EPS": -2.49,
        "Diluted NI Availto Com Stockholders": -16063000.0,
        "Average Dilution Earnings": 0.0,
        "Net Income Common Stockholders": -16063000.0,
        "Net Income": -16063000.0,
        "Net Income Including Noncontrolling Interests": -16063000.0,
        "Net Income Continuous Operations": -16063000.0,
        "Pretax Income": -16063000.0,
        "Other Income Expense": -73000.0,
        "Other Non Operating Income Expenses": NaN,
        "Gain On Sale Of Security": -67000.0,
        "Net Non Operating Interest Income Expense": 206000.0,
        "Interest Income Non Operating": 206000.0,
        "Operating Income": -16196000.0,
        "Operating Expense": 27610000.0,
        "Research And Development": 21839000.0,
        "Selling General And Administration": 5771000.0,
        "General And Administrative Expense": 5771000.0,
        "Other Gand A": 5771000.0,
        "Gross Profit": 11414000.0,
        "Cost Of Revenue": 0.0,
        "Total Revenue": 11414000.0,
        "Operating Revenue": 11414000.0
    },
    "2022-03-31": {
        "Diluted EPS": -1.31,
        "Total Revenue": 10,
        "Gross Profit": 10,
        "Operating Income": -22,
        "EBIT": -21,
        "Net Income": -9
    },
    "2021-12-31": {
        "Diluted EPS": -2.8,
        "Total Revenue": 12,
        "Gross Profit": 12,
        "Operating Income": -18,
        "EBIT": -18,
        "Net Income": -12
    },
    "2021-09-30": {
        "Diluted EPS": -3.6,
        "Total Revenue": 8,
        "Gross Profit": 8,
        "Operating Income": -20,
        "EBIT": -20,
        "Net Income": -18
    },
    "2021-06-30": {
        "Diluted EPS": -2.6,
        "Total Revenue": 7,
        "Gross Profit": 7,
        "Operating Income": -15,
        "EBIT": -15,
        "Net Income": -8
    },
    "2021-03-31": {
        "Diluted EPS": -4.6,
        "Total Revenue": 8,
        "Gross Profit": 8,
        "Operating Income": -16,
        "EBIT": -16,
        "Net Income": -26
    },
    "2020-12-31": {
        "Diluted EPS": -2.6,
        "Total Revenue": 13,
        "Gross Profit": 12,
        "Operating Income": -16,
        "EBIT": -16,
        "Net Income": -8
    },
    "2020-09-30": {
        "Diluted EPS": -2.2,
        "Total Revenue": 7,
        "Gross Profit": 6,
        "Operating Income": -13,
        "EBIT": -13,
        "Net Income": 1
    },
    "2020-06-30": {
        "Diluted EPS": -3.6,
        "Total Revenue": 24,
        "Gross Profit": 24,
        "Operating Income": 11,
        "EBIT": 12,
        "Net Income": -20
    },
    "2020-03-31": {
        "Diluted EPS": -0.8,
        "Total Revenue": 1,
        "Gross Profit": 0,
        "Operating Income": -12,
        "EBIT": -12,
        "Net Income": -4
    },
    "2019-12-31": {
        "Diluted EPS": -5.2,
        "Total Revenue": 1,
        "Gross Profit": 0,
        "Operating Income": -12,
        "EBIT": -12,
        "Net Income": -20
    },
    "2019-09-30": {
        "Diluted EPS": -0.8,
        "Total Revenue": 1,
        "Gross Profit": 0,
        "Operating Income": -13,
        "EBIT": -13,
        "Net Income": -3
    },
    "2019-06-30": {
        "Diluted EPS": -3.0,
        "Total Revenue": 1,
        "Gross Profit": 0,
        "Operating Income": -12,
        "EBIT": -12,
        "Net Income": 3
    },
    "2019-03-31": {
        "Diluted EPS": -4.8,
        "Total Revenue": 1,
        "Gross Profit": 0,
        "Operating Income": -13,
        "EBIT": -13,
        "Net Income": -17
    },
    "2018-12-31": {
        "Diluted EPS": -3.0,
        "Total Revenue": 2,
        "Gross Profit": 1,
        "Operating Income": -12,
        "EBIT": -12,
        "Net Income": 12
    },
    "2018-09-30": {
        "Diluted EPS": -4.2,
        "Total Revenue": 0,
        "Gross Profit": -1,
        "Operating Income": -10,
        "EBIT": -10,
        "Net Income": -15
    },
    "2018-06-30": {
        "Diluted EPS": -8.2,
        "Total Revenue": 1,
        "Gross Profit": -1,
        "Operating Income": -7,
        "EBIT": -7,
        "Net Income": -19
    },
    "2018-03-31": {
        "Diluted EPS": -3.2,
        "Total Revenue": 0,
        "Gross Profit": 0,
        "Operating Income": -6,
        "EBIT": -6,
        "Net Income": -6
    },
    "2017-12-31": {
        "Diluted EPS": -3.2,
        "Total Revenue": 0,
        "Gross Profit": 0,
        "Operating Income": -6,
        "EBIT": -6,
        "Net Income": -6
    },
    "2017-09-30": {
        "Diluted EPS": -4.8,
        "Total Revenue": 0,
        "Gross Profit": 0,
        "Operating Income": -9,
        "EBIT": -9,
        "Net Income": -9
    },
    "2017-06-30": {
        "Diluted EPS": -2.2,
        "Total Revenue": 0,
        "Gross Profit": -1,
        "Operating Income": -4,
        "EBIT": -4,
        "Net Income": -4
    },
    "2017-03-31": {
        "Diluted EPS": -0.4,
        "Total Revenue": 5,
        "Gross Profit": 3,
        "Operating Income": -1,
        "EBIT": -1,
        "Net Income": -1
    },
    "2016-12-31": {
        "Diluted EPS": 6.4,
        "Total Revenue": 17,
        "Gross Profit": 15,
        "Operating Income": 12,
        "EBIT": 12,
        "Net Income": 12
    },
    "2016-09-30": {
        "Diluted EPS": -2.4,
        "Total Revenue": 1,
        "Gross Profit": 0,
        "Operating Income": -4,
        "EBIT": -4,
        "Net Income": -4
    },
    "2016-06-30": {
        "Diluted EPS": -3.4,
        "Total Revenue": NaN,
        "Gross Profit": NaN,
        "Operating Income": -6,
        "EBIT": -6,
        "Net Income": -6
    },
    "2016-03-31": {
        "Diluted EPS": -3.2,
        "Total Revenue": NaN,
        "Gross Profit": NaN,
        "Operating Income": -5,
        "EBIT": -5,
        "Net Income": -5
    },
    "2015-12-31": {
        "Diluted EPS": -3.0,
        "Total Revenue": NaN,
        "Gross Profit": NaN,
        "Operating Income": -5,
        "EBIT": -5,
        "Net Income": -5
    },
    "2015-09-30": {
        "Diluted EPS": -2.6,
        "Total Revenue": NaN,
        "Gross Profit": NaN,
        "Operating Income": -5,
        "EBIT": -5,
        "Net Income": -5
    },
    "2015-06-30": {
        "Diluted EPS": -1.6,
        "Total Revenue": NaN,
        "Gross Profit": NaN,
        "Operating Income": -6,
        "EBIT": -6,
        "Net Income": -6
    },
    "2015-03-31": {
        "Diluted EPS": -5.4,
        "Total Revenue": NaN,
        "Gross Profit": NaN,
        "Operating Income": -9,
        "EBIT": -9,
        "Net Income": -9
    },
    "2014-12-31": {
        "Diluted EPS": -7.8,
        "Total Revenue": NaN,
        "Gross Profit": NaN,
        "Operating Income": -9,
        "EBIT": -9,
        "Net Income": -9
    },
    "2014-09-30": {
        "Diluted EPS": -8.4,
        "Total Revenue": NaN,
        "Gross Profit": NaN,
        "Operating Income": -9,
        "EBIT": -9,
        "Net Income": -9
    },
    "2014-06-30": {
        "Diluted EPS": -8.0,
        "Total Revenue": NaN,
        "Gross Profit": NaN,
        "Operating Income": -9,
        "EBIT": -9,
        "Net Income": -9
    },
    "2014-03-31": {
        "Diluted EPS": -6.8,
        "Total Revenue": NaN,
        "Gross Profit": NaN,
        "Operating Income": -7,
        "EBIT": -7,
        "Net Income": -7
    },
    "2013-12-31": {
        "Diluted EPS": -6.4,
        "Total Revenue": NaN,
        "Gross Profit": NaN,
        "Operating Income": -6,
        "EBIT": -6,
        "Net Income": -6
    },
    "2013-09-30": {
        "Diluted EPS": -5.8,
        "Total Revenue": NaN,
        "Gross Profit": NaN,
        "Operating Income": -5,
        "EBIT": -5,
        "Net Income": -5
    },
    "2013-06-30": {
        "Diluted EPS": 5.6,
        "Total Revenue": NaN,
        "Gross Profit": NaN,
        "Operating Income": -3,
        "EBIT": -3,
        "Net Income": -3
    },
    "2013-03-31": {
        "Diluted EPS": -3.6,
        "Total Revenue": NaN,
        "Gross Profit": NaN,
        "Operating Income": -3,
        "EBIT": -3,
        "Net Income": -3
    },
    "2012-12-31": {
        "Diluted EPS": -10.0,
        "Total Revenue": NaN,
        "Gross Profit": NaN,
        "Operating Income": -3,
        "EBIT": -3,
        "Net Income": -3
    },
    "2012-09-30": {
        "Diluted EPS": -14.0,
        "Total Revenue": NaN,
        "Gross Profit": NaN,
        "Operating Income": -2,
        "EBIT": -2,
        "Net Income": -2
    },
    "2012-06-30": {
        "Diluted EPS": -12.4,
        "Total Revenue": NaN,
        "Gross Profit": NaN,
        "Operating Income": -2,
        "EBIT": -2,
        "Net Income": -2
    },
    "2012-03-31": {
        "Diluted EPS": -18.6,
        "Total Revenue": NaN,
        "Gross Profit": NaN,
        "Operating Income": -2,
        "EBIT": -2,
        "Net Income": -2
    },
    "2011-12-31": {
        "Diluted EPS": -15.6,
        "Total Revenue": NaN,
        "Gross Profit": NaN,
        "Operating Income": -2,
        "EBIT": -2,
        "Net Income": -2
    },
    "2011-09-30": {
        "Diluted EPS": -20.4,
        "Total Revenue": NaN,
        "Gross Profit": NaN,
        "Operating Income": -2,
        "EBIT": -2,
        "Net Income": -2
    },
    "2011-06-30": {
        "Diluted EPS": -22.8,
        "Total Revenue": NaN,
        "Gross Profit": NaN,
        "Operating Income": -1,
        "EBIT": -1,
        "Net Income": -2
    },
    "2011-03-31": {
        "Diluted EPS": -21.6,
        "Total Revenue": NaN,
        "Gross Profit": NaN,
        "Operating Income": -1,
        "EBIT": -1,
        "Net Income": -1
    },
    "2010-12-31": {
        "Diluted EPS": -33.59,
        "Total Revenue": NaN,
        "Gross Profit": NaN,
        "Operating Income": -2,
        "EBIT": -2,
        "Net Income": -2
    },
    "2010-09-30": {
        "Diluted EPS": -28.79,
        "Total Revenue": NaN,
        "Gross Profit": NaN,
        "Operating Income": -2,
        "EBIT": -2,
        "Net Income": -2
    },
    "2010-06-30": {
        "Diluted EPS": -28.79,
        "Total Revenue": NaN,
        "Gross Profit": NaN,
        "Operating Income": -2,
        "EBIT": -2,
        "Net Income": -2
    },
    "2010-03-31": {
        "Diluted EPS": -35.99,
        "Total Revenue": NaN,
        "Gross Profit": NaN,
        "Operating Income": -2,
        "EBIT": -2,
        "Net Income": -2
    },
    "2009-12-31": {
        "Diluted EPS": -24.0,
        "Total Revenue": NaN,
        "Gross Profit": NaN,
        "Operating Income": -1,
        "EBIT": -1,
        "Net Income": -1
    },
    "2009-09-30": {
        "Diluted EPS": -39.59,
        "Total Revenue": 0,
        "Gross Profit": 0,
        "Operating Income": -2,
        "EBIT": -2,
        "Net Income": -2
    },
    "2009-06-30": {
        "Diluted EPS": -92.38,
        "Total Revenue": NaN,
        "Gross Profit": NaN,
        "Operating Income": -5,
        "EBIT": -5,
        "Net Income": -5
    },
    "2009-03-31": {
        "Diluted EPS": -31.19,
        "Total Revenue": 0,
        "Gross Profit": 0,
        "Operating Income": -2,
        "EBIT": -2,
        "Net Income": -2
    },
    "2023-06-30": {
        "Tax Effect Of Unusual Items": 0.0,
        "Tax Rate For Calcs": 0.0,
        "Normalized EBITDA": -10982000.0,
        "Total Unusual Items": 0.0,
        "Total Unusual Items Excluding Goodwill": 0.0,
        "Net Income From Continuing Operation Net Minority Interest": -10029000.0,
        "Reconciled Depreciation": 98000.0,
        "EBITDA": -10982000.0,
        "EBIT": -11080000.0,
        "Net Interest Income": 1063000.0,
        "Interest Income": 1063000.0,
        "Normalized Income": -10029000.0,
        "Net Income From Continuing And Discontinued Operation": -10029000.0,
        "Total Expenses": 12537000.0,
        "Total Operating Income As Reported": -11080000.0,
        "Diluted Average Shares": NaN,
        "Basic Average Shares": NaN,
        "Diluted EPS": NaN,
        "Basic EPS": NaN,
        "Diluted NI Availto Com Stockholders": -10029000.0,
        "Average Dilution Earnings": 0.0,
        "Net Income Common Stockholders": -10029000.0,
        "Net Income": -10029000.0,
        "Net Income Including Noncontrolling Interests": -10029000.0,
        "Net Income Continuous Operations": -10029000.0,
        "Pretax Income": -10029000.0,
        "Other Income Expense": -12000.0,
        "Other Non Operating Income Expenses": -12000.0,
        "Gain On Sale Of Security": 0.0,
        "Net Non Operating Interest Income Expense": 1063000.0,
        "Interest Income Non Operating": 1063000.0,
        "Operating Income": -11080000.0,
        "Operating Expense": 12537000.0,
        "Research And Development": 2570000.0,
        "Selling General And Administration": 9967000.0,
        "General And Administrative Expense": 9967000.0,
        "Other Gand A": 9967000.0,
        "Total Revenue": 1457000.0,
        "Operating Revenue": 1457000.0
    },
    "2023-09-30": {
        "Tax Effect Of Unusual Items": 0.0,
        "Tax Rate For Calcs": 0.21,
        "Normalized EBITDA": 55368000.0,
        "Total Unusual Items": NaN,
        "Total Unusual Items Excluding Goodwill": NaN,
        "Net Income From Continuing Operation Net Minority Interest": 56374000.0,
        "Reconciled Depreciation": 87000.0,
        "EBITDA": 55368000.0,
        "EBIT": 55281000.0,
        "Net Interest Income": 1094000.0,
        "Interest Income": 1094000.0,
        "Normalized Income": 56374000.0,
        "Net Income From Continuing And Discontinued Operation": 56374000.0,
        "Total Expenses": 10016000.0,
        "Total Operating Income As Reported": 55281000.0,
        "Diluted Average Shares": 6663000.0,
        "Basic Average Shares": 6663000.0,
        "Diluted EPS": 8.46,
        "Basic EPS": 8.46,
        "Diluted NI Availto Com Stockholders": 56374000.0,
        "Average Dilution Earnings": NaN,
        "Net Income Common Stockholders": 56374000.0,
        "Net Income": 56374000.0,
        "Net Income Including Noncontrolling Interests": 56374000.0,
        "Net Income Continuous Operations": 56374000.0,
        "Pretax Income": 56374000.0,
        "Other Income Expense": -1000.0,
        "Other Non Operating Income Expenses": -1000.0,
        "Gain On Sale Of Security": NaN,
        "Net Non Operating Interest Income Expense": 1094000.0,
        "Interest Income Non Operating": 1094000.0,
        "Operating Income": 55281000.0,
        "Operating Expense": 10016000.0,
        "Research And Development": 3485000.0,
        "Selling General And Administration": 6531000.0,
        "General And Administrative Expense": 6531000.0,
        "Other Gand A": 6531000.0,
        "Total Revenue": 65297000.0,
        "Operating Revenue": 65297000.0
    }
}