{
    "2023-03-31": {
        "Tax Effect Of Unusual Items": NaN,
        "Tax Rate For Calcs": NaN,
        "Normalized EBITDA": NaN,
        "Net Income From Continuing Operation Net Minority Interest": NaN,
        "Reconciled Depreciation": NaN,
        "Reconciled Cost Of Revenue": NaN,
        "EBITDA": NaN,
        "EBIT": NaN,
        "Net Interest Income": NaN,
        "Interest Expense": 2309000.0,
        "Normalized Income": NaN,
        "Net Income From Continuing And Discontinued Operation": NaN,
        "Total Expenses": NaN,
        "Total Operating Income As Reported": NaN,
        "Diluted Average Shares": NaN,
        "Basic Average Shares": NaN,
        "Diluted EPS": NaN,
        "Basic EPS": NaN,
        "Diluted NI Availto Com Stockholders": NaN,
        "Net Income Common Stockholders": NaN,
        "Net Income": NaN,
        "Net Income Including Noncontrolling Interests": NaN,
        "Net Income Continuous Operations": NaN,
        "Tax Provision": NaN,
        "Pretax Income": NaN,
        "Other Income Expense": NaN,
        "Other Non Operating Income Expenses": NaN,
        "Net Non Operating Interest Income Expense": NaN,
        "Total Other Finance Cost": NaN,
        "Interest Expense Non Operating": 2309000.0,
        "Operating Income": NaN,
        "Operating Expense": NaN,
        "Other Operating Expenses": NaN,
        "Depreciation Amortization Depletion Income Statement": NaN,
        "Depreciation And Amortization In Income Statement": NaN,
        "Amortization": NaN,
        "Amortization Of Intangibles Income Statement": NaN,
        "Depreciation Income Statement": NaN,
        "Selling General And Administration": NaN,
        "Gross Profit": NaN,
        "Cost Of Revenue": NaN,
        "Total Revenue": NaN,
        "Operating Revenue": NaN
    },
    "2022-12-31": {
        "Tax Effect Of Unusual Items": NaN,
        "Tax Rate For Calcs": NaN,
        "Normalized EBITDA": NaN,
        "Net Income From Continuing Operation Net Minority Interest": NaN,
        "Reconciled Depreciation": NaN,
        "Reconciled Cost Of Revenue": NaN,
        "EBITDA": NaN,
        "EBIT": NaN,
        "Net Interest Income": NaN,
        "Interest Expense": 1506000.0,
        "Normalized Income": NaN,
        "Net Income From Continuing And Discontinued Operation": NaN,
        "Total Expenses": NaN,
        "Total Operating Income As Reported": NaN,
        "Diluted Average Shares": NaN,
        "Basic Average Shares": NaN,
        "Diluted EPS": NaN,
        "Basic EPS": NaN,
        "Diluted NI Availto Com Stockholders": NaN,
        "Net Income Common Stockholders": NaN,
        "Net Income": NaN,
        "Net Income Including Noncontrolling Interests": NaN,
        "Net Income Continuous Operations": NaN,
        "Tax Provision": NaN,
        "Pretax Income": NaN,
        "Other Income Expense": NaN,
        "Other Non Operating Income Expenses": NaN,
        "Net Non Operating Interest Income Expense": NaN,
        "Total Other Finance Cost": NaN,
        "Interest Expense Non Operating": 1506000.0,
        "Operating Income": NaN,
        "Operating Expense": NaN,
        "Other Operating Expenses": NaN,
        "Depreciation Amortization Depletion Income Statement": NaN,
        "Depreciation And Amortization In Income Statement": NaN,
        "Amortization": NaN,
        "Amortization Of Intangibles Income Statement": NaN,
        "Depreciation Income Statement": NaN,
        "Selling General And Administration": NaN,
        "Gross Profit": NaN,
        "Cost Of Revenue": NaN,
        "Total Revenue": NaN,
        "Operating Revenue": NaN
    },
    "2022-09-30": {
        "Tax Effect Of Unusual Items": NaN,
        "Tax Rate For Calcs": NaN,
        "Normalized EBITDA": NaN,
        "Net Income From Continuing Operation Net Minority Interest": NaN,
        "Reconciled Depreciation": NaN,
        "Reconciled Cost Of Revenue": NaN,
        "EBITDA": NaN,
        "EBIT": NaN,
        "Net Interest Income": NaN,
        "Interest Expense": 2255000.0,
        "Normalized Income": NaN,
        "Net Income From Continuing And Discontinued Operation": NaN,
        "Total Expenses": NaN,
        "Total Operating Income As Reported": NaN,
        "Diluted Average Shares": NaN,
        "Basic Average Shares": NaN,
        "Diluted EPS": NaN,
        "Basic EPS": NaN,
        "Diluted NI Availto Com Stockholders": NaN,
        "Net Income Common Stockholders": NaN,
        "Net Income": NaN,
        "Net Income Including Noncontrolling Interests": NaN,
        "Net Income Continuous Operations": NaN,
        "Tax Provision": NaN,
        "Pretax Income": NaN,
        "Other Income Expense": NaN,
        "Other Non Operating Income Expenses": NaN,
        "Net Non Operating Interest Income Expense": NaN,
        "Total Other Finance Cost": 2255000.0,
        "Interest Expense Non Operating": 2255000.0,
        "Operating Income": NaN,
        "Operating Expense": NaN,
        "Other Operating Expenses": NaN,
        "Depreciation Amortization Depletion Income Statement": NaN,
        "Depreciation And Amortization In Income Statement": NaN,
        "Amortization": NaN,
        "Amortization Of Intangibles Income Statement": NaN,
        "Depreciation Income Statement": NaN,
        "Selling General And Administration": NaN,
        "Gross Profit": NaN,
        "Cost Of Revenue": NaN,
        "Total Revenue": NaN,
        "Operating Revenue": NaN
    },
    "2022-06-30": {
        "Tax Effect Of Unusual Items": 0.0,
        "Tax Rate For Calcs": 0.228,
        "Normalized EBITDA": 54818000.0,
        "Net Income From Continuing Operation Net Minority Interest": 33280000.0,
        "Reconciled Depreciation": 9783000.0,
        "Reconciled Cost Of Revenue": 76644000.0,
        "EBITDA": 54818000.0,
        "EBIT": 45035000.0,
        "Net Interest Income": -1937000.0,
        "Interest Expense": 1937000.0,
        "Normalized Income": 33280000.0,
        "Net Income From Continuing And Discontinued Operation": 33280000.0,
        "Total Expenses": 95968000.0,
        "Total Operating Income As Reported": 42687000.0,
        "Diluted Average Shares": 45135000.0,
        "Basic Average Shares": 44271000.0,
        "Diluted EPS": 0.74,
        "Basic EPS": 0.75,
        "Diluted NI Availto Com Stockholders": 33280000.0,
        "Net Income Common Stockholders": 33280000.0,
        "Net Income": 33280000.0,
        "Net Income Including Noncontrolling Interests": 33280000.0,
        "Net Income Continuous Operations": 33280000.0,
        "Tax Provision": 9818000.0,
        "Pretax Income": 43098000.0,
        "Other Income Expense": 2348000.0,
        "Other Non Operating Income Expenses": 2348000.0,
        "Net Non Operating Interest Income Expense": -1937000.0,
        "Total Other Finance Cost": NaN,
        "Interest Expense Non Operating": 1937000.0,
        "Operating Income": 42687000.0,
        "Operating Expense": 19324000.0,
        "Other Operating Expenses": 755000.0,
        "Depreciation Amortization Depletion Income Statement": 9783000.0,
        "Depreciation And Amortization In Income Statement": 9783000.0,
        "Amortization": NaN,
        "Amortization Of Intangibles Income Statement": NaN,
        "Depreciation Income Statement": 9783000.0,
        "Selling General And Administration": 8786000.0,
        "Gross Profit": 62011000.0,
        "Cost Of Revenue": 76644000.0,
        "Total Revenue": 138655000.0,
        "Operating Revenue": 138655000.0
    },
    "2023-06-30": {
        "Tax Effect Of Unusual Items": NaN,
        "Tax Rate For Calcs": NaN,
        "Normalized EBITDA": NaN,
        "Net Income From Continuing Operation Net Minority Interest": NaN,
        "Reconciled Depreciation": NaN,
        "Reconciled Cost Of Revenue": NaN,
        "EBITDA": NaN,
        "EBIT": NaN,
        "Net Interest Income": NaN,
        "Interest Expense": 2518000.0,
        "Normalized Income": NaN,
        "Net Income From Continuing And Discontinued Operation": NaN,
        "Total Expenses": NaN,
        "Total Operating Income As Reported": NaN,
        "Diluted Average Shares": NaN,
        "Basic Average Shares": NaN,
        "Diluted EPS": NaN,
        "Basic EPS": NaN,
        "Diluted NI Availto Com Stockholders": NaN,
        "Net Income Common Stockholders": NaN,
        "Net Income": NaN,
        "Net Income Including Noncontrolling Interests": NaN,
        "Net Income Continuous Operations": NaN,
        "Tax Provision": NaN,
        "Pretax Income": NaN,
        "Other Income Expense": NaN,
        "Other Non Operating Income Expenses": NaN,
        "Net Non Operating Interest Income Expense": NaN,
        "Total Other Finance Cost": NaN,
        "Interest Expense Non Operating": 2518000.0,
        "Operating Income": NaN,
        "Operating Expense": NaN,
        "Other Operating Expenses": NaN,
        "Depreciation Amortization Depletion Income Statement": NaN,
        "Depreciation And Amortization In Income Statement": NaN,
        "Amortization": 3896000.0,
        "Amortization Of Intangibles Income Statement": 3896000.0,
        "Depreciation Income Statement": NaN,
        "Selling General And Administration": NaN,
        "Gross Profit": NaN,
        "Cost Of Revenue": NaN,
        "Total Revenue": NaN,
        "Operating Revenue": NaN
    },
    "2023-09-30": {
        "Tax Effect Of Unusual Items": 0.0,
        "Tax Rate For Calcs": 0.22,
        "Normalized EBITDA": 30524000.0,
        "Net Income From Continuing Operation Net Minority Interest": 19462000.0,
        "Reconciled Depreciation": 14443000.0,
        "Reconciled Cost Of Revenue": 144635000.0,
        "EBITDA": 30524000.0,
        "EBIT": 16081000.0,
        "Net Interest Income": -2447000.0,
        "Interest Expense": NaN,
        "Normalized Income": 19462000.0,
        "Net Income From Continuing And Discontinued Operation": 19462000.0,
        "Total Expenses": 170885000.0,
        "Total Operating Income As Reported": 16081000.0,
        "Diluted Average Shares": 48655000.0,
        "Basic Average Shares": 47468293.0,
        "Diluted EPS": 0.4,
        "Basic EPS": 0.41,
        "Diluted NI Availto Com Stockholders": 19462000.0,
        "Net Income Common Stockholders": 19462000.0,
        "Net Income": 19462000.0,
        "Net Income Including Noncontrolling Interests": 19462000.0,
        "Net Income Continuous Operations": 19462000.0,
        "Tax Provision": 5505000.0,
        "Pretax Income": 24967000.0,
        "Other Income Expense": 11333000.0,
        "Other Non Operating Income Expenses": 11333000.0,
        "Net Non Operating Interest Income Expense": -2447000.0,
        "Total Other Finance Cost": 2447000.0,
        "Interest Expense Non Operating": NaN,
        "Operating Income": 16081000.0,
        "Operating Expense": 26250000.0,
        "Other Operating Expenses": 349000.0,
        "Depreciation Amortization Depletion Income Statement": 14443000.0,
        "Depreciation And Amortization In Income Statement": 14443000.0,
        "Amortization": NaN,
        "Amortization Of Intangibles Income Statement": NaN,
        "Depreciation Income Statement": 14443000.0,
        "Selling General And Administration": 11458000.0,
        "Gross Profit": 42331000.0,
        "Cost Of Revenue": 144635000.0,
        "Total Revenue": 186966000.0,
        "Operating Revenue": 186966000.0
    },
    "2023-12-31": {
        "Tax Effect Of Unusual Items": 0.0,
        "Tax Rate For Calcs": 0.227159,
        "Normalized EBITDA": 69974000.0,
        "Net Income From Continuing Operation Net Minority Interest": 30038000.0,
        "Reconciled Depreciation": 14402000.0,
        "Reconciled Cost Of Revenue": 139410000.0,
        "EBITDA": 69974000.0,
        "EBIT": 55572000.0,
        "Net Interest Income": -1629000.0,
        "Interest Expense": NaN,
        "Normalized Income": 30038000.0,
        "Net Income From Continuing And Discontinued Operation": 30038000.0,
        "Total Expenses": 165478000.0,
        "Total Operating Income As Reported": 37251000.0,
        "Diluted Average Shares": 50063333.0,
        "Basic Average Shares": 48448387.0,
        "Diluted EPS": 0.6,
        "Basic EPS": 0.62,
        "Diluted NI Availto Com Stockholders": 30038000.0,
        "Net Income Common Stockholders": 30038000.0,
        "Net Income": 30038000.0,
        "Net Income Including Noncontrolling Interests": 30038000.0,
        "Net Income Continuous Operations": 30038000.0,
        "Tax Provision": 8829000.0,
        "Pretax Income": 38867000.0,
        "Other Income Expense": 3245000.0,
        "Other Non Operating Income Expenses": 3245000.0,
        "Net Non Operating Interest Income Expense": -1629000.0,
        "Total Other Finance Cost": NaN,
        "Interest Expense Non Operating": NaN,
        "Operating Income": 37251000.0,
        "Operating Expense": 26068000.0,
        "Other Operating Expenses": 354000.0,
        "Depreciation Amortization Depletion Income Statement": 14402000.0,
        "Depreciation And Amortization In Income Statement": 14402000.0,
        "Amortization": NaN,
        "Amortization Of Intangibles Income Statement": NaN,
        "Depreciation Income Statement": 14402000.0,
        "Selling General And Administration": 11312000.0,
        "Gross Profit": 63319000.0,
        "Cost Of Revenue": 139410000.0,
        "Total Revenue": 202729000.0,
        "Operating Revenue": 202729000.0
    },
    "2024-03-31": {
        "Tax Effect Of Unusual Items": 0.0,
        "Tax Rate For Calcs": 0.21,
        "Normalized EBITDA": 19124000.0,
        "Net Income From Continuing Operation Net Minority Interest": 2032000.0,
        "Reconciled Depreciation": 15220000.0,
        "Reconciled Cost Of Revenue": 139713000.0,
        "EBITDA": 19124000.0,
        "EBIT": 3904000.0,
        "Net Interest Income": -1332000.0,
        "Interest Expense": 1332000.0,
        "Normalized Income": 2032000.0,
        "Net Income From Continuing And Discontinued Operation": 2032000.0,
        "Total Expenses": 169401000.0,
        "Total Operating Income As Reported": 3275000.0,
        "Diluted Average Shares": 51294000.0,
        "Basic Average Shares": 51004000.0,
        "Diluted EPS": 0.039615,
        "Basic EPS": 0.03984,
        "Diluted NI Availto Com Stockholders": 2032000.0,
        "Net Income Common Stockholders": 2032000.0,
        "Net Income": 2032000.0,
        "Net Income Including Noncontrolling Interests": 2032000.0,
        "Net Income Continuous Operations": 2032000.0,
        "Tax Provision": 540000.0,
        "Pretax Income": 2572000.0,
        "Other Income Expense": 629000.0,
        "Other Non Operating Income Expenses": 629000.0,
        "Net Non Operating Interest Income Expense": -1332000.0,
        "Total Other Finance Cost": NaN,
        "Interest Expense Non Operating": 1332000.0,
        "Operating Income": 3275000.0,
        "Operating Expense": 29688000.0,
        "Other Operating Expenses": 354000.0,
        "Depreciation Amortization Depletion Income Statement": 15220000.0,
        "Depreciation And Amortization In Income Statement": 15220000.0,
        "Amortization": NaN,
        "Amortization Of Intangibles Income Statement": NaN,
        "Depreciation Income Statement": 15220000.0,
        "Selling General And Administration": 14114000.0,
        "Gross Profit": 32963000.0,
        "Cost Of Revenue": 139713000.0,
        "Total Revenue": 172676000.0,
        "Operating Revenue": 172676000.0
    },
    "2024-06-30": {
        "Tax Effect Of Unusual Items": 0.0,
        "Tax Rate For Calcs": 0.263,
        "Normalized EBITDA": 23816000.0,
        "Net Income From Continuing Operation Net Minority Interest": 5541000.0,
        "Reconciled Depreciation": 15878000.0,
        "Reconciled Cost Of Revenue": 122771000.0,
        "EBITDA": 23816000.0,
        "EBIT": 7937000.0,
        "Net Interest Income": -1481000.0,
        "Interest Expense": 1481000.0,
        "Normalized Income": 5541000.0,
        "Net Income From Continuing And Discontinued Operation": 5541000.0,
        "Total Expenses": 149900000.0,
        "Total Operating Income As Reported": 5415000.0,
        "Diluted Average Shares": 52955000.0,
        "Basic Average Shares": 51133000.0,
        "Diluted EPS": 0.08,
        "Basic EPS": 0.08,
        "Diluted NI Availto Com Stockholders": 5541000.0,
        "Net Income Common Stockholders": 5541000.0,
        "Net Income": 5541000.0,
        "Net Income Including Noncontrolling Interests": 5541000.0,
        "Net Income Continuous Operations": 5541000.0,
        "Tax Provision": 915000.0,
        "Pretax Income": 6456000.0,
        "Other Income Expense": 2522000.0,
        "Other Non Operating Income Expenses": 2522000.0,
        "Net Non Operating Interest Income Expense": -1481000.0,
        "Total Other Finance Cost": NaN,
        "Interest Expense Non Operating": 1481000.0,
        "Operating Income": 5415000.0,
        "Operating Expense": 27130000.0,
        "Other Operating Expenses": 354000.0,
        "Depreciation Amortization Depletion Income Statement": 15879000.0,
        "Depreciation And Amortization In Income Statement": 15879000.0,
        "Amortization": 3927000.0,
        "Amortization Of Intangibles Income Statement": 3927000.0,
        "Depreciation Income Statement": 11952000.0,
        "Selling General And Administration": 10897000.0,
        "Gross Profit": 32545000.0,
        "Cost Of Revenue": 122770000.0,
        "Total Revenue": 155315000.0,
        "Operating Revenue": 155315000.0
    },
    "2024-09-30": {
        "Tax Effect Of Unusual Items": 0.0,
        "Tax Rate For Calcs": 0.21,
        "Normalized EBITDA": 19405000.0,
        "Net Income From Continuing Operation Net Minority Interest": -239000.0,
        "Reconciled Depreciation": 17811000.0,
        "Reconciled Cost Of Revenue": 134731000.0,
        "EBITDA": 19405000.0,
        "EBIT": 1594000.0,
        "Net Interest Income": -1696000.0,
        "Interest Expense": NaN,
        "Normalized Income": -239000.0,
        "Net Income From Continuing And Discontinued Operation": -239000.0,
        "Total Expenses": 165817000.0,
        "Total Operating Income As Reported": 1594000.0,
        "Diluted Average Shares": 52348000.0,
        "Basic Average Shares": 52062000.0,
        "Diluted EPS": -0.03,
        "Basic EPS": -0.03,
        "Diluted NI Availto Com Stockholders": -239000.0,
        "Net Income Common Stockholders": -239000.0,
        "Net Income": -239000.0,
        "Net Income Including Noncontrolling Interests": -239000.0,
        "Net Income Continuous Operations": -239000.0,
        "Tax Provision": 61000.0,
        "Pretax Income": -178000.0,
        "Other Income Expense": -76000.0,
        "Other Non Operating Income Expenses": -76000.0,
        "Net Non Operating Interest Income Expense": -1696000.0,
        "Total Other Finance Cost": 1696000.0,
        "Interest Expense Non Operating": NaN,
        "Operating Income": 1594000.0,
        "Operating Expense": 31086000.0,
        "Other Operating Expenses": 354000.0,
        "Depreciation Amortization Depletion Income Statement": 17811000.0,
        "Depreciation And Amortization In Income Statement": 17811000.0,
        "Amortization": NaN,
        "Amortization Of Intangibles Income Statement": NaN,
        "Depreciation Income Statement": 17811000.0,
        "Selling General And Administration": 12921000.0,
        "Gross Profit": 32680000.0,
        "Cost Of Revenue": 134731000.0,
        "Total Revenue": 167411000.0,
        "Operating Revenue": 167411000.0
    }
}