{
    "2023-03-31": {
        "Tax Effect Of Unusual Items": -324292.980671,
        "Tax Rate For Calcs": 0.155985,
        "Normalized EBITDA": 8662000.0,
        "Total Unusual Items": -2079000.0,
        "Total Unusual Items Excluding Goodwill": -2079000.0,
        "Net Income From Continuing Operation Net Minority Interest": -4986000.0,
        "Reconciled Depreciation": 8413000.0,
        "Reconciled Cost Of Revenue": 116051000.0,
        "EBITDA": 6583000.0,
        "EBIT": -1830000.0,
        "Net Interest Income": -4068000.0,
        "Interest Expense": 4068000.0,
        "Normalized Income": -3231292.980671,
        "Net Income From Continuing And Discontinued Operation": -4986000.0,
        "Total Expenses": 167767000.0,
        "Total Operating Income As Reported": -1830000.0,
        "Diluted Average Shares": 30021000.0,
        "Basic Average Shares": 30021000.0,
        "Diluted EPS": -0.17,
        "Basic EPS": -0.17,
        "Diluted NI Availto Com Stockholders": -4986000.0,
        "Net Income Common Stockholders": -4986000.0,
        "Net Income": -4986000.0,
        "Minority Interests": -8000.0,
        "Net Income Including Noncontrolling Interests": -4978000.0,
        "Net Income Continuous Operations": -4978000.0,
        "Tax Provision": -920000.0,
        "Pretax Income": -5898000.0,
        "Other Income Expense": -2079000.0,
        "Special Income Charges": -2079000.0,
        "Other Special Charges": NaN,
        "Impairment Of Capital Assets": NaN,
        "Restructuring And Mergern Acquisition": 2079000.0,
        "Net Non Operating Interest Income Expense": -4068000.0,
        "Interest Expense Non Operating": 4068000.0,
        "Operating Income": 249000.0,
        "Operating Expense": 45828000.0,
        "Provision For Doubtful Accounts": NaN,
        "Depreciation Amortization Depletion Income Statement": 2525000.0,
        "Depreciation And Amortization In Income Statement": 2525000.0,
        "Research And Development": 480000.0,
        "Selling General And Administration": 42823000.0,
        "Gross Profit": 46077000.0,
        "Cost Of Revenue": 121939000.0,
        "Total Revenue": 168016000.0,
        "Operating Revenue": 168016000.0
    },
    "2022-12-31": {
        "Tax Effect Of Unusual Items": NaN,
        "Tax Rate For Calcs": NaN,
        "Normalized EBITDA": NaN,
        "Total Unusual Items": NaN,
        "Total Unusual Items Excluding Goodwill": NaN,
        "Net Income From Continuing Operation Net Minority Interest": NaN,
        "Reconciled Depreciation": NaN,
        "Reconciled Cost Of Revenue": NaN,
        "EBITDA": NaN,
        "EBIT": NaN,
        "Net Interest Income": NaN,
        "Interest Expense": NaN,
        "Normalized Income": NaN,
        "Net Income From Continuing And Discontinued Operation": NaN,
        "Total Expenses": NaN,
        "Total Operating Income As Reported": NaN,
        "Diluted Average Shares": NaN,
        "Basic Average Shares": NaN,
        "Diluted EPS": NaN,
        "Basic EPS": NaN,
        "Diluted NI Availto Com Stockholders": NaN,
        "Net Income Common Stockholders": NaN,
        "Net Income": NaN,
        "Minority Interests": NaN,
        "Net Income Including Noncontrolling Interests": NaN,
        "Net Income Continuous Operations": NaN,
        "Tax Provision": NaN,
        "Pretax Income": NaN,
        "Other Income Expense": NaN,
        "Special Income Charges": NaN,
        "Other Special Charges": 0.0,
        "Impairment Of Capital Assets": NaN,
        "Restructuring And Mergern Acquisition": NaN,
        "Net Non Operating Interest Income Expense": NaN,
        "Interest Expense Non Operating": NaN,
        "Operating Income": NaN,
        "Operating Expense": NaN,
        "Provision For Doubtful Accounts": -247000.0,
        "Depreciation Amortization Depletion Income Statement": NaN,
        "Depreciation And Amortization In Income Statement": NaN,
        "Research And Development": NaN,
        "Selling General And Administration": NaN,
        "Gross Profit": NaN,
        "Cost Of Revenue": NaN,
        "Total Revenue": NaN,
        "Operating Revenue": NaN
    },
    "2022-09-30": {
        "Tax Effect Of Unusual Items": NaN,
        "Tax Rate For Calcs": NaN,
        "Normalized EBITDA": NaN,
        "Total Unusual Items": NaN,
        "Total Unusual Items Excluding Goodwill": NaN,
        "Net Income From Continuing Operation Net Minority Interest": NaN,
        "Reconciled Depreciation": NaN,
        "Reconciled Cost Of Revenue": NaN,
        "EBITDA": NaN,
        "EBIT": NaN,
        "Net Interest Income": NaN,
        "Interest Expense": NaN,
        "Normalized Income": NaN,
        "Net Income From Continuing And Discontinued Operation": NaN,
        "Total Expenses": NaN,
        "Total Operating Income As Reported": NaN,
        "Diluted Average Shares": NaN,
        "Basic Average Shares": NaN,
        "Diluted EPS": NaN,
        "Basic EPS": NaN,
        "Diluted NI Availto Com Stockholders": NaN,
        "Net Income Common Stockholders": NaN,
        "Net Income": NaN,
        "Minority Interests": NaN,
        "Net Income Including Noncontrolling Interests": NaN,
        "Net Income Continuous Operations": NaN,
        "Tax Provision": NaN,
        "Pretax Income": NaN,
        "Other Income Expense": NaN,
        "Special Income Charges": NaN,
        "Other Special Charges": 693000.0,
        "Impairment Of Capital Assets": 0.0,
        "Restructuring And Mergern Acquisition": NaN,
        "Net Non Operating Interest Income Expense": NaN,
        "Interest Expense Non Operating": NaN,
        "Operating Income": NaN,
        "Operating Expense": NaN,
        "Provision For Doubtful Accounts": 0.0,
        "Depreciation Amortization Depletion Income Statement": NaN,
        "Depreciation And Amortization In Income Statement": NaN,
        "Research And Development": NaN,
        "Selling General And Administration": NaN,
        "Gross Profit": NaN,
        "Cost Of Revenue": NaN,
        "Total Revenue": NaN,
        "Operating Revenue": NaN
    },
    "2022-06-30": {
        "Tax Effect Of Unusual Items": 52422.576753,
        "Tax Rate For Calcs": 0.374447,
        "Normalized EBITDA": 17564000.0,
        "Total Unusual Items": 140000.0,
        "Total Unusual Items Excluding Goodwill": 140000.0,
        "Net Income From Continuing Operation Net Minority Interest": 4643000.0,
        "Reconciled Depreciation": 8128000.0,
        "Reconciled Cost Of Revenue": 119980000.0,
        "EBITDA": 17704000.0,
        "EBIT": 9576000.0,
        "Net Interest Income": -2117000.0,
        "Interest Expense": 2117000.0,
        "Normalized Income": 4555422.576753,
        "Net Income From Continuing And Discontinued Operation": 4643000.0,
        "Total Expenses": 169595000.0,
        "Total Operating Income As Reported": -9576000.0,
        "Diluted Average Shares": 30233000.0,
        "Basic Average Shares": 29957000.0,
        "Diluted EPS": 0.15,
        "Basic EPS": 0.15,
        "Diluted NI Availto Com Stockholders": 4643000.0,
        "Net Income Common Stockholders": 4643000.0,
        "Net Income": 4643000.0,
        "Minority Interests": -23000.0,
        "Net Income Including Noncontrolling Interests": 4666000.0,
        "Net Income Continuous Operations": 4666000.0,
        "Tax Provision": 2793000.0,
        "Pretax Income": 7459000.0,
        "Other Income Expense": 140000.0,
        "Special Income Charges": 140000.0,
        "Other Special Charges": -153000.0,
        "Restructuring And Mergern Acquisition": 13000.0,
        "Net Non Operating Interest Income Expense": -2117000.0,
        "Interest Expense Non Operating": 2117000.0,
        "Operating Income": 9436000.0,
        "Operating Expense": 44122000.0,
        "Provision For Doubtful Accounts": 289000.0,
        "Depreciation Amortization Depletion Income Statement": 2635000.0,
        "Depreciation And Amortization In Income Statement": 2635000.0,
        "Research And Development": 522000.0,
        "Selling General And Administration": 40676000.0,
        "Gross Profit": 53558000.0,
        "Cost Of Revenue": 125473000.0,
        "Total Revenue": 179031000.0,
        "Operating Revenue": 179031000.0
    },
    "2023-06-30": {
        "Tax Effect Of Unusual Items": -292110.0,
        "Tax Rate For Calcs": 0.21,
        "Normalized EBITDA": 13593000.0,
        "Total Unusual Items": -1391000.0,
        "Total Unusual Items Excluding Goodwill": -1391000.0,
        "Net Income From Continuing Operation Net Minority Interest": 337000.0,
        "Reconciled Depreciation": 8309000.0,
        "Reconciled Cost Of Revenue": 120442000.0,
        "EBITDA": 12202000.0,
        "EBIT": 3893000.0,
        "Net Interest Income": -3858000.0,
        "Interest Expense": 3858000.0,
        "Normalized Income": 1435890.0,
        "Net Income From Continuing And Discontinued Operation": 337000.0,
        "Total Expenses": 170746000.0,
        "Total Operating Income As Reported": 3893000.0,
        "Diluted Average Shares": 30660000.0,
        "Basic Average Shares": 30368000.0,
        "Diluted EPS": 0.01,
        "Basic EPS": 0.01,
        "Diluted NI Availto Com Stockholders": 337000.0,
        "Net Income Common Stockholders": 337000.0,
        "Net Income": 337000.0,
        "Minority Interests": -39000.0,
        "Net Income Including Noncontrolling Interests": 376000.0,
        "Net Income Continuous Operations": 376000.0,
        "Tax Provision": -341000.0,
        "Pretax Income": 35000.0,
        "Other Income Expense": -1391000.0,
        "Special Income Charges": -1391000.0,
        "Other Special Charges": 150000.0,
        "Impairment Of Capital Assets": NaN,
        "Restructuring And Mergern Acquisition": 1241000.0,
        "Net Non Operating Interest Income Expense": -3858000.0,
        "Interest Expense Non Operating": 3858000.0,
        "Operating Income": 5284000.0,
        "Operating Expense": 44438000.0,
        "Provision For Doubtful Accounts": 0.0,
        "Depreciation Amortization Depletion Income Statement": 2443000.0,
        "Depreciation And Amortization In Income Statement": 2443000.0,
        "Research And Development": 511000.0,
        "Selling General And Administration": 41484000.0,
        "Gross Profit": 49722000.0,
        "Cost Of Revenue": 126308000.0,
        "Total Revenue": 176030000.0,
        "Operating Revenue": 176030000.0
    },
    "2023-09-30": {
        "Tax Effect Of Unusual Items": -3465210.0,
        "Tax Rate For Calcs": 0.21,
        "Normalized EBITDA": 20567000.0,
        "Total Unusual Items": -16501000.0,
        "Total Unusual Items Excluding Goodwill": -16501000.0,
        "Net Income From Continuing Operation Net Minority Interest": -10298000.0,
        "Reconciled Depreciation": 8748000.0,
        "Reconciled Cost Of Revenue": 118812000.0,
        "EBITDA": 4066000.0,
        "EBIT": -4682000.0,
        "Net Interest Income": -4167000.0,
        "Interest Expense": 4167000.0,
        "Normalized Income": 2737790.0,
        "Net Income From Continuing And Discontinued Operation": -10298000.0,
        "Total Expenses": 167535000.0,
        "Total Operating Income As Reported": -4682000.0,
        "Diluted Average Shares": 30402000.0,
        "Basic Average Shares": 30402000.0,
        "Diluted EPS": -0.34,
        "Basic EPS": -0.34,
        "Diluted NI Availto Com Stockholders": -10298000.0,
        "Net Income Common Stockholders": -10298000.0,
        "Net Income": -10298000.0,
        "Minority Interests": 40000.0,
        "Net Income Including Noncontrolling Interests": -10338000.0,
        "Net Income Continuous Operations": -10338000.0,
        "Tax Provision": 1489000.0,
        "Pretax Income": -8849000.0,
        "Other Income Expense": -16501000.0,
        "Special Income Charges": -16501000.0,
        "Other Special Charges": NaN,
        "Impairment Of Capital Assets": 13799000.0,
        "Restructuring And Mergern Acquisition": 2702000.0,
        "Net Non Operating Interest Income Expense": -4167000.0,
        "Interest Expense Non Operating": 4167000.0,
        "Operating Income": 11819000.0,
        "Operating Expense": 42563000.0,
        "Provision For Doubtful Accounts": 0.0,
        "Depreciation Amortization Depletion Income Statement": 2588000.0,
        "Depreciation And Amortization In Income Statement": 2588000.0,
        "Research And Development": 438000.0,
        "Selling General And Administration": 39537000.0,
        "Gross Profit": 54382000.0,
        "Cost Of Revenue": 124972000.0,
        "Total Revenue": 179354000.0,
        "Operating Revenue": 179354000.0
    },
    "2023-12-31": {
        "Tax Effect Of Unusual Items": -2625350.531108,
        "Tax Rate For Calcs": 0.366464,
        "Normalized EBITDA": 16507000.0,
        "Total Unusual Items": -7164000.0,
        "Total Unusual Items Excluding Goodwill": -7164000.0,
        "Net Income From Continuing Operation Net Minority Interest": -2506000.0,
        "Reconciled Depreciation": 8629000.0,
        "Reconciled Cost Of Revenue": 122367000.0,
        "EBITDA": 9343000.0,
        "EBIT": 714000.0,
        "Net Interest Income": -4668000.0,
        "Interest Expense": 4668000.0,
        "Normalized Income": 2032649.468892,
        "Net Income From Continuing And Discontinued Operation": -2506000.0,
        "Total Expenses": 174196000.0,
        "Total Operating Income As Reported": 714000.0,
        "Diluted Average Shares": NaN,
        "Basic Average Shares": NaN,
        "Diluted EPS": NaN,
        "Basic EPS": NaN,
        "Diluted NI Availto Com Stockholders": -2506000.0,
        "Net Income Common Stockholders": -2506000.0,
        "Net Income": -2506000.0,
        "Minority Interests": -1000.0,
        "Net Income Including Noncontrolling Interests": -2505000.0,
        "Net Income Continuous Operations": -2505000.0,
        "Tax Provision": -1449000.0,
        "Pretax Income": -3954000.0,
        "Other Income Expense": -7164000.0,
        "Special Income Charges": -7164000.0,
        "Other Special Charges": 908000.0,
        "Impairment Of Capital Assets": 0.0,
        "Restructuring And Mergern Acquisition": 6256000.0,
        "Net Non Operating Interest Income Expense": -4668000.0,
        "Interest Expense Non Operating": 4668000.0,
        "Operating Income": 7878000.0,
        "Operating Expense": 45748000.0,
        "Provision For Doubtful Accounts": 0.0,
        "Depreciation Amortization Depletion Income Statement": 2548000.0,
        "Depreciation And Amortization In Income Statement": 2548000.0,
        "Research And Development": 295000.0,
        "Selling General And Administration": 42905000.0,
        "Gross Profit": 53626000.0,
        "Cost Of Revenue": 128448000.0,
        "Total Revenue": 182074000.0,
        "Operating Revenue": 182074000.0
    },
    "2024-03-31": {
        "Tax Effect Of Unusual Items": -165095.280499,
        "Tax Rate For Calcs": 0.105966,
        "Normalized EBITDA": 15492000.0,
        "Total Unusual Items": -1558000.0,
        "Total Unusual Items Excluding Goodwill": -1558000.0,
        "Net Income From Continuing Operation Net Minority Interest": 995000.0,
        "Reconciled Depreciation": 8381000.0,
        "Reconciled Cost Of Revenue": 127418000.0,
        "EBITDA": 13934000.0,
        "EBIT": 5553000.0,
        "Net Interest Income": -4430000.0,
        "Interest Expense": 4430000.0,
        "Normalized Income": 2387904.719501,
        "Net Income From Continuing And Discontinued Operation": 995000.0,
        "Total Expenses": 177331000.0,
        "Total Operating Income As Reported": 5553000.0,
        "Diluted Average Shares": 31356000.0,
        "Basic Average Shares": 30680000.0,
        "Diluted EPS": 0.03,
        "Basic EPS": 0.03,
        "Diluted NI Availto Com Stockholders": 995000.0,
        "Net Income Common Stockholders": 995000.0,
        "Net Income": 995000.0,
        "Minority Interests": -9000.0,
        "Net Income Including Noncontrolling Interests": 1004000.0,
        "Net Income Continuous Operations": 1004000.0,
        "Tax Provision": 119000.0,
        "Pretax Income": 1123000.0,
        "Other Income Expense": -1558000.0,
        "Special Income Charges": -1558000.0,
        "Other Special Charges": NaN,
        "Impairment Of Capital Assets": NaN,
        "Restructuring And Mergern Acquisition": 1558000.0,
        "Net Non Operating Interest Income Expense": -4430000.0,
        "Interest Expense Non Operating": 4430000.0,
        "Operating Income": 7111000.0,
        "Operating Expense": 43979000.0,
        "Provision For Doubtful Accounts": NaN,
        "Depreciation Amortization Depletion Income Statement": 2447000.0,
        "Depreciation And Amortization In Income Statement": 2447000.0,
        "Research And Development": 343000.0,
        "Selling General And Administration": 41189000.0,
        "Gross Profit": 51090000.0,
        "Cost Of Revenue": 133352000.0,
        "Total Revenue": 184442000.0,
        "Operating Revenue": 184442000.0
    },
    "2024-06-30": {
        "Tax Effect Of Unusual Items": -89848.13146,
        "Tax Rate For Calcs": 0.155447,
        "Normalized EBITDA": 20826000.0,
        "Total Unusual Items": -578000.0,
        "Total Unusual Items Excluding Goodwill": -578000.0,
        "Net Income From Continuing Operation Net Minority Interest": 6369000.0,
        "Reconciled Depreciation": 8289000.0,
        "Reconciled Cost Of Revenue": 127759000.0,
        "EBITDA": 20248000.0,
        "EBIT": 11959000.0,
        "Net Interest Income": -4413000.0,
        "Interest Expense": 4413000.0,
        "Normalized Income": 6857151.86854,
        "Net Income From Continuing And Discontinued Operation": 6369000.0,
        "Total Expenses": 177236000.0,
        "Total Operating Income As Reported": 11959000.0,
        "Diluted Average Shares": 31293000.0,
        "Basic Average Shares": 30979000.0,
        "Diluted EPS": 0.2,
        "Basic EPS": 0.21,
        "Diluted NI Availto Com Stockholders": 6369000.0,
        "Net Income Common Stockholders": 6369000.0,
        "Net Income": 6369000.0,
        "Minority Interests": -4000.0,
        "Net Income Including Noncontrolling Interests": 6373000.0,
        "Net Income Continuous Operations": 6373000.0,
        "Tax Provision": 1173000.0,
        "Pretax Income": 7546000.0,
        "Other Income Expense": -578000.0,
        "Special Income Charges": -578000.0,
        "Other Special Charges": 60000.0,
        "Impairment Of Capital Assets": NaN,
        "Restructuring And Mergern Acquisition": 518000.0,
        "Net Non Operating Interest Income Expense": -4413000.0,
        "Interest Expense Non Operating": 4413000.0,
        "Operating Income": 12537000.0,
        "Operating Expense": 43579000.0,
        "Provision For Doubtful Accounts": NaN,
        "Depreciation Amortization Depletion Income Statement": 2391000.0,
        "Depreciation And Amortization In Income Statement": 2391000.0,
        "Research And Development": 231000.0,
        "Selling General And Administration": 40957000.0,
        "Gross Profit": 56116000.0,
        "Cost Of Revenue": 133657000.0,
        "Total Revenue": 189773000.0,
        "Operating Revenue": 189773000.0
    }
}