{
    "2023-03-31": {
        "Tax Effect Of Unusual Items": NaN,
        "Tax Rate For Calcs": NaN,
        "Normalized EBITDA": NaN,
        "Total Unusual Items": NaN,
        "Total Unusual Items Excluding Goodwill": NaN,
        "Net Income From Continuing Operation Net Minority Interest": NaN,
        "Reconciled Depreciation": NaN,
        "Reconciled Cost Of Revenue": NaN,
        "EBITDA": NaN,
        "EBIT": NaN,
        "Net Interest Income": NaN,
        "Interest Expense": NaN,
        "Normalized Income": NaN,
        "Net Income From Continuing And Discontinued Operation": NaN,
        "Total Expenses": NaN,
        "Diluted Average Shares": 286600000.0,
        "Basic Average Shares": 286100000.0,
        "Diluted EPS": 0.73,
        "Basic EPS": 0.73,
        "Diluted NI Availto Com Stockholders": NaN,
        "Net Income Common Stockholders": NaN,
        "Net Income": NaN,
        "Minority Interests": NaN,
        "Net Income Including Noncontrolling Interests": NaN,
        "Net Income Continuous Operations": NaN,
        "Tax Provision": NaN,
        "Pretax Income": NaN,
        "Other Income Expense": NaN,
        "Other Non Operating Income Expenses": -142000000.0,
        "Special Income Charges": NaN,
        "Gain On Sale Of Business": 0.0,
        "Write Off": NaN,
        "Impairment Of Capital Assets": NaN,
        "Restructuring And Mergern Acquisition": NaN,
        "Earnings From Equity Interest": NaN,
        "Gain On Sale Of Security": NaN,
        "Net Non Operating Interest Income Expense": NaN,
        "Interest Expense Non Operating": NaN,
        "Operating Income": NaN,
        "Operating Expense": NaN,
        "Depreciation Amortization Depletion Income Statement": NaN,
        "Depreciation And Amortization In Income Statement": NaN,
        "Amortization": 12000000.0,
        "Amortization Of Intangibles Income Statement": 12000000.0,
        "Depreciation Income Statement": 353000000.0,
        "Selling General And Administration": NaN,
        "Gross Profit": NaN,
        "Cost Of Revenue": NaN,
        "Total Revenue": NaN,
        "Operating Revenue": NaN
    },
    "2022-12-31": {
        "Tax Effect Of Unusual Items": NaN,
        "Tax Rate For Calcs": NaN,
        "Normalized EBITDA": NaN,
        "Total Unusual Items": NaN,
        "Total Unusual Items Excluding Goodwill": NaN,
        "Net Income From Continuing Operation Net Minority Interest": NaN,
        "Reconciled Depreciation": NaN,
        "Reconciled Cost Of Revenue": NaN,
        "EBITDA": NaN,
        "EBIT": NaN,
        "Net Interest Income": NaN,
        "Interest Expense": NaN,
        "Normalized Income": NaN,
        "Net Income From Continuing And Discontinued Operation": NaN,
        "Total Expenses": NaN,
        "Diluted Average Shares": NaN,
        "Basic Average Shares": NaN,
        "Diluted EPS": NaN,
        "Basic EPS": NaN,
        "Diluted NI Availto Com Stockholders": NaN,
        "Net Income Common Stockholders": NaN,
        "Net Income": NaN,
        "Minority Interests": NaN,
        "Net Income Including Noncontrolling Interests": NaN,
        "Net Income Continuous Operations": NaN,
        "Tax Provision": NaN,
        "Pretax Income": NaN,
        "Other Income Expense": NaN,
        "Other Non Operating Income Expenses": NaN,
        "Special Income Charges": NaN,
        "Gain On Sale Of Business": -58000000.0,
        "Write Off": NaN,
        "Impairment Of Capital Assets": NaN,
        "Restructuring And Mergern Acquisition": NaN,
        "Earnings From Equity Interest": NaN,
        "Gain On Sale Of Security": NaN,
        "Net Non Operating Interest Income Expense": NaN,
        "Interest Expense Non Operating": NaN,
        "Operating Income": NaN,
        "Operating Expense": NaN,
        "Depreciation Amortization Depletion Income Statement": NaN,
        "Depreciation And Amortization In Income Statement": NaN,
        "Amortization": NaN,
        "Amortization Of Intangibles Income Statement": NaN,
        "Depreciation Income Statement": NaN,
        "Selling General And Administration": NaN,
        "Gross Profit": NaN,
        "Cost Of Revenue": NaN,
        "Total Revenue": NaN,
        "Operating Revenue": NaN
    },
    "2022-09-30": {
        "Tax Effect Of Unusual Items": NaN,
        "Tax Rate For Calcs": NaN,
        "Normalized EBITDA": NaN,
        "Total Unusual Items": NaN,
        "Total Unusual Items Excluding Goodwill": NaN,
        "Net Income From Continuing Operation Net Minority Interest": NaN,
        "Reconciled Depreciation": NaN,
        "Reconciled Cost Of Revenue": NaN,
        "EBITDA": NaN,
        "EBIT": NaN,
        "Net Interest Income": NaN,
        "Interest Expense": NaN,
        "Normalized Income": NaN,
        "Net Income From Continuing And Discontinued Operation": NaN,
        "Total Expenses": NaN,
        "Diluted Average Shares": NaN,
        "Basic Average Shares": NaN,
        "Diluted EPS": NaN,
        "Basic EPS": NaN,
        "Diluted NI Availto Com Stockholders": NaN,
        "Net Income Common Stockholders": NaN,
        "Net Income": NaN,
        "Minority Interests": NaN,
        "Net Income Including Noncontrolling Interests": NaN,
        "Net Income Continuous Operations": NaN,
        "Tax Provision": NaN,
        "Pretax Income": NaN,
        "Other Income Expense": NaN,
        "Other Non Operating Income Expenses": NaN,
        "Special Income Charges": NaN,
        "Gain On Sale Of Business": 0.0,
        "Write Off": NaN,
        "Impairment Of Capital Assets": 14000000.0,
        "Restructuring And Mergern Acquisition": NaN,
        "Earnings From Equity Interest": NaN,
        "Gain On Sale Of Security": NaN,
        "Net Non Operating Interest Income Expense": NaN,
        "Interest Expense Non Operating": NaN,
        "Operating Income": NaN,
        "Operating Expense": NaN,
        "Depreciation Amortization Depletion Income Statement": NaN,
        "Depreciation And Amortization In Income Statement": NaN,
        "Amortization": 11000000.0,
        "Amortization Of Intangibles Income Statement": 11000000.0,
        "Depreciation Income Statement": 330000000.0,
        "Selling General And Administration": NaN,
        "Gross Profit": NaN,
        "Cost Of Revenue": NaN,
        "Total Revenue": NaN,
        "Operating Revenue": NaN
    },
    "2022-06-30": {
        "Tax Effect Of Unusual Items": -170400000.0,
        "Tax Rate For Calcs": 0.4,
        "Normalized EBITDA": 718000000.0,
        "Total Unusual Items": -426000000.0,
        "Total Unusual Items Excluding Goodwill": -426000000.0,
        "Net Income From Continuing Operation Net Minority Interest": -156000000.0,
        "Reconciled Depreciation": 360000000.0,
        "Reconciled Cost Of Revenue": 8259000000.0,
        "EBITDA": 292000000.0,
        "EBIT": -68000000.0,
        "Net Interest Income": -20000000.0,
        "Interest Expense": 20000000.0,
        "Normalized Income": 99600000.0,
        "Net Income From Continuing And Discontinued Operation": -156000000.0,
        "Total Expenses": 9029000000.0,
        "Diluted Average Shares": 291100000.0,
        "Basic Average Shares": 291100000.0,
        "Diluted EPS": -0.54,
        "Basic EPS": -0.54,
        "Diluted NI Availto Com Stockholders": -156000000.0,
        "Net Income Common Stockholders": -156000000.0,
        "Net Income": -156000000.0,
        "Minority Interests": -11000000.0,
        "Net Income Including Noncontrolling Interests": -145000000.0,
        "Net Income Continuous Operations": -145000000.0,
        "Tax Provision": 57000000.0,
        "Pretax Income": -88000000.0,
        "Other Income Expense": -401000000.0,
        "Other Non Operating Income Expenses": NaN,
        "Special Income Charges": -376000000.0,
        "Gain On Sale Of Business": NaN,
        "Write Off": NaN,
        "Restructuring And Mergern Acquisition": 376000000.0,
        "Earnings From Equity Interest": 25000000.0,
        "Gain On Sale Of Security": -50000000.0,
        "Net Non Operating Interest Income Expense": -20000000.0,
        "Interest Expense Non Operating": 20000000.0,
        "Operating Income": 333000000.0,
        "Operating Expense": 770000000.0,
        "Depreciation Amortization Depletion Income Statement": 360000000.0,
        "Depreciation And Amortization In Income Statement": 360000000.0,
        "Selling General And Administration": 410000000.0,
        "Gross Profit": 1103000000.0,
        "Cost Of Revenue": 8259000000.0,
        "Total Revenue": 9362000000.0,
        "Operating Revenue": 9362000000.0
    },
    "2022-03-31": {
        "Diluted EPS": 1.22,
        "Total Revenue": NaN,
        "Gross Profit": NaN,
        "Operating Income": 487,
        "EBIT": 844,
        "Net Income": 364
    },
    "2021-12-31": {
        "Diluted EPS": 1.53,
        "Total Revenue": NaN,
        "Gross Profit": NaN,
        "Operating Income": 485,
        "EBIT": 888,
        "Net Income": 464
    },
    "2021-09-30": {
        "Diluted EPS": 0.04,
        "Total Revenue": NaN,
        "Gross Profit": NaN,
        "Operating Income": 195,
        "EBIT": 618,
        "Net Income": 11
    },
    "2021-06-30": {
        "Diluted EPS": 1.4,
        "Total Revenue": NaN,
        "Gross Profit": NaN,
        "Operating Income": 513,
        "EBIT": 896,
        "Net Income": 424
    },
    "2021-03-31": {
        "Diluted EPS": 2.03,
        "Total Revenue": NaN,
        "Gross Profit": NaN,
        "Operating Income": 723,
        "EBIT": NaN,
        "Net Income": 615
    },
    "2020-12-31": {
        "Diluted EPS": 2.48,
        "Total Revenue": NaN,
        "Gross Profit": NaN,
        "Operating Income": NaN,
        "EBIT": NaN,
        "Net Income": 738
    },
    "2020-09-30": {
        "Diluted EPS": 1.35,
        "Total Revenue": NaN,
        "Gross Profit": NaN,
        "Operating Income": 734,
        "EBIT": NaN,
        "Net Income": 405
    },
    "2020-06-30": {
        "Diluted EPS": -2.17,
        "Total Revenue": NaN,
        "Gross Profit": 87,
        "Operating Income": -625,
        "EBIT": -292,
        "Net Income": -647
    },
    "2020-03-31": {
        "Diluted EPS": 0.86,
        "Total Revenue": NaN,
        "Gross Profit": NaN,
        "Operating Income": 373,
        "EBIT": 762,
        "Net Income": 261
    },
    "2019-12-31": {
        "Diluted EPS": 1.53,
        "Total Revenue": NaN,
        "Gross Profit": NaN,
        "Operating Income": 532,
        "EBIT": 969,
        "Net Income": 440
    },
    "2019-09-30": {
        "Diluted EPS": -0.75,
        "Total Revenue": NaN,
        "Gross Profit": NaN,
        "Operating Income": 521,
        "EBIT": 918,
        "Net Income": -233
    },
    "2019-06-30": {
        "Diluted EPS": 1.42,
        "Total Revenue": NaN,
        "Gross Profit": NaN,
        "Operating Income": 629,
        "EBIT": NaN,
        "Net Income": 452
    },
    "2019-03-31": {
        "Diluted EPS": 3.39,
        "Total Revenue": NaN,
        "Gross Profit": NaN,
        "Operating Income": 685,
        "EBIT": NaN,
        "Net Income": NaN
    },
    "2018-12-31": {
        "Diluted EPS": 1.39,
        "Total Revenue": NaN,
        "Gross Profit": NaN,
        "Operating Income": 674,
        "EBIT": NaN,
        "Net Income": 456
    },
    "2018-09-30": {
        "Diluted EPS": 1.62,
        "Total Revenue": NaN,
        "Gross Profit": NaN,
        "Operating Income": 637,
        "EBIT": 996,
        "Net Income": 554
    },
    "2018-06-30": {
        "Diluted EPS": 1.77,
        "Total Revenue": NaN,
        "Gross Profit": NaN,
        "Operating Income": 731,
        "EBIT": NaN,
        "Net Income": 626
    },
    "2018-03-31": {
        "Diluted EPS": 1.83,
        "Total Revenue": NaN,
        "Gross Profit": NaN,
        "Operating Income": 788,
        "EBIT": NaN,
        "Net Income": 660
    },
    "2017-12-31": {
        "Diluted EPS": 1.54,
        "Total Revenue": NaN,
        "Gross Profit": NaN,
        "Operating Income": 726,
        "EBIT": NaN,
        "Net Income": 559
    },
    "2017-09-30": {
        "Diluted EPS": 1.38,
        "Total Revenue": NaN,
        "Gross Profit": NaN,
        "Operating Income": 660,
        "EBIT": NaN,
        "Net Income": 512
    },
    "2017-06-30": {
        "Diluted EPS": 1.44,
        "Total Revenue": NaN,
        "Gross Profit": NaN,
        "Operating Income": 704,
        "EBIT": NaN,
        "Net Income": 548
    },
    "2017-03-31": {
        "Diluted EPS": 1.51,
        "Total Revenue": NaN,
        "Gross Profit": NaN,
        "Operating Income": 751,
        "EBIT": NaN,
        "Net Income": 577
    },
    "2016-12-31": {
        "Diluted EPS": 1.24,
        "Total Revenue": NaN,
        "Gross Profit": NaN,
        "Operating Income": 650,
        "EBIT": 963,
        "Net Income": 478
    },
    "2016-09-30": {
        "Diluted EPS": 1.29,
        "Total Revenue": NaN,
        "Gross Profit": NaN,
        "Operating Income": 650,
        "EBIT": 955,
        "Net Income": 503
    },
    "2016-06-30": {
        "Diluted EPS": 1.41,
        "Total Revenue": NaN,
        "Gross Profit": NaN,
        "Operating Income": 722,
        "EBIT": NaN,
        "Net Income": 558
    },
    "2016-03-31": {
        "Diluted EPS": 1.22,
        "Total Revenue": NaN,
        "Gross Profit": NaN,
        "Operating Income": 643,
        "EBIT": 922,
        "Net Income": 492
    },
    "2015-12-31": {
        "Diluted EPS": 1.18,
        "Total Revenue": NaN,
        "Gross Profit": NaN,
        "Operating Income": 607,
        "EBIT": 848,
        "Net Income": 476
    },
    "2015-09-30": {
        "Diluted EPS": 1.42,
        "Total Revenue": NaN,
        "Gross Profit": NaN,
        "Operating Income": 513,
        "EBIT": 742,
        "Net Income": 589
    },
    "2015-06-30": {
        "Diluted EPS": 1.16,
        "Total Revenue": NaN,
        "Gross Profit": NaN,
        "Operating Income": 625,
        "EBIT": 850,
        "Net Income": 483
    },
    "2015-03-31": {
        "Diluted EPS": 1.12,
        "Total Revenue": NaN,
        "Gross Profit": NaN,
        "Operating Income": 580,
        "EBIT": 797,
        "Net Income": 465
    },
    "2014-12-31": {
        "Diluted EPS": 1.22,
        "Total Revenue": NaN,
        "Gross Profit": NaN,
        "Operating Income": NaN,
        "EBIT": NaN,
        "Net Income": 509
    },
    "2014-09-30": {
        "Diluted EPS": 1.1,
        "Total Revenue": NaN,
        "Gross Profit": NaN,
        "Operating Income": 576,
        "EBIT": 825,
        "Net Income": 470
    },
    "2014-06-30": {
        "Diluted EPS": 1.16,
        "Total Revenue": NaN,
        "Gross Profit": NaN,
        "Operating Income": 667,
        "EBIT": 907,
        "Net Income": 510
    },
    "2014-03-31": {
        "Diluted EPS": 0.88,
        "Total Revenue": NaN,
        "Gross Profit": NaN,
        "Operating Income": 557,
        "EBIT": 803,
        "Net Income": 393
    },
    "2013-12-31": {
        "Diluted EPS": 1.02,
        "Total Revenue": NaN,
        "Gross Profit": NaN,
        "Operating Income": 559,
        "EBIT": NaN,
        "Net Income": 458
    },
    "2013-09-30": {
        "Diluted EPS": 0.7,
        "Total Revenue": NaN,
        "Gross Profit": NaN,
        "Operating Income": 390,
        "EBIT": -191,
        "Net Income": 319
    },
    "2013-06-30": {
        "Diluted EPS": 0.89,
        "Total Revenue": NaN,
        "Gross Profit": NaN,
        "Operating Income": 498,
        "EBIT": 794,
        "Net Income": 415
    },
    "2013-03-31": {
        "Diluted EPS": 0.79,
        "Total Revenue": NaN,
        "Gross Profit": NaN,
        "Operating Income": 422,
        "EBIT": 707,
        "Net Income": 369
    },
    "2012-12-31": {
        "Diluted EPS": 0.75,
        "Total Revenue": NaN,
        "Gross Profit": 965,
        "Operating Income": 343,
        "EBIT": 699,
        "Net Income": 351
    },
    "2012-09-30": {
        "Diluted EPS": 0.83,
        "Total Revenue": NaN,
        "Gross Profit": 871,
        "Operating Income": 319,
        "EBIT": 877,
        "Net Income": 390
    },
    "2012-06-30": {
        "Diluted EPS": 0.74,
        "Total Revenue": NaN,
        "Gross Profit": 993,
        "Operating Income": 433,
        "EBIT": 433,
        "Net Income": 349
    },
    "2012-03-31": {
        "Diluted EPS": 0.73,
        "Total Revenue": NaN,
        "Gross Profit": 989,
        "Operating Income": 412,
        "EBIT": 412,
        "Net Income": 343
    },
    "2011-12-31": {
        "Diluted EPS": 0.66,
        "Total Revenue": NaN,
        "Gross Profit": 843,
        "Operating Income": 292,
        "EBIT": 501,
        "Net Income": 312
    },
    "2011-09-30": {
        "Diluted EPS": 0.21,
        "Total Revenue": NaN,
        "Gross Profit": 769,
        "Operating Income": 258,
        "EBIT": 441,
        "Net Income": 102
    },
    "2011-06-30": {
        "Diluted EPS": 0.58,
        "Total Revenue": NaN,
        "Gross Profit": 855,
        "Operating Income": 333,
        "EBIT": 528,
        "Net Income": 282
    },
    "2011-03-31": {
        "Diluted EPS": 0.65,
        "Total Revenue": NaN,
        "Gross Profit": 880,
        "Operating Income": 363,
        "EBIT": 548,
        "Net Income": 322
    },
    "2010-12-31": {
        "Diluted EPS": 0.44,
        "Total Revenue": NaN,
        "Gross Profit": 766,
        "Operating Income": 231,
        "EBIT": 421,
        "Net Income": 216
    },
    "2010-09-30": {
        "Diluted EPS": 0.52,
        "Total Revenue": NaN,
        "Gross Profit": 810,
        "Operating Income": 307,
        "EBIT": 499,
        "Net Income": 241
    },
    "2010-06-30": {
        "Diluted EPS": 0.65,
        "Total Revenue": NaN,
        "Gross Profit": 860,
        "Operating Income": 363,
        "EBIT": 545,
        "Net Income": 293
    },
    "2010-03-31": {
        "Diluted EPS": 0.49,
        "Total Revenue": NaN,
        "Gross Profit": 742,
        "Operating Income": 276,
        "EBIT": 461,
        "Net Income": 223
    },
    "2009-12-31": {
        "Diluted EPS": -0.31,
        "Total Revenue": NaN,
        "Gross Profit": 575,
        "Operating Income": -24,
        "EBIT": 172,
        "Net Income": -139
    },
    "2009-09-30": {
        "Diluted EPS": 0.11,
        "Total Revenue": NaN,
        "Gross Profit": 552,
        "Operating Income": 80,
        "EBIT": 299,
        "Net Income": 51
    },
    "2009-06-30": {
        "Diluted EPS": -0.46,
        "Total Revenue": NaN,
        "Gross Profit": 299,
        "Operating Income": -157,
        "EBIT": 248,
        "Net Income": -205
    },
    "2009-03-31": {
        "Diluted EPS": -0.45,
        "Total Revenue": NaN,
        "Gross Profit": 244,
        "Operating Income": -227,
        "EBIT": -227,
        "Net Income": -200
    },
    "2023-06-30": {
        "Tax Effect Of Unusual Items": -18748000.0,
        "Tax Rate For Calcs": 0.218,
        "Normalized EBITDA": 969000000.0,
        "Total Unusual Items": -86000000.0,
        "Total Unusual Items Excluding Goodwill": -86000000.0,
        "Net Income From Continuing Operation Net Minority Interest": 339000000.0,
        "Reconciled Depreciation": 366000000.0,
        "Reconciled Cost Of Revenue": 9544000000.0,
        "EBITDA": 883000000.0,
        "EBIT": 517000000.0,
        "Net Interest Income": -34000000.0,
        "Interest Expense": 34000000.0,
        "Normalized Income": 406252000.0,
        "Net Income From Continuing And Discontinued Operation": 339000000.0,
        "Total Expenses": 10415000000.0,
        "Diluted Average Shares": 286300000.0,
        "Basic Average Shares": 286200000.0,
        "Diluted EPS": 1.18,
        "Basic EPS": 1.18,
        "Diluted NI Availto Com Stockholders": 339000000.0,
        "Net Income Common Stockholders": 339000000.0,
        "Net Income": 339000000.0,
        "Minority Interests": -15000000.0,
        "Net Income Including Noncontrolling Interests": 354000000.0,
        "Net Income Continuous Operations": 354000000.0,
        "Tax Provision": 129000000.0,
        "Pretax Income": 483000000.0,
        "Other Income Expense": -50000000.0,
        "Other Non Operating Income Expenses": -23000000.0,
        "Special Income Charges": -73000000.0,
        "Gain On Sale Of Business": NaN,
        "Write Off": 85000000.0,
        "Impairment Of Capital Assets": NaN,
        "Restructuring And Mergern Acquisition": -12000000.0,
        "Earnings From Equity Interest": 36000000.0,
        "Gain On Sale Of Security": -13000000.0,
        "Net Non Operating Interest Income Expense": -34000000.0,
        "Interest Expense Non Operating": 34000000.0,
        "Operating Income": 567000000.0,
        "Operating Expense": 871000000.0,
        "Depreciation Amortization Depletion Income Statement": 366000000.0,
        "Depreciation And Amortization In Income Statement": 366000000.0,
        "Amortization": NaN,
        "Amortization Of Intangibles Income Statement": NaN,
        "Depreciation Income Statement": NaN,
        "Selling General And Administration": 505000000.0,
        "Gross Profit": 1438000000.0,
        "Cost Of Revenue": 9544000000.0,
        "Total Revenue": 10982000000.0,
        "Operating Revenue": 10982000000.0
    },
    "2023-09-30": {
        "Tax Effect Of Unusual Items": 876000.0,
        "Tax Rate For Calcs": 0.219,
        "Normalized EBITDA": 973000000.0,
        "Total Unusual Items": 4000000.0,
        "Total Unusual Items Excluding Goodwill": 4000000.0,
        "Net Income From Continuing Operation Net Minority Interest": 394000000.0,
        "Reconciled Depreciation": 390000000.0,
        "Reconciled Cost Of Revenue": 9264000000.0,
        "EBITDA": 977000000.0,
        "EBIT": 587000000.0,
        "Net Interest Income": -49000000.0,
        "Interest Expense": 49000000.0,
        "Normalized Income": 390876000.0,
        "Net Income From Continuing And Discontinued Operation": 394000000.0,
        "Total Expenses": 10145000000.0,
        "Diluted Average Shares": 286800000.0,
        "Basic Average Shares": 286300000.0,
        "Diluted EPS": 1.37,
        "Basic EPS": 1.37,
        "Diluted NI Availto Com Stockholders": 394000000.0,
        "Net Income Common Stockholders": 394000000.0,
        "Net Income": 394000000.0,
        "Minority Interests": -23000000.0,
        "Net Income Including Noncontrolling Interests": 417000000.0,
        "Net Income Continuous Operations": 417000000.0,
        "Tax Provision": 121000000.0,
        "Pretax Income": 538000000.0,
        "Other Income Expense": 44000000.0,
        "Other Non Operating Income Expenses": -16000000.0,
        "Special Income Charges": -15000000.0,
        "Gain On Sale Of Business": -16000000.0,
        "Write Off": 0.0,
        "Impairment Of Capital Assets": 0.0,
        "Restructuring And Mergern Acquisition": -1000000.0,
        "Earnings From Equity Interest": 40000000.0,
        "Gain On Sale Of Security": 19000000.0,
        "Net Non Operating Interest Income Expense": -49000000.0,
        "Interest Expense Non Operating": 49000000.0,
        "Operating Income": 543000000.0,
        "Operating Expense": 881000000.0,
        "Depreciation Amortization Depletion Income Statement": 390000000.0,
        "Depreciation And Amortization In Income Statement": 390000000.0,
        "Amortization": 32000000.0,
        "Amortization Of Intangibles Income Statement": 32000000.0,
        "Depreciation Income Statement": 358000000.0,
        "Selling General And Administration": 491000000.0,
        "Gross Profit": 1424000000.0,
        "Cost Of Revenue": 9264000000.0,
        "Total Revenue": 10688000000.0,
        "Operating Revenue": 10688000000.0
    },
    "2023-12-31": {
        "Tax Effect Of Unusual Items": -6348387.096774,
        "Tax Rate For Calcs": 0.03871,
        "Normalized EBITDA": 1016000000.0,
        "Total Unusual Items": -164000000.0,
        "Total Unusual Items Excluding Goodwill": -164000000.0,
        "Net Income From Continuing Operation Net Minority Interest": 271000000.0,
        "Reconciled Depreciation": 403000000.0,
        "Reconciled Cost Of Revenue": 8961000000.0,
        "EBITDA": 852000000.0,
        "EBIT": 449000000.0,
        "Net Interest Income": -53000000.0,
        "Interest Expense": 139000000.0,
        "Normalized Income": 428651612.903226,
        "Net Income From Continuing And Discontinued Operation": 271000000.0,
        "Total Expenses": 9930000000.0,
        "Diluted Average Shares": 286600000.0,
        "Basic Average Shares": 286400000.0,
        "Diluted EPS": 0.94,
        "Basic EPS": 0.95,
        "Diluted NI Availto Com Stockholders": 271000000.0,
        "Net Income Common Stockholders": 271000000.0,
        "Net Income": 271000000.0,
        "Minority Interests": -27000000.0,
        "Net Income Including Noncontrolling Interests": 298000000.0,
        "Net Income Continuous Operations": 298000000.0,
        "Tax Provision": 12000000.0,
        "Pretax Income": 310000000.0,
        "Other Income Expense": -161000000.0,
        "Other Non Operating Income Expenses": NaN,
        "Special Income Charges": -71000000.0,
        "Gain On Sale Of Business": 0.0,
        "Write Off": 5000000.0,
        "Impairment Of Capital Assets": NaN,
        "Restructuring And Mergern Acquisition": 66000000.0,
        "Earnings From Equity Interest": 3000000.0,
        "Gain On Sale Of Security": -93000000.0,
        "Net Non Operating Interest Income Expense": -53000000.0,
        "Interest Expense Non Operating": 139000000.0,
        "Operating Income": 524000000.0,
        "Operating Expense": 969000000.0,
        "Depreciation Amortization Depletion Income Statement": 403000000.0,
        "Depreciation And Amortization In Income Statement": 403000000.0,
        "Amortization": 31000000.0,
        "Amortization Of Intangibles Income Statement": 31000000.0,
        "Depreciation Income Statement": 372000000.0,
        "Selling General And Administration": 566000000.0,
        "Gross Profit": 1493000000.0,
        "Cost Of Revenue": 8961000000.0,
        "Total Revenue": 10454000000.0,
        "Operating Revenue": 10454000000.0
    },
    "2024-03-31": {
        "Tax Effect Of Unusual Items": -76540000.0,
        "Tax Rate For Calcs": 0.215,
        "Normalized EBITDA": 846000000.0,
        "Total Unusual Items": -356000000.0,
        "Total Unusual Items Excluding Goodwill": -356000000.0,
        "Net Income From Continuing Operation Net Minority Interest": 9000000.0,
        "Reconciled Depreciation": 405000000.0,
        "Reconciled Cost Of Revenue": 9642000000.0,
        "EBITDA": 490000000.0,
        "EBIT": 85000000.0,
        "Net Interest Income": -51000000.0,
        "Interest Expense": 51000000.0,
        "Normalized Income": 288460000.0,
        "Net Income From Continuing And Discontinued Operation": 9000000.0,
        "Total Expenses": 10563000000.0,
        "Diluted Average Shares": 287100000.0,
        "Basic Average Shares": 286900000.0,
        "Diluted EPS": 0.03,
        "Basic EPS": 0.03,
        "Diluted NI Availto Com Stockholders": 9000000.0,
        "Net Income Common Stockholders": 9000000.0,
        "Net Income": 9000000.0,
        "Minority Interests": -17000000.0,
        "Net Income Including Noncontrolling Interests": 26000000.0,
        "Net Income Continuous Operations": 26000000.0,
        "Tax Provision": 8000000.0,
        "Pretax Income": 34000000.0,
        "Other Income Expense": -322000000.0,
        "Other Non Operating Income Expenses": NaN,
        "Special Income Charges": -354000000.0,
        "Gain On Sale Of Business": NaN,
        "Write Off": 235000000.0,
        "Impairment Of Capital Assets": 59000000.0,
        "Restructuring And Mergern Acquisition": 60000000.0,
        "Earnings From Equity Interest": 34000000.0,
        "Gain On Sale Of Security": -2000000.0,
        "Net Non Operating Interest Income Expense": -51000000.0,
        "Interest Expense Non Operating": 51000000.0,
        "Operating Income": 407000000.0,
        "Operating Expense": 921000000.0,
        "Depreciation Amortization Depletion Income Statement": 405000000.0,
        "Depreciation And Amortization In Income Statement": 405000000.0,
        "Amortization": 28000000.0,
        "Amortization Of Intangibles Income Statement": 28000000.0,
        "Depreciation Income Statement": 377000000.0,
        "Selling General And Administration": 516000000.0,
        "Gross Profit": 1328000000.0,
        "Cost Of Revenue": 9642000000.0,
        "Total Revenue": 10970000000.0,
        "Operating Revenue": 10970000000.0
    },
    "2024-06-30": {
        "Tax Effect Of Unusual Items": -15504000.0,
        "Tax Rate For Calcs": 0.228,
        "Normalized EBITDA": 950000000.0,
        "Total Unusual Items": -68000000.0,
        "Total Unusual Items Excluding Goodwill": -68000000.0,
        "Net Income From Continuing Operation Net Minority Interest": 313000000.0,
        "Reconciled Depreciation": 401000000.0,
        "Reconciled Cost Of Revenue": 9494000000.0,
        "EBITDA": 882000000.0,
        "EBIT": 481000000.0,
        "Net Interest Income": -54000000.0,
        "Interest Expense": 54000000.0,
        "Normalized Income": 365496000.0,
        "Net Income From Continuing And Discontinued Operation": 313000000.0,
        "Total Expenses": 10418000000.0,
        "Diluted Average Shares": NaN,
        "Basic Average Shares": NaN,
        "Diluted EPS": NaN,
        "Basic EPS": NaN,
        "Diluted NI Availto Com Stockholders": 313000000.0,
        "Net Income Common Stockholders": 313000000.0,
        "Net Income": 313000000.0,
        "Minority Interests": -15000000.0,
        "Net Income Including Noncontrolling Interests": 328000000.0,
        "Net Income Continuous Operations": 328000000.0,
        "Tax Provision": 99000000.0,
        "Pretax Income": 427000000.0,
        "Other Income Expense": -59000000.0,
        "Other Non Operating Income Expenses": NaN,
        "Special Income Charges": -65000000.0,
        "Gain On Sale Of Business": NaN,
        "Write Off": 19000000.0,
        "Impairment Of Capital Assets": NaN,
        "Restructuring And Mergern Acquisition": 46000000.0,
        "Earnings From Equity Interest": 9000000.0,
        "Gain On Sale Of Security": -3000000.0,
        "Net Non Operating Interest Income Expense": -54000000.0,
        "Interest Expense Non Operating": 54000000.0,
        "Operating Income": 540000000.0,
        "Operating Expense": 924000000.0,
        "Depreciation Amortization Depletion Income Statement": 401000000.0,
        "Depreciation And Amortization In Income Statement": 401000000.0,
        "Amortization": 28000000.0,
        "Amortization Of Intangibles Income Statement": 28000000.0,
        "Depreciation Income Statement": 373000000.0,
        "Selling General And Administration": 523000000.0,
        "Gross Profit": 1464000000.0,
        "Cost Of Revenue": 9494000000.0,
        "Total Revenue": 10958000000.0,
        "Operating Revenue": 10958000000.0
    }
}