{
    "2023-03-31": {
        "Tax Effect Of Unusual Items": NaN,
        "Tax Rate For Calcs": NaN,
        "Normalized EBITDA": NaN,
        "Total Unusual Items": NaN,
        "Total Unusual Items Excluding Goodwill": NaN,
        "Net Income From Continuing Operation Net Minority Interest": NaN,
        "Reconciled Depreciation": NaN,
        "Reconciled Cost Of Revenue": NaN,
        "EBITDA": NaN,
        "EBIT": NaN,
        "Net Interest Income": NaN,
        "Interest Expense": NaN,
        "Normalized Income": NaN,
        "Net Income From Continuing And Discontinued Operation": NaN,
        "Total Expenses": NaN,
        "Total Operating Income As Reported": NaN,
        "Diluted Average Shares": NaN,
        "Basic Average Shares": NaN,
        "Diluted EPS": NaN,
        "Basic EPS": NaN,
        "Diluted NI Availto Com Stockholders": NaN,
        "Net Income Common Stockholders": NaN,
        "Otherunder Preferred Stock Dividend": NaN,
        "Net Income": NaN,
        "Minority Interests": NaN,
        "Net Income Including Noncontrolling Interests": NaN,
        "Net Income Continuous Operations": NaN,
        "Tax Provision": NaN,
        "Pretax Income": NaN,
        "Other Income Expense": NaN,
        "Other Non Operating Income Expenses": NaN,
        "Special Income Charges": NaN,
        "Gain On Sale Of Ppe": 396076000.0,
        "Gain On Sale Of Business": 396076000.0,
        "Other Special Charges": NaN,
        "Restructuring And Mergern Acquisition": NaN,
        "Earnings From Equity Interest": NaN,
        "Net Non Operating Interest Income Expense": NaN,
        "Interest Expense Non Operating": NaN,
        "Operating Income": NaN,
        "Operating Expense": NaN,
        "Other Operating Expenses": NaN,
        "Depreciation Amortization Depletion Income Statement": NaN,
        "Depreciation And Amortization In Income Statement": NaN,
        "Research And Development": 139000.0,
        "Selling General And Administration": NaN,
        "General And Administrative Expense": NaN,
        "Other Gand A": NaN,
        "Gross Profit": NaN,
        "Cost Of Revenue": NaN,
        "Total Revenue": NaN,
        "Operating Revenue": NaN
    },
    "2022-12-31": {
        "Tax Effect Of Unusual Items": NaN,
        "Tax Rate For Calcs": NaN,
        "Normalized EBITDA": NaN,
        "Total Unusual Items": NaN,
        "Total Unusual Items Excluding Goodwill": NaN,
        "Net Income From Continuing Operation Net Minority Interest": NaN,
        "Reconciled Depreciation": NaN,
        "Reconciled Cost Of Revenue": NaN,
        "EBITDA": NaN,
        "EBIT": NaN,
        "Net Interest Income": NaN,
        "Interest Expense": NaN,
        "Normalized Income": NaN,
        "Net Income From Continuing And Discontinued Operation": NaN,
        "Total Expenses": NaN,
        "Total Operating Income As Reported": NaN,
        "Diluted Average Shares": 386932000.0,
        "Basic Average Shares": 384018000.0,
        "Diluted EPS": 0.69,
        "Basic EPS": 0.69,
        "Diluted NI Availto Com Stockholders": NaN,
        "Net Income Common Stockholders": NaN,
        "Otherunder Preferred Stock Dividend": NaN,
        "Net Income": NaN,
        "Minority Interests": NaN,
        "Net Income Including Noncontrolling Interests": NaN,
        "Net Income Continuous Operations": NaN,
        "Tax Provision": NaN,
        "Pretax Income": NaN,
        "Other Income Expense": NaN,
        "Other Non Operating Income Expenses": NaN,
        "Special Income Charges": NaN,
        "Gain On Sale Of Ppe": -6083000.0,
        "Gain On Sale Of Business": NaN,
        "Other Special Charges": NaN,
        "Restructuring And Mergern Acquisition": NaN,
        "Earnings From Equity Interest": NaN,
        "Gain On Sale Of Security": 0.0,
        "Net Non Operating Interest Income Expense": NaN,
        "Interest Expense Non Operating": NaN,
        "Operating Income": NaN,
        "Operating Expense": NaN,
        "Other Operating Expenses": NaN,
        "Depreciation Amortization Depletion Income Statement": NaN,
        "Depreciation And Amortization In Income Statement": NaN,
        "Research And Development": NaN,
        "Selling General And Administration": NaN,
        "General And Administrative Expense": NaN,
        "Other Gand A": NaN,
        "Gross Profit": NaN,
        "Cost Of Revenue": NaN,
        "Total Revenue": NaN,
        "Operating Revenue": NaN
    },
    "2022-09-30": {
        "Tax Effect Of Unusual Items": NaN,
        "Tax Rate For Calcs": NaN,
        "Normalized EBITDA": NaN,
        "Total Unusual Items": NaN,
        "Total Unusual Items Excluding Goodwill": NaN,
        "Net Income From Continuing Operation Net Minority Interest": NaN,
        "Reconciled Depreciation": NaN,
        "Reconciled Cost Of Revenue": NaN,
        "EBITDA": NaN,
        "EBIT": NaN,
        "Net Interest Income": NaN,
        "Interest Expense": NaN,
        "Normalized Income": NaN,
        "Net Income From Continuing And Discontinued Operation": NaN,
        "Total Expenses": NaN,
        "Total Operating Income As Reported": NaN,
        "Diluted Average Shares": NaN,
        "Basic Average Shares": NaN,
        "Diluted EPS": NaN,
        "Basic EPS": NaN,
        "Diluted NI Availto Com Stockholders": NaN,
        "Net Income Common Stockholders": NaN,
        "Otherunder Preferred Stock Dividend": NaN,
        "Net Income": NaN,
        "Minority Interests": NaN,
        "Net Income Including Noncontrolling Interests": NaN,
        "Net Income Continuous Operations": NaN,
        "Tax Provision": NaN,
        "Pretax Income": NaN,
        "Other Income Expense": NaN,
        "Other Non Operating Income Expenses": NaN,
        "Special Income Charges": NaN,
        "Gain On Sale Of Ppe": 11639000.0,
        "Gain On Sale Of Business": NaN,
        "Other Special Charges": NaN,
        "Restructuring And Mergern Acquisition": 0.0,
        "Earnings From Equity Interest": NaN,
        "Gain On Sale Of Security": NaN,
        "Net Non Operating Interest Income Expense": NaN,
        "Interest Expense Non Operating": NaN,
        "Operating Income": NaN,
        "Operating Expense": NaN,
        "Other Operating Expenses": NaN,
        "Depreciation Amortization Depletion Income Statement": NaN,
        "Depreciation And Amortization In Income Statement": NaN,
        "Research And Development": NaN,
        "Selling General And Administration": NaN,
        "General And Administrative Expense": NaN,
        "Other Gand A": NaN,
        "Gross Profit": NaN,
        "Cost Of Revenue": NaN,
        "Total Revenue": NaN,
        "Operating Revenue": NaN
    },
    "2022-06-30": {
        "Tax Effect Of Unusual Items": 599554062.0,
        "Tax Rate For Calcs": 0.261,
        "Normalized EBITDA": 401136000.0,
        "Total Unusual Items": 2297142000.0,
        "Total Unusual Items Excluding Goodwill": 2297142000.0,
        "Net Income From Continuing Operation Net Minority Interest": 1783937000.0,
        "Reconciled Depreciation": 366255000.0,
        "Reconciled Cost Of Revenue": 1609824000.0,
        "EBITDA": 2698278000.0,
        "EBIT": 2332023000.0,
        "Net Interest Income": -136559000.0,
        "Interest Expense": 136559000.0,
        "Normalized Income": 86349062.0,
        "Net Income From Continuing And Discontinued Operation": 1783937000.0,
        "Total Expenses": 3124996000.0,
        "Total Operating Income As Reported": 2381451000.0,
        "Diluted Average Shares": 421303000.0,
        "Basic Average Shares": 417393000.0,
        "Diluted EPS": 4.2,
        "Basic EPS": 4.24,
        "Diluted NI Availto Com Stockholders": 1771525000.0,
        "Net Income Common Stockholders": 1771525000.0,
        "Otherunder Preferred Stock Dividend": 12412000.0,
        "Net Income": 1783937000.0,
        "Minority Interests": 161312000.0,
        "Net Income Including Noncontrolling Interests": 1622625000.0,
        "Net Income Continuous Operations": 1622625000.0,
        "Tax Provision": 572839000.0,
        "Pretax Income": 2195464000.0,
        "Other Income Expense": 2192131000.0,
        "Other Non Operating Income Expenses": -49428000.0,
        "Special Income Charges": 19395000.0,
        "Gain On Sale Of Ppe": 19395000.0,
        "Other Special Charges": -19395000.0,
        "Restructuring And Mergern Acquisition": NaN,
        "Earnings From Equity Interest": -55583000.0,
        "Gain On Sale Of Security": 2277747000.0,
        "Net Non Operating Interest Income Expense": -136559000.0,
        "Interest Expense Non Operating": 136559000.0,
        "Operating Income": 139892000.0,
        "Operating Expense": 1515172000.0,
        "Other Operating Expenses": 542000.0,
        "Depreciation Amortization Depletion Income Statement": 366255000.0,
        "Depreciation And Amortization In Income Statement": 366255000.0,
        "Selling General And Administration": 1148375000.0,
        "General And Administrative Expense": 1148375000.0,
        "Other Gand A": 1148375000.0,
        "Gross Profit": 1655064000.0,
        "Cost Of Revenue": 1609824000.0,
        "Total Revenue": 3264888000.0,
        "Operating Revenue": 3254964000.0
    },
    "2023-06-30": {
        "Tax Effect Of Unusual Items": NaN,
        "Tax Rate For Calcs": NaN,
        "Normalized EBITDA": NaN,
        "Total Unusual Items": NaN,
        "Total Unusual Items Excluding Goodwill": NaN,
        "Net Income From Continuing Operation Net Minority Interest": NaN,
        "Reconciled Depreciation": NaN,
        "Reconciled Cost Of Revenue": NaN,
        "EBITDA": NaN,
        "EBIT": NaN,
        "Net Interest Income": NaN,
        "Interest Expense": NaN,
        "Normalized Income": NaN,
        "Net Income From Continuing And Discontinued Operation": NaN,
        "Total Expenses": NaN,
        "Total Operating Income As Reported": NaN,
        "Diluted Average Shares": 365339000.0,
        "Basic Average Shares": 361050000.0,
        "Diluted EPS": 0.55,
        "Basic EPS": 0.56,
        "Diluted NI Availto Com Stockholders": NaN,
        "Net Income Common Stockholders": NaN,
        "Otherunder Preferred Stock Dividend": NaN,
        "Net Income": NaN,
        "Minority Interests": NaN,
        "Net Income Including Noncontrolling Interests": NaN,
        "Net Income Continuous Operations": NaN,
        "Tax Provision": NaN,
        "Pretax Income": NaN,
        "Other Income Expense": NaN,
        "Other Non Operating Income Expenses": NaN,
        "Special Income Charges": NaN,
        "Gain On Sale Of Business": -5614000.0,
        "Other Special Charges": 149000.0,
        "Restructuring And Mergern Acquisition": NaN,
        "Earnings From Equity Interest": NaN,
        "Net Non Operating Interest Income Expense": NaN,
        "Interest Expense Non Operating": NaN,
        "Operating Income": NaN,
        "Operating Expense": NaN,
        "Other Operating Expenses": NaN,
        "Depreciation Amortization Depletion Income Statement": NaN,
        "Depreciation And Amortization In Income Statement": NaN,
        "Research And Development": NaN,
        "Selling General And Administration": NaN,
        "General And Administrative Expense": NaN,
        "Other Gand A": NaN,
        "Gross Profit": NaN,
        "Cost Of Revenue": NaN,
        "Total Revenue": NaN,
        "Operating Revenue": NaN
    },
    "2022-03-31": {
        "Diluted EPS": -0.06,
        "Total Revenue": NaN,
        "Gross Profit": NaN,
        "Operating Income": 106,
        "EBIT": 405,
        "Net Income": -18
    },
    "2021-12-31": {
        "Diluted EPS": 0.19,
        "Total Revenue": NaN,
        "Gross Profit": NaN,
        "Operating Income": 369,
        "EBIT": 676,
        "Net Income": 168
    },
    "2021-09-30": {
        "Diluted EPS": 2.77,
        "Total Revenue": NaN,
        "Gross Profit": NaN,
        "Operating Income": NaN,
        "EBIT": NaN,
        "Net Income": NaN
    },
    "2021-06-30": {
        "Diluted EPS": 0.14,
        "Total Revenue": NaN,
        "Gross Profit": NaN,
        "Operating Income": 264,
        "EBIT": 558,
        "Net Income": 68
    },
    "2021-03-31": {
        "Diluted EPS": -0.69,
        "Total Revenue": NaN,
        "Gross Profit": 720,
        "Operating Income": -247,
        "EBIT": 54,
        "Net Income": -332
    },
    "2020-12-31": {
        "Diluted EPS": -0.91,
        "Total Revenue": NaN,
        "Gross Profit": 583,
        "Operating Income": -364,
        "EBIT": -55,
        "Net Income": -480
    },
    "2020-09-30": {
        "Diluted EPS": -1.08,
        "Total Revenue": NaN,
        "Gross Profit": 396,
        "Operating Income": -495,
        "EBIT": -192,
        "Net Income": -535
    },
    "2020-06-30": {
        "Diluted EPS": -1.67,
        "Total Revenue": 290,
        "Gross Profit": -85,
        "Operating Income": NaN,
        "EBIT": -727,
        "Net Income": -825
    },
    "2020-03-31": {
        "Diluted EPS": 1.64,
        "Total Revenue": NaN,
        "Gross Profit": 815,
        "Operating Income": NaN,
        "EBIT": NaN,
        "Net Income": 807
    },
    "2019-12-31": {
        "Diluted EPS": 3.83,
        "Total Revenue": NaN,
        "Gross Profit": NaN,
        "Operating Income": NaN,
        "EBIT": NaN,
        "Net Income": NaN
    },
    "2019-09-30": {
        "Diluted EPS": -0.08,
        "Total Revenue": NaN,
        "Gross Profit": NaN,
        "Operating Income": 238,
        "EBIT": 570,
        "Net Income": -37
    },
    "2019-06-30": {
        "Diluted EPS": 0.08,
        "Total Revenue": NaN,
        "Gross Profit": NaN,
        "Operating Income": 371,
        "EBIT": 717,
        "Net Income": 43
    },
    "2019-03-31": {
        "Diluted EPS": 0.05,
        "Total Revenue": NaN,
        "Gross Profit": NaN,
        "Operating Income": 370,
        "EBIT": 696,
        "Net Income": 31
    },
    "2018-12-31": {
        "Diluted EPS": -0.04,
        "Total Revenue": NaN,
        "Gross Profit": -539,
        "Operating Income": 336,
        "EBIT": 659,
        "Net Income": -39
    },
    "2018-09-30": {
        "Diluted EPS": 0.26,
        "Total Revenue": NaN,
        "Gross Profit": NaN,
        "Operating Income": 411,
        "EBIT": 722,
        "Net Income": 143
    },
    "2018-06-30": {
        "Diluted EPS": 0.21,
        "Total Revenue": NaN,
        "Gross Profit": NaN,
        "Operating Income": 363,
        "EBIT": 670,
        "Net Income": 118
    },
    "2018-03-31": {
        "Diluted EPS": 0.38,
        "Total Revenue": NaN,
        "Gross Profit": NaN,
        "Operating Income": 360,
        "EBIT": 638,
        "Net Income": 223
    },
    "2017-12-31": {
        "Diluted EPS": 2.36,
        "Total Revenue": NaN,
        "Gross Profit": NaN,
        "Operating Income": 223,
        "EBIT": 480,
        "Net Income": NaN
    },
    "2017-09-30": {
        "Diluted EPS": 0.26,
        "Total Revenue": NaN,
        "Gross Profit": NaN,
        "Operating Income": 493,
        "EBIT": 751,
        "Net Income": 148
    },
    "2017-06-30": {
        "Diluted EPS": 0.36,
        "Total Revenue": NaN,
        "Gross Profit": NaN,
        "Operating Income": 500,
        "EBIT": 754,
        "Net Income": 210
    },
    "2017-03-31": {
        "Diluted EPS": 0.36,
        "Total Revenue": NaN,
        "Gross Profit": NaN,
        "Operating Income": 497,
        "EBIT": 755,
        "Net Income": 206
    },
    "2016-12-31": {
        "Diluted EPS": 0.04,
        "Total Revenue": NaN,
        "Gross Profit": NaN,
        "Operating Income": 280,
        "EBIT": 522,
        "Net Income": 24
    },
    "2016-09-30": {
        "Diluted EPS": 0.93,
        "Total Revenue": NaN,
        "Gross Profit": NaN,
        "Operating Income": 713,
        "EBIT": 932,
        "Net Income": 536
    },
    "2016-06-30": {
        "Diluted EPS": 0.83,
        "Total Revenue": NaN,
        "Gross Profit": 957,
        "Operating Income": 769,
        "EBIT": 986,
        "Net Income": 474
    },
    "2016-03-31": {
        "Diluted EPS": 0.12,
        "Total Revenue": NaN,
        "Gross Profit": 908,
        "Operating Income": 316,
        "EBIT": 528,
        "Net Income": 67
    },
    "2015-12-31": {
        "Diluted EPS": -1.44,
        "Total Revenue": NaN,
        "Gross Profit": 872,
        "Operating Income": NaN,
        "EBIT": 482,
        "Net Income": -781
    },
    "2015-09-30": {
        "Diluted EPS": 0.12,
        "Total Revenue": NaN,
        "Gross Profit": 883,
        "Operating Income": 297,
        "EBIT": 517,
        "Net Income": 66
    },
    "2015-06-30": {
        "Diluted EPS": 0.17,
        "Total Revenue": NaN,
        "Gross Profit": 929,
        "Operating Income": 349,
        "EBIT": 567,
        "Net Income": 97
    },
    "2015-03-31": {
        "Diluted EPS": 0.33,
        "Total Revenue": NaN,
        "Gross Profit": 880,
        "Operating Income": 395,
        "EBIT": 611,
        "Net Income": 170
    },
    "2014-12-31": {
        "Diluted EPS": -0.69,
        "Total Revenue": NaN,
        "Gross Profit": 879,
        "Operating Income": 266,
        "EBIT": 478,
        "Net Income": -342
    },
    "2014-09-30": {
        "Diluted EPS": -0.04,
        "Total Revenue": NaN,
        "Gross Profit": 892,
        "Operating Income": 286,
        "EBIT": 498,
        "Net Income": -20
    },
    "2014-06-30": {
        "Diluted EPS": 0.22,
        "Total Revenue": NaN,
        "Gross Profit": 962,
        "Operating Income": 354,
        "EBIT": 567,
        "Net Income": 110
    },
    "2014-03-31": {
        "Diluted EPS": 0.2,
        "Total Revenue": NaN,
        "Gross Profit": 980,
        "Operating Income": 416,
        "EBIT": 634,
        "Net Income": 103
    },
    "2013-12-31": {
        "Diluted EPS": -0.12,
        "Total Revenue": NaN,
        "Gross Profit": 908,
        "Operating Income": 341,
        "EBIT": 558,
        "Net Income": -63
    },
    "2013-09-30": {
        "Diluted EPS": -0.05,
        "Total Revenue": NaN,
        "Gross Profit": 883,
        "Operating Income": 263,
        "EBIT": 484,
        "Net Income": -22
    },
    "2013-06-30": {
        "Diluted EPS": -0.19,
        "Total Revenue": NaN,
        "Gross Profit": 901,
        "Operating Income": 232,
        "EBIT": 458,
        "Net Income": -93
    },
    "2013-03-31": {
        "Diluted EPS": 0.01,
        "Total Revenue": NaN,
        "Gross Profit": 859,
        "Operating Income": 302,
        "EBIT": 522,
        "Net Income": 7
    },
    "2012-12-31": {
        "Diluted EPS": -2.51,
        "Total Revenue": NaN,
        "Gross Profit": 810,
        "Operating Income": -384,
        "EBIT": -140,
        "Net Income": NaN
    },
    "2012-09-30": {
        "Diluted EPS": -0.37,
        "Total Revenue": NaN,
        "Gross Profit": 792,
        "Operating Income": 137,
        "EBIT": 383,
        "Net Income": -181
    },
    "2012-06-30": {
        "Diluted EPS": -0.3,
        "Total Revenue": NaN,
        "Gross Profit": 848,
        "Operating Income": 175,
        "EBIT": 428,
        "Net Income": -145
    },
    "2012-03-31": {
        "Diluted EPS": -0.44,
        "Total Revenue": NaN,
        "Gross Profit": 789,
        "Operating Income": 193,
        "EBIT": 452,
        "Net Income": -217
    },
    "2011-12-31": {
        "Diluted EPS": -0.17,
        "Total Revenue": NaN,
        "Gross Profit": 792,
        "Operating Income": 91,
        "EBIT": 352,
        "Net Income": -114
    },
    "2011-09-30": {
        "Diluted EPS": -0.25,
        "Total Revenue": NaN,
        "Gross Profit": 791,
        "Operating Income": 113,
        "EBIT": 385,
        "Net Income": -124
    },
    "2011-06-30": {
        "Diluted EPS": 6.22,
        "Total Revenue": NaN,
        "Gross Profit": 675,
        "Operating Income": NaN,
        "EBIT": NaN,
        "Net Income": NaN
    },
    "2011-03-31": {
        "Diluted EPS": -0.18,
        "Total Revenue": NaN,
        "Gross Profit": 565,
        "Operating Income": 170,
        "EBIT": 346,
        "Net Income": -90
    },
    "2010-12-31": {
        "Diluted EPS": -0.25,
        "Total Revenue": NaN,
        "Gross Profit": 539,
        "Operating Income": 107,
        "EBIT": 278,
        "Net Income": -139
    },
    "2010-09-30": {
        "Diluted EPS": -0.72,
        "Total Revenue": NaN,
        "Gross Profit": 601,
        "Operating Income": -206,
        "EBIT": -23,
        "Net Income": -318
    },
    "2010-06-30": {
        "Diluted EPS": -2.0,
        "Total Revenue": NaN,
        "Gross Profit": 583,
        "Operating Income": NaN,
        "EBIT": -860,
        "Net Income": -883
    },
    "2010-03-31": {
        "Diluted EPS": -0.22,
        "Total Revenue": NaN,
        "Gross Profit": 538,
        "Operating Income": -11,
        "EBIT": 167,
        "Net Income": -97
    },
    "2009-12-31": {
        "Diluted EPS": -1.49,
        "Total Revenue": NaN,
        "Gross Profit": 550,
        "Operating Income": -487,
        "EBIT": -305,
        "Net Income": -434
    },
    "2009-09-30": {
        "Diluted EPS": -1.7,
        "Total Revenue": NaN,
        "Gross Profit": 644,
        "Operating Income": -963,
        "EBIT": -775,
        "Net Income": -750
    },
    "2009-06-30": {
        "Diluted EPS": -0.6,
        "Total Revenue": NaN,
        "Gross Profit": 631,
        "Operating Income": 131,
        "EBIT": 316,
        "Net Income": -213
    },
    "2009-03-31": {
        "Diluted EPS": 0.38,
        "Total Revenue": NaN,
        "Gross Profit": 615,
        "Operating Income": 355,
        "EBIT": 540,
        "Net Income": 105
    },
    "2023-09-30": {
        "Tax Effect Of Unusual Items": -676225.0,
        "Tax Rate For Calcs": 0.055,
        "Normalized EBITDA": 549617000.0,
        "Total Unusual Items": -12295000.0,
        "Total Unusual Items Excluding Goodwill": -12295000.0,
        "Net Income From Continuing Operation Net Minority Interest": 161117000.0,
        "Reconciled Depreciation": 201827000.0,
        "Reconciled Cost Of Revenue": 2097496000.0,
        "EBITDA": 537322000.0,
        "EBIT": 335495000.0,
        "Net Interest Income": -111170000.0,
        "Interest Expense": 111170000.0,
        "Normalized Income": 172735775.0,
        "Net Income From Continuing And Discontinued Operation": 161117000.0,
        "Total Expenses": 3613459000.0,
        "Total Operating Income As Reported": 369936000.0,
        "Diluted Average Shares": 351390000.0,
        "Basic Average Shares": 347345000.0,
        "Diluted EPS": 0.46,
        "Basic EPS": 0.46,
        "Diluted NI Availto Com Stockholders": 161083000.0,
        "Net Income Common Stockholders": 161083000.0,
        "Otherunder Preferred Stock Dividend": 34000.0,
        "Net Income": 161117000.0,
        "Minority Interests": -50768000.0,
        "Net Income Including Noncontrolling Interests": 211885000.0,
        "Net Income Continuous Operations": 211885000.0,
        "Tax Provision": 12440000.0,
        "Pretax Income": 224325000.0,
        "Other Income Expense": -24229000.0,
        "Other Non Operating Income Expenses": -34879000.0,
        "Special Income Charges": -12295000.0,
        "Gain On Sale Of Business": -12227000.0,
        "Other Special Charges": 68000.0,
        "Restructuring And Mergern Acquisition": 12227000.0,
        "Earnings From Equity Interest": 22945000.0,
        "Net Non Operating Interest Income Expense": -111170000.0,
        "Interest Expense Non Operating": 111170000.0,
        "Operating Income": 359724000.0,
        "Operating Expense": 1515963000.0,
        "Other Operating Expenses": 121838000.0,
        "Depreciation Amortization Depletion Income Statement": 201827000.0,
        "Depreciation And Amortization In Income Statement": 201827000.0,
        "Research And Development": NaN,
        "Selling General And Administration": 1192298000.0,
        "General And Administrative Expense": 1192298000.0,
        "Other Gand A": 1192298000.0,
        "Gross Profit": 1875687000.0,
        "Cost Of Revenue": 2097496000.0,
        "Total Revenue": 3973183000.0,
        "Operating Revenue": 3973183000.0
    },
    "2023-12-31": {
        "Tax Effect Of Unusual Items": -1634010.0,
        "Tax Rate For Calcs": 0.21,
        "Normalized EBITDA": 640047000.0,
        "Total Unusual Items": -7781000.0,
        "Total Unusual Items Excluding Goodwill": -7781000.0,
        "Net Income From Continuing Operation Net Minority Interest": 313460000.0,
        "Reconciled Depreciation": 205297000.0,
        "Reconciled Cost Of Revenue": 2375375000.0,
        "EBITDA": 632266000.0,
        "EBIT": 426969000.0,
        "Net Interest Income": -106878000.0,
        "Interest Expense": 106878000.0,
        "Normalized Income": 319606990.0,
        "Net Income From Continuing And Discontinued Operation": 313460000.0,
        "Total Expenses": 3955015000.0,
        "Total Operating Income As Reported": 419344000.0,
        "Diluted Average Shares": NaN,
        "Basic Average Shares": NaN,
        "Diluted EPS": NaN,
        "Basic EPS": NaN,
        "Diluted NI Availto Com Stockholders": 314212000.0,
        "Net Income Common Stockholders": 314212000.0,
        "Otherunder Preferred Stock Dividend": -752000.0,
        "Net Income": 313460000.0,
        "Minority Interests": -66152000.0,
        "Net Income Including Noncontrolling Interests": 379612000.0,
        "Net Income Continuous Operations": 379612000.0,
        "Tax Provision": -59521000.0,
        "Pretax Income": 320091000.0,
        "Other Income Expense": 6421000.0,
        "Other Non Operating Income Expenses": 7470000.0,
        "Special Income Charges": -7781000.0,
        "Gain On Sale Of Business": 20552000.0,
        "Other Special Charges": 28333000.0,
        "Restructuring And Mergern Acquisition": 378235000.0,
        "Earnings From Equity Interest": 6732000.0,
        "Net Non Operating Interest Income Expense": -106878000.0,
        "Interest Expense Non Operating": 106878000.0,
        "Operating Income": 420548000.0,
        "Operating Expense": 1579640000.0,
        "Other Operating Expenses": 145914000.0,
        "Depreciation Amortization Depletion Income Statement": 205297000.0,
        "Depreciation And Amortization In Income Statement": 205297000.0,
        "Research And Development": NaN,
        "Selling General And Administration": 1228429000.0,
        "General And Administrative Expense": 1228429000.0,
        "Other Gand A": 1228429000.0,
        "Gross Profit": 2000188000.0,
        "Cost Of Revenue": 2375375000.0,
        "Total Revenue": 4375563000.0,
        "Operating Revenue": 4375563000.0
    },
    "2024-03-31": {
        "Tax Effect Of Unusual Items": -2178558.0,
        "Tax Rate For Calcs": 0.127,
        "Normalized EBITDA": 667152000.0,
        "Total Unusual Items": -17154000.0,
        "Total Unusual Items Excluding Goodwill": -17154000.0,
        "Net Income From Continuing Operation Net Minority Interest": 217476000.0,
        "Reconciled Depreciation": 196562000.0,
        "Reconciled Cost Of Revenue": 2360809000.0,
        "EBITDA": 649998000.0,
        "EBIT": 453436000.0,
        "Net Interest Income": -110037000.0,
        "Interest Expense": 110037000.0,
        "Normalized Income": 232451442.0,
        "Net Income From Continuing And Discontinued Operation": 217476000.0,
        "Total Expenses": 3882814000.0,
        "Total Operating Income As Reported": 458378000.0,
        "Diluted Average Shares": 323757000.0,
        "Basic Average Shares": 320488000.0,
        "Diluted EPS": 0.67,
        "Basic EPS": 0.68,
        "Diluted NI Availto Com Stockholders": 217609000.0,
        "Net Income Common Stockholders": 217609000.0,
        "Otherunder Preferred Stock Dividend": -133000.0,
        "Net Income": 217476000.0,
        "Minority Interests": -82250000.0,
        "Net Income Including Noncontrolling Interests": 299726000.0,
        "Net Income Continuous Operations": 299726000.0,
        "Tax Provision": 43673000.0,
        "Pretax Income": 343399000.0,
        "Other Income Expense": -47220000.0,
        "Other Non Operating Income Expenses": -4806000.0,
        "Special Income Charges": -17154000.0,
        "Gain On Sale Of Business": -17154000.0,
        "Other Special Charges": NaN,
        "Restructuring And Mergern Acquisition": 17154000.0,
        "Earnings From Equity Interest": -25260000.0,
        "Net Non Operating Interest Income Expense": -110037000.0,
        "Interest Expense Non Operating": 110037000.0,
        "Operating Income": 500656000.0,
        "Operating Expense": 1522005000.0,
        "Other Operating Expenses": 129666000.0,
        "Depreciation Amortization Depletion Income Statement": 196562000.0,
        "Depreciation And Amortization In Income Statement": 196562000.0,
        "Research And Development": 1095000.0,
        "Selling General And Administration": 1194682000.0,
        "General And Administrative Expense": 1194682000.0,
        "Other Gand A": 1194682000.0,
        "Gross Profit": 2022661000.0,
        "Cost Of Revenue": 2360809000.0,
        "Total Revenue": 4383470000.0,
        "Operating Revenue": 4383470000.0
    },
    "2024-06-30": {
        "Tax Effect Of Unusual Items": -3639720.0,
        "Tax Rate For Calcs": 0.21,
        "Normalized EBITDA": 593295000.0,
        "Total Unusual Items": -17332000.0,
        "Total Unusual Items Excluding Goodwill": -17332000.0,
        "Net Income From Continuing Operation Net Minority Interest": 187072000.0,
        "Reconciled Depreciation": 191976000.0,
        "Reconciled Cost Of Revenue": 2323181000.0,
        "EBITDA": 575963000.0,
        "EBIT": 383987000.0,
        "Net Interest Income": -112739000.0,
        "Interest Expense": 112739000.0,
        "Normalized Income": 200764280.0,
        "Net Income From Continuing And Discontinued Operation": 187072000.0,
        "Total Expenses": 3850203000.0,
        "Total Operating Income As Reported": 425656000.0,
        "Diluted Average Shares": 314420000.0,
        "Basic Average Shares": 311179000.0,
        "Diluted EPS": 0.6,
        "Basic EPS": 0.6,
        "Diluted NI Availto Com Stockholders": 187170000.0,
        "Net Income Common Stockholders": 187170000.0,
        "Otherunder Preferred Stock Dividend": -98000.0,
        "Net Income": 187072000.0,
        "Minority Interests": -95730000.0,
        "Net Income Including Noncontrolling Interests": 282802000.0,
        "Net Income Continuous Operations": 282802000.0,
        "Tax Provision": -11554000.0,
        "Pretax Income": 271248000.0,
        "Other Income Expense": -93185000.0,
        "Other Non Operating Income Expenses": -43431000.0,
        "Special Income Charges": -17332000.0,
        "Gain On Sale Of Business": NaN,
        "Other Special Charges": 855000.0,
        "Restructuring And Mergern Acquisition": 16477000.0,
        "Earnings From Equity Interest": -32422000.0,
        "Net Non Operating Interest Income Expense": -112739000.0,
        "Interest Expense Non Operating": 112739000.0,
        "Operating Income": 477172000.0,
        "Operating Expense": 1527022000.0,
        "Other Operating Expenses": 124078000.0,
        "Depreciation Amortization Depletion Income Statement": 191976000.0,
        "Depreciation And Amortization In Income Statement": 191976000.0,
        "Research And Development": NaN,
        "Selling General And Administration": 1210968000.0,
        "General And Administrative Expense": 1210968000.0,
        "Other Gand A": 1210968000.0,
        "Gross Profit": 2004194000.0,
        "Cost Of Revenue": 2323181000.0,
        "Total Revenue": 4327375000.0,
        "Operating Revenue": 4327375000.0
    },
    "2024-09-30": {
        "Tax Effect Of Unusual Items": -4604124.0,
        "Tax Rate For Calcs": 0.177,
        "Normalized EBITDA": 667949000.0,
        "Total Unusual Items": -26012000.0,
        "Total Unusual Items Excluding Goodwill": -26012000.0,
        "Net Income From Continuing Operation Net Minority Interest": 184578000.0,
        "Reconciled Depreciation": 233330000.0,
        "Reconciled Cost Of Revenue": 2315159000.0,
        "EBITDA": 641937000.0,
        "EBIT": 408607000.0,
        "Net Interest Income": -111873000.0,
        "Interest Expense": 111873000.0,
        "Normalized Income": 205985876.0,
        "Net Income From Continuing And Discontinued Operation": 184578000.0,
        "Total Expenses": 3850258000.0,
        "Total Operating Income As Reported": 314857000.0,
        "Diluted Average Shares": 303479000.0,
        "Basic Average Shares": 300499000.0,
        "Diluted EPS": 0.61,
        "Basic EPS": 0.61,
        "Diluted NI Availto Com Stockholders": 184362000.0,
        "Net Income Common Stockholders": 184362000.0,
        "Otherunder Preferred Stock Dividend": 216000.0,
        "Net Income": 184578000.0,
        "Minority Interests": -59586000.0,
        "Net Income Including Noncontrolling Interests": 244164000.0,
        "Net Income Continuous Operations": 244164000.0,
        "Tax Provision": 52570000.0,
        "Pretax Income": 296734000.0,
        "Other Income Expense": 75727000.0,
        "Other Non Operating Income Expenses": 93333000.0,
        "Special Income Charges": -26012000.0,
        "Gain On Sale Of Business": NaN,
        "Other Special Charges": 519000.0,
        "Restructuring And Mergern Acquisition": 25493000.0,
        "Earnings From Equity Interest": 8406000.0,
        "Net Non Operating Interest Income Expense": -111873000.0,
        "Interest Expense Non Operating": 111873000.0,
        "Operating Income": 332880000.0,
        "Operating Expense": 1535099000.0,
        "Other Operating Expenses": 125043000.0,
        "Depreciation Amortization Depletion Income Statement": 233330000.0,
        "Depreciation And Amortization In Income Statement": 233330000.0,
        "Research And Development": NaN,
        "Selling General And Administration": 1176726000.0,
        "General And Administrative Expense": 1176726000.0,
        "Other Gand A": 1176726000.0,
        "Gross Profit": 1867979000.0,
        "Cost Of Revenue": 2315159000.0,
        "Total Revenue": 4183138000.0,
        "Operating Revenue": 4183138000.0
    }
}