{
    "2023-03-31": {
        "Tax Effect Of Unusual Items": 0.0,
        "Tax Rate For Calcs": 0.0,
        "Normalized EBITDA": 4297000.0,
        "Total Unusual Items": -18003000.0,
        "Total Unusual Items Excluding Goodwill": -18003000.0,
        "Net Income From Continuing Operation Net Minority Interest": -29170000.0,
        "Reconciled Depreciation": 421000.0,
        "EBIT": -14127000.0,
        "Net Interest Income": 2960000.0,
        "Interest Income": 2960000.0,
        "Normalized Income": -11167000.0,
        "Net Income From Continuing And Discontinued Operation": -29170000.0,
        "Total Expenses": 14127000.0,
        "Total Operating Income As Reported": -32130000.0,
        "Diluted Average Shares": 60645652.0,
        "Basic Average Shares": 60645652.0,
        "Diluted EPS": -0.48,
        "Basic EPS": -0.48,
        "Diluted NI Availto Com Stockholders": -29170000.0,
        "Net Income Common Stockholders": -29170000.0,
        "Net Income": -29170000.0,
        "Net Income Including Noncontrolling Interests": -29170000.0,
        "Net Income Continuous Operations": -29170000.0,
        "Pretax Income": -29170000.0,
        "Other Income Expense": -18003000.0,
        "Special Income Charges": -18003000.0,
        "Restructuring And Mergern Acquisition": 18003000.0,
        "Net Non Operating Interest Income Expense": 2960000.0,
        "Interest Income Non Operating": 2960000.0,
        "Operating Income": -14127000.0,
        "Operating Expense": 14127000.0,
        "Research And Development": 7995000.0,
        "Selling General And Administration": 6132000.0,
        "General And Administrative Expense": 6132000.0,
        "Other Gand A": 4324000.0,
        "Salaries And Wages": 1808000.0,
        "Total Revenue": 0.0,
        "Operating Revenue": 0.0
    },
    "2022-12-31": {
        "Tax Effect Of Unusual Items": 0.0,
        "Tax Rate For Calcs": 0.0,
        "Normalized EBITDA": -21266000.0,
        "Total Unusual Items": NaN,
        "Total Unusual Items Excluding Goodwill": NaN,
        "Net Income From Continuing Operation Net Minority Interest": -20178000.0,
        "Reconciled Depreciation": 466000.0,
        "EBIT": -21732000.0,
        "Net Interest Income": 1554000.0,
        "Interest Income": NaN,
        "Normalized Income": -20178000.0,
        "Net Income From Continuing And Discontinued Operation": -20178000.0,
        "Total Expenses": 21732000.0,
        "Total Operating Income As Reported": -21732000.0,
        "Diluted Average Shares": NaN,
        "Basic Average Shares": NaN,
        "Diluted EPS": NaN,
        "Basic EPS": NaN,
        "Diluted NI Availto Com Stockholders": -20178000.0,
        "Net Income Common Stockholders": -20178000.0,
        "Net Income": -20178000.0,
        "Net Income Including Noncontrolling Interests": -20178000.0,
        "Net Income Continuous Operations": -20178000.0,
        "Pretax Income": -20178000.0,
        "Other Income Expense": NaN,
        "Special Income Charges": NaN,
        "Restructuring And Mergern Acquisition": NaN,
        "Net Non Operating Interest Income Expense": 1554000.0,
        "Interest Income Non Operating": NaN,
        "Operating Income": -21732000.0,
        "Operating Expense": 21732000.0,
        "Research And Development": 15790000.0,
        "Selling General And Administration": 5942000.0,
        "General And Administrative Expense": 5942000.0,
        "Other Gand A": 2979000.0,
        "Salaries And Wages": 2963000.0,
        "Total Revenue": 0.0,
        "Operating Revenue": 0.0
    },
    "2022-09-30": {
        "Tax Effect Of Unusual Items": 0.0,
        "Tax Rate For Calcs": 0.0,
        "Normalized EBITDA": -16782000.0,
        "Total Unusual Items": NaN,
        "Total Unusual Items Excluding Goodwill": NaN,
        "Net Income From Continuing Operation Net Minority Interest": -16063000.0,
        "Reconciled Depreciation": 471000.0,
        "EBIT": -17253000.0,
        "Net Interest Income": 1190000.0,
        "Interest Income": 1190000.0,
        "Normalized Income": -16063000.0,
        "Net Income From Continuing And Discontinued Operation": -16063000.0,
        "Total Expenses": 17253000.0,
        "Total Operating Income As Reported": -17253000.0,
        "Diluted Average Shares": 59269965.0,
        "Basic Average Shares": 59269965.0,
        "Diluted EPS": -0.27,
        "Basic EPS": -0.27,
        "Diluted NI Availto Com Stockholders": -16063000.0,
        "Net Income Common Stockholders": -16063000.0,
        "Net Income": -16063000.0,
        "Net Income Including Noncontrolling Interests": -16063000.0,
        "Net Income Continuous Operations": -16063000.0,
        "Pretax Income": -16063000.0,
        "Other Income Expense": NaN,
        "Special Income Charges": NaN,
        "Restructuring And Mergern Acquisition": NaN,
        "Net Non Operating Interest Income Expense": 1190000.0,
        "Interest Income Non Operating": 1190000.0,
        "Operating Income": -17253000.0,
        "Operating Expense": 17253000.0,
        "Research And Development": 11201000.0,
        "Selling General And Administration": 6052000.0,
        "General And Administrative Expense": 6052000.0,
        "Other Gand A": 2902000.0,
        "Salaries And Wages": 3150000.0,
        "Total Revenue": 0.0,
        "Operating Revenue": 0.0
    },
    "2022-06-30": {
        "Tax Effect Of Unusual Items": 0.0,
        "Tax Rate For Calcs": 0.0,
        "Normalized EBITDA": -18083000.0,
        "Total Unusual Items": NaN,
        "Total Unusual Items Excluding Goodwill": NaN,
        "Net Income From Continuing Operation Net Minority Interest": -17271000.0,
        "Reconciled Depreciation": -222000.0,
        "EBIT": -18083000.0,
        "Net Interest Income": 812000.0,
        "Interest Income": 812000.0,
        "Normalized Income": -17271000.0,
        "Net Income From Continuing And Discontinued Operation": -17271000.0,
        "Total Expenses": 18083000.0,
        "Total Operating Income As Reported": -18083000.0,
        "Diluted Average Shares": 58815543.0,
        "Basic Average Shares": 58815543.0,
        "Diluted EPS": -0.29,
        "Basic EPS": -0.29,
        "Diluted NI Availto Com Stockholders": -17271000.0,
        "Net Income Common Stockholders": -17271000.0,
        "Net Income": -17271000.0,
        "Net Income Including Noncontrolling Interests": -17271000.0,
        "Net Income Continuous Operations": -17271000.0,
        "Pretax Income": -17271000.0,
        "Other Income Expense": NaN,
        "Special Income Charges": NaN,
        "Restructuring And Mergern Acquisition": NaN,
        "Net Non Operating Interest Income Expense": 812000.0,
        "Interest Income Non Operating": 812000.0,
        "Operating Income": -18083000.0,
        "Operating Expense": 18083000.0,
        "Research And Development": 11603000.0,
        "Selling General And Administration": 6480000.0,
        "General And Administrative Expense": 6480000.0,
        "Other Gand A": 2880000.0,
        "Salaries And Wages": 3600000.0,
        "Total Revenue": 0.0,
        "Operating Revenue": 0.0
    },
    "2022-03-31": {
        "Diluted EPS": -0.39,
        "Total Revenue": NaN,
        "Gross Profit": NaN,
        "Operating Income": -24,
        "EBIT": -23,
        "Net Income": -23
    },
    "2021-12-31": {
        "Diluted EPS": -0.31,
        "Total Revenue": NaN,
        "Gross Profit": NaN,
        "Operating Income": -20,
        "EBIT": -20,
        "Net Income": -19
    },
    "2021-09-30": {
        "Diluted EPS": -0.3,
        "Total Revenue": NaN,
        "Gross Profit": NaN,
        "Operating Income": -18,
        "EBIT": -18,
        "Net Income": -17
    },
    "2021-06-30": {
        "Diluted EPS": -0.32,
        "Total Revenue": NaN,
        "Gross Profit": NaN,
        "Operating Income": -18,
        "EBIT": -17,
        "Net Income": -17
    },
    "2021-03-31": {
        "Diluted EPS": -0.36,
        "Total Revenue": NaN,
        "Gross Profit": NaN,
        "Operating Income": -19,
        "EBIT": -18,
        "Net Income": -17
    },
    "2020-12-31": {
        "Diluted EPS": -0.35,
        "Total Revenue": NaN,
        "Gross Profit": NaN,
        "Operating Income": -19,
        "EBIT": -19,
        "Net Income": -18
    },
    "2020-09-30": {
        "Diluted EPS": -0.37,
        "Total Revenue": NaN,
        "Gross Profit": NaN,
        "Operating Income": -18,
        "EBIT": -18,
        "Net Income": -18
    },
    "2020-06-30": {
        "Diluted EPS": -0.48,
        "Total Revenue": NaN,
        "Gross Profit": NaN,
        "Operating Income": -20,
        "EBIT": -20,
        "Net Income": -19
    },
    "2020-03-31": {
        "Diluted EPS": -0.51,
        "Total Revenue": NaN,
        "Gross Profit": NaN,
        "Operating Income": -21,
        "EBIT": -21,
        "Net Income": -20
    },
    "2019-12-31": {
        "Diluted EPS": -0.61,
        "Total Revenue": NaN,
        "Gross Profit": NaN,
        "Operating Income": -25,
        "EBIT": -24,
        "Net Income": -23
    },
    "2019-09-30": {
        "Diluted EPS": -0.54,
        "Total Revenue": NaN,
        "Gross Profit": NaN,
        "Operating Income": -23,
        "EBIT": -22,
        "Net Income": -21
    },
    "2019-06-30": {
        "Diluted EPS": -0.48,
        "Total Revenue": NaN,
        "Gross Profit": NaN,
        "Operating Income": -19,
        "EBIT": -19,
        "Net Income": -18
    },
    "2019-03-31": {
        "Diluted EPS": -0.44,
        "Total Revenue": NaN,
        "Gross Profit": NaN,
        "Operating Income": -16,
        "EBIT": -16,
        "Net Income": -15
    },
    "2018-12-31": {
        "Diluted EPS": 5.02,
        "Total Revenue": NaN,
        "Gross Profit": NaN,
        "Operating Income": -18,
        "EBIT": -18,
        "Net Income": -17
    },
    "2018-09-30": {
        "Diluted EPS": -0.49,
        "Total Revenue": NaN,
        "Gross Profit": NaN,
        "Operating Income": -17,
        "EBIT": -16,
        "Net Income": -16
    },
    "2018-06-30": {
        "Diluted EPS": -3.13,
        "Total Revenue": NaN,
        "Gross Profit": NaN,
        "Operating Income": -14,
        "EBIT": -14,
        "Net Income": -14
    },
    "2018-03-31": {
        "Diluted EPS": -4.53,
        "Total Revenue": NaN,
        "Gross Profit": NaN,
        "Operating Income": -11,
        "EBIT": -11,
        "Net Income": -11
    },
    "2017-12-31": {
        "Diluted EPS": 0.0,
        "Total Revenue": NaN,
        "Gross Profit": NaN,
        "Operating Income": NaN,
        "EBIT": NaN,
        "Net Income": NaN
    },
    "2017-09-30": {
        "Diluted EPS": -3.44,
        "Total Revenue": NaN,
        "Gross Profit": NaN,
        "Operating Income": -7,
        "EBIT": -7,
        "Net Income": -7
    },
    "2017-06-30": {
        "Diluted EPS": -8.9,
        "Total Revenue": NaN,
        "Gross Profit": NaN,
        "Operating Income": -16,
        "EBIT": -16,
        "Net Income": -15
    },
    "2016-12-31": {
        "Diluted EPS": 0.0,
        "Total Revenue": NaN,
        "Gross Profit": NaN,
        "Operating Income": NaN,
        "EBIT": NaN,
        "Net Income": NaN
    },
    "2023-06-30": {
        "Tax Effect Of Unusual Items": 0.0,
        "Tax Rate For Calcs": 0.0,
        "Normalized EBITDA": -3539000.0,
        "Total Unusual Items": -1918000.0,
        "Total Unusual Items Excluding Goodwill": -1918000.0,
        "Net Income From Continuing Operation Net Minority Interest": -3284000.0,
        "Reconciled Depreciation": 0.0,
        "EBIT": -5457000.0,
        "Net Interest Income": 4091000.0,
        "Interest Income": 4091000.0,
        "Normalized Income": -1366000.0,
        "Net Income From Continuing And Discontinued Operation": -3284000.0,
        "Total Expenses": 5457000.0,
        "Total Operating Income As Reported": -7375000.0,
        "Diluted Average Shares": 60650473.0,
        "Basic Average Shares": 60650473.0,
        "Diluted EPS": -0.05,
        "Basic EPS": -0.05,
        "Diluted NI Availto Com Stockholders": -3284000.0,
        "Net Income Common Stockholders": -3284000.0,
        "Net Income": -3284000.0,
        "Net Income Including Noncontrolling Interests": -3284000.0,
        "Net Income Continuous Operations": -3284000.0,
        "Pretax Income": -3284000.0,
        "Other Income Expense": -1918000.0,
        "Special Income Charges": -1918000.0,
        "Restructuring And Mergern Acquisition": 1918000.0,
        "Net Non Operating Interest Income Expense": 4091000.0,
        "Interest Income Non Operating": 4091000.0,
        "Operating Income": -5457000.0,
        "Operating Expense": 5457000.0,
        "Research And Development": 139000.0,
        "Selling General And Administration": 5318000.0,
        "General And Administrative Expense": 5318000.0,
        "Other Gand A": 4310000.0,
        "Salaries And Wages": 1008000.0,
        "Total Revenue": 0.0,
        "Operating Revenue": 0.0
    }
}