{
    "2023-03-31": {
        "Tax Effect Of Unusual Items": NaN,
        "Tax Rate For Calcs": NaN,
        "Normalized EBITDA": NaN,
        "Total Unusual Items": NaN,
        "Total Unusual Items Excluding Goodwill": NaN,
        "Net Income From Continuing Operation Net Minority Interest": NaN,
        "Reconciled Depreciation": NaN,
        "EBITDA": NaN,
        "EBIT": NaN,
        "Net Interest Income": NaN,
        "Interest Expense": NaN,
        "Interest Income": NaN,
        "Normalized Income": NaN,
        "Net Income From Continuing And Discontinued Operation": NaN,
        "Total Expenses": NaN,
        "Total Operating Income As Reported": NaN,
        "Diluted Average Shares": 48638151.0,
        "Basic Average Shares": 48638151.0,
        "Diluted EPS": -0.62,
        "Basic EPS": -0.62,
        "Diluted NI Availto Com Stockholders": NaN,
        "Net Income Common Stockholders": NaN,
        "Net Income": NaN,
        "Net Income Including Noncontrolling Interests": NaN,
        "Net Income Continuous Operations": NaN,
        "Pretax Income": NaN,
        "Other Income Expense": NaN,
        "Other Non Operating Income Expenses": 54000.0,
        "Special Income Charges": 0.0,
        "Gain On Sale Of Ppe": 0.0,
        "Gain On Sale Of Security": NaN,
        "Net Non Operating Interest Income Expense": NaN,
        "Interest Expense Non Operating": NaN,
        "Interest Income Non Operating": NaN,
        "Operating Income": NaN,
        "Operating Expense": NaN,
        "Research And Development": NaN,
        "Selling General And Administration": NaN,
        "General And Administrative Expense": NaN,
        "Other Gand A": NaN,
        "Total Revenue": NaN,
        "Operating Revenue": NaN
    },
    "2022-12-31": {
        "Tax Effect Of Unusual Items": NaN,
        "Tax Rate For Calcs": NaN,
        "Normalized EBITDA": NaN,
        "Total Unusual Items": NaN,
        "Total Unusual Items Excluding Goodwill": NaN,
        "Net Income From Continuing Operation Net Minority Interest": NaN,
        "Reconciled Depreciation": NaN,
        "EBITDA": NaN,
        "EBIT": NaN,
        "Net Interest Income": NaN,
        "Interest Expense": NaN,
        "Interest Income": NaN,
        "Normalized Income": NaN,
        "Net Income From Continuing And Discontinued Operation": NaN,
        "Total Expenses": NaN,
        "Total Operating Income As Reported": NaN,
        "Diluted Average Shares": NaN,
        "Basic Average Shares": NaN,
        "Diluted EPS": NaN,
        "Basic EPS": NaN,
        "Diluted NI Availto Com Stockholders": NaN,
        "Net Income Common Stockholders": NaN,
        "Net Income": NaN,
        "Net Income Including Noncontrolling Interests": NaN,
        "Net Income Continuous Operations": NaN,
        "Pretax Income": NaN,
        "Other Income Expense": NaN,
        "Other Non Operating Income Expenses": -254000.0,
        "Special Income Charges": NaN,
        "Gain On Sale Of Ppe": NaN,
        "Gain On Sale Of Security": NaN,
        "Net Non Operating Interest Income Expense": NaN,
        "Interest Expense Non Operating": NaN,
        "Interest Income Non Operating": NaN,
        "Operating Income": NaN,
        "Operating Expense": NaN,
        "Research And Development": NaN,
        "Selling General And Administration": NaN,
        "General And Administrative Expense": NaN,
        "Other Gand A": NaN,
        "Total Revenue": NaN,
        "Operating Revenue": NaN
    },
    "2022-09-30": {
        "Tax Effect Of Unusual Items": NaN,
        "Tax Rate For Calcs": NaN,
        "Normalized EBITDA": NaN,
        "Total Unusual Items": NaN,
        "Total Unusual Items Excluding Goodwill": NaN,
        "Net Income From Continuing Operation Net Minority Interest": NaN,
        "Reconciled Depreciation": NaN,
        "EBITDA": NaN,
        "EBIT": NaN,
        "Net Interest Income": NaN,
        "Interest Expense": NaN,
        "Interest Income": NaN,
        "Normalized Income": NaN,
        "Net Income From Continuing And Discontinued Operation": NaN,
        "Total Expenses": NaN,
        "Total Operating Income As Reported": NaN,
        "Diluted Average Shares": 44687635.0,
        "Basic Average Shares": 44687635.0,
        "Diluted EPS": -0.83,
        "Basic EPS": -0.83,
        "Diluted NI Availto Com Stockholders": NaN,
        "Net Income Common Stockholders": NaN,
        "Net Income": NaN,
        "Net Income Including Noncontrolling Interests": NaN,
        "Net Income Continuous Operations": NaN,
        "Pretax Income": NaN,
        "Other Income Expense": NaN,
        "Other Non Operating Income Expenses": -34000.0,
        "Special Income Charges": -34000.0,
        "Gain On Sale Of Ppe": NaN,
        "Restructuring And Mergern Acquisition": 34000.0,
        "Gain On Sale Of Security": NaN,
        "Net Non Operating Interest Income Expense": NaN,
        "Interest Expense Non Operating": NaN,
        "Interest Income Non Operating": NaN,
        "Operating Income": NaN,
        "Operating Expense": NaN,
        "Research And Development": NaN,
        "Selling General And Administration": NaN,
        "General And Administrative Expense": NaN,
        "Other Gand A": NaN,
        "Total Revenue": NaN,
        "Operating Revenue": NaN
    },
    "2022-06-30": {
        "Tax Effect Of Unusual Items": 0.0,
        "Tax Rate For Calcs": 0.0,
        "Normalized EBITDA": -21632000.0,
        "Total Unusual Items": -10174000.0,
        "Total Unusual Items Excluding Goodwill": -10174000.0,
        "Net Income From Continuing Operation Net Minority Interest": -33973000.0,
        "Reconciled Depreciation": 2085000.0,
        "EBITDA": -31806000.0,
        "EBIT": -33891000.0,
        "Net Interest Income": -41000.0,
        "Interest Expense": 82000.0,
        "Interest Income": 41000.0,
        "Normalized Income": -23799000.0,
        "Net Income From Continuing And Discontinued Operation": -33973000.0,
        "Total Expenses": 34517000.0,
        "Total Operating Income As Reported": -23758000.0,
        "Diluted Average Shares": 44668240.0,
        "Basic Average Shares": 44668240.0,
        "Diluted EPS": -0.76,
        "Basic EPS": -0.76,
        "Diluted NI Availto Com Stockholders": -33973000.0,
        "Net Income Common Stockholders": -33973000.0,
        "Net Income": -33973000.0,
        "Net Income Including Noncontrolling Interests": -33973000.0,
        "Net Income Continuous Operations": -33973000.0,
        "Pretax Income": -33973000.0,
        "Other Income Expense": -10174000.0,
        "Other Non Operating Income Expenses": 252000.0,
        "Special Income Charges": 252000.0,
        "Restructuring And Mergern Acquisition": -252000.0,
        "Gain On Sale Of Security": -10426000.0,
        "Net Non Operating Interest Income Expense": -41000.0,
        "Interest Expense Non Operating": 82000.0,
        "Interest Income Non Operating": 41000.0,
        "Operating Income": -23758000.0,
        "Operating Expense": 34517000.0,
        "Research And Development": 23999000.0,
        "Selling General And Administration": 10518000.0,
        "General And Administrative Expense": 10518000.0,
        "Other Gand A": 10518000.0,
        "Total Revenue": 10759000.0,
        "Operating Revenue": 10759000.0
    },
    "2022-03-31": {
        "Diluted EPS": -0.7,
        "Total Revenue": 6,
        "Gross Profit": 6,
        "Operating Income": -29,
        "EBIT": -27,
        "Net Income": -31
    },
    "2021-12-31": {
        "Diluted EPS": -0.21,
        "Total Revenue": 21,
        "Gross Profit": 21,
        "Operating Income": -8,
        "EBIT": -6,
        "Net Income": -10
    },
    "2021-09-30": {
        "Diluted EPS": -0.59,
        "Total Revenue": 7,
        "Gross Profit": 7,
        "Operating Income": -23,
        "EBIT": -20,
        "Net Income": -26
    },
    "2021-06-30": {
        "Diluted EPS": -0.46,
        "Total Revenue": 5,
        "Gross Profit": 5,
        "Operating Income": -20,
        "EBIT": -18,
        "Net Income": -20
    },
    "2021-03-31": {
        "Diluted EPS": -0.54,
        "Total Revenue": 5,
        "Gross Profit": 5,
        "Operating Income": -22,
        "EBIT": -20,
        "Net Income": -24
    },
    "2020-12-31": {
        "Diluted EPS": -0.25,
        "Total Revenue": 4,
        "Gross Profit": 4,
        "Operating Income": -13,
        "EBIT": -12,
        "Net Income": -10
    },
    "2020-09-30": {
        "Diluted EPS": -0.17,
        "Total Revenue": 5,
        "Gross Profit": 5,
        "Operating Income": -8,
        "EBIT": -7,
        "Net Income": -6
    },
    "2020-06-30": {
        "Diluted EPS": -0.69,
        "Total Revenue": 2,
        "Gross Profit": 2,
        "Operating Income": -25,
        "EBIT": -24,
        "Net Income": -25
    },
    "2020-03-31": {
        "Diluted EPS": -0.43,
        "Total Revenue": 4,
        "Gross Profit": 4,
        "Operating Income": -16,
        "EBIT": -15,
        "Net Income": -16
    },
    "2019-12-31": {
        "Diluted EPS": -0.1,
        "Total Revenue": 7,
        "Gross Profit": 7,
        "Operating Income": -5,
        "EBIT": -5,
        "Net Income": -5
    },
    "2019-09-30": {
        "Diluted EPS": -0.3,
        "Total Revenue": 4,
        "Gross Profit": 4,
        "Operating Income": -11,
        "EBIT": -10,
        "Net Income": -10
    },
    "2019-06-30": {
        "Diluted EPS": -0.63,
        "Total Revenue": 2,
        "Gross Profit": 2,
        "Operating Income": -21,
        "EBIT": -21,
        "Net Income": -21
    },
    "2019-03-31": {
        "Diluted EPS": -0.62,
        "Total Revenue": 1,
        "Gross Profit": 1,
        "Operating Income": -21,
        "EBIT": -20,
        "Net Income": -18
    },
    "2018-12-31": {
        "Diluted EPS": 0.32,
        "Total Revenue": NaN,
        "Gross Profit": NaN,
        "Operating Income": -20,
        "EBIT": -20,
        "Net Income": -21
    },
    "2018-09-30": {
        "Diluted EPS": -0.59,
        "Total Revenue": NaN,
        "Gross Profit": NaN,
        "Operating Income": -15,
        "EBIT": -14,
        "Net Income": -15
    },
    "2018-06-30": {
        "Diluted EPS": -2.29,
        "Total Revenue": NaN,
        "Gross Profit": NaN,
        "Operating Income": -25,
        "EBIT": -25,
        "Net Income": -31
    },
    "2018-03-31": {
        "Diluted EPS": -1.91,
        "Total Revenue": NaN,
        "Gross Profit": NaN,
        "Operating Income": -18,
        "EBIT": -18,
        "Net Income": -17
    },
    "2017-12-31": {
        "Diluted EPS": -1.06,
        "Total Revenue": NaN,
        "Gross Profit": NaN,
        "Operating Income": -8,
        "EBIT": -8,
        "Net Income": -9
    },
    "2017-09-30": {
        "Diluted EPS": -1.0,
        "Total Revenue": NaN,
        "Gross Profit": NaN,
        "Operating Income": -9,
        "EBIT": -9,
        "Net Income": -9
    },
    "2017-06-30": {
        "Diluted EPS": -0.85,
        "Total Revenue": NaN,
        "Gross Profit": NaN,
        "Operating Income": -8,
        "EBIT": -7,
        "Net Income": -7
    },
    "2017-03-31": {
        "Diluted EPS": -0.81,
        "Total Revenue": NaN,
        "Gross Profit": NaN,
        "Operating Income": -7,
        "EBIT": -7,
        "Net Income": -7
    },
    "2016-12-31": {
        "Diluted EPS": 0.0,
        "Total Revenue": NaN,
        "Gross Profit": NaN,
        "Operating Income": NaN,
        "EBIT": NaN,
        "Net Income": NaN
    },
    "2023-06-30": {
        "Tax Effect Of Unusual Items": 0.0,
        "Tax Rate For Calcs": 0.0,
        "Normalized EBITDA": -24884000.0,
        "Total Unusual Items": 1905000.0,
        "Total Unusual Items Excluding Goodwill": 1905000.0,
        "Net Income From Continuing Operation Net Minority Interest": -29581000.0,
        "Reconciled Depreciation": 3247000.0,
        "EBITDA": -22979000.0,
        "EBIT": -26226000.0,
        "Net Interest Income": -2700000.0,
        "Interest Expense": 3355000.0,
        "Interest Income": 655000.0,
        "Normalized Income": -31486000.0,
        "Net Income From Continuing And Discontinued Operation": -29581000.0,
        "Total Expenses": 32325000.0,
        "Total Operating Income As Reported": -28785000.0,
        "Diluted Average Shares": 55349534.0,
        "Basic Average Shares": 55349534.0,
        "Diluted EPS": -0.53,
        "Basic EPS": -0.53,
        "Diluted NI Availto Com Stockholders": -29581000.0,
        "Net Income Common Stockholders": -29581000.0,
        "Net Income": -29581000.0,
        "Net Income Including Noncontrolling Interests": -29581000.0,
        "Net Income Continuous Operations": -29581000.0,
        "Pretax Income": -29581000.0,
        "Other Income Expense": 1904000.0,
        "Other Non Operating Income Expenses": -1000.0,
        "Special Income Charges": 0.0,
        "Gain On Sale Of Ppe": 0.0,
        "Gain On Sale Of Security": 1905000.0,
        "Net Non Operating Interest Income Expense": -2700000.0,
        "Interest Expense Non Operating": 3355000.0,
        "Interest Income Non Operating": 655000.0,
        "Operating Income": -28785000.0,
        "Operating Expense": 32325000.0,
        "Research And Development": 19937000.0,
        "Selling General And Administration": 12388000.0,
        "General And Administrative Expense": 12388000.0,
        "Other Gand A": 12388000.0,
        "Total Revenue": 3540000.0,
        "Operating Revenue": 3540000.0
    },
    "2023-09-30": {
        "Tax Effect Of Unusual Items": 0.0,
        "Tax Rate For Calcs": 0.0,
        "Normalized EBITDA": -28760000.0,
        "Total Unusual Items": -8677000.0,
        "Total Unusual Items Excluding Goodwill": -8677000.0,
        "Net Income From Continuing Operation Net Minority Interest": -44297000.0,
        "Reconciled Depreciation": 3479000.0,
        "EBITDA": -37437000.0,
        "EBIT": -40916000.0,
        "Net Interest Income": -2858000.0,
        "Interest Expense": 3381000.0,
        "Interest Income": 523000.0,
        "Normalized Income": -35620000.0,
        "Net Income From Continuing And Discontinued Operation": -44297000.0,
        "Total Expenses": 37865000.0,
        "Total Operating Income As Reported": -32762000.0,
        "Diluted Average Shares": 59526642.0,
        "Basic Average Shares": 59526642.0,
        "Diluted EPS": -0.74,
        "Basic EPS": -0.74,
        "Diluted NI Availto Com Stockholders": -44297000.0,
        "Net Income Common Stockholders": -44297000.0,
        "Net Income": -44297000.0,
        "Net Income Including Noncontrolling Interests": -44297000.0,
        "Net Income Continuous Operations": -44297000.0,
        "Pretax Income": -44297000.0,
        "Other Income Expense": -8677000.0,
        "Other Non Operating Income Expenses": NaN,
        "Special Income Charges": NaN,
        "Gain On Sale Of Ppe": NaN,
        "Gain On Sale Of Security": -8677000.0,
        "Net Non Operating Interest Income Expense": -2858000.0,
        "Interest Expense Non Operating": 3381000.0,
        "Interest Income Non Operating": 523000.0,
        "Operating Income": -32762000.0,
        "Operating Expense": 37865000.0,
        "Research And Development": 27856000.0,
        "Selling General And Administration": 10009000.0,
        "General And Administrative Expense": 10009000.0,
        "Other Gand A": 10009000.0,
        "Total Revenue": 5103000.0,
        "Operating Revenue": 5103000.0
    },
    "2023-12-31": {
        "Tax Effect Of Unusual Items": 12715180.0,
        "Tax Rate For Calcs": 0.19,
        "Normalized EBITDA": -39352000.0,
        "Total Unusual Items": 66922000.0,
        "Total Unusual Items Excluding Goodwill": 66922000.0,
        "Net Income From Continuing Operation Net Minority Interest": 20215000.0,
        "Reconciled Depreciation": 3906000.0,
        "EBITDA": 27570000.0,
        "EBIT": 23664000.0,
        "Net Interest Income": -2900000.0,
        "Interest Expense": 3449000.0,
        "Interest Income": 549000.0,
        "Normalized Income": -33991820.0,
        "Net Income From Continuing And Discontinued Operation": 20215000.0,
        "Total Expenses": 45794000.0,
        "Total Operating Income As Reported": -43754000.0,
        "Diluted Average Shares": NaN,
        "Basic Average Shares": NaN,
        "Diluted EPS": NaN,
        "Basic EPS": NaN,
        "Diluted NI Availto Com Stockholders": 20215000.0,
        "Net Income Common Stockholders": 20215000.0,
        "Net Income": 20215000.0,
        "Net Income Including Noncontrolling Interests": 20215000.0,
        "Net Income Continuous Operations": 20215000.0,
        "Pretax Income": 20215000.0,
        "Other Income Expense": 66869000.0,
        "Other Non Operating Income Expenses": 446000.0,
        "Special Income Charges": NaN,
        "Gain On Sale Of Ppe": NaN,
        "Gain On Sale Of Security": 12714000.0,
        "Net Non Operating Interest Income Expense": -2900000.0,
        "Interest Expense Non Operating": 3449000.0,
        "Interest Income Non Operating": 549000.0,
        "Operating Income": -43754000.0,
        "Operating Expense": 45794000.0,
        "Research And Development": 33670000.0,
        "Selling General And Administration": 12124000.0,
        "General And Administrative Expense": 12124000.0,
        "Other Gand A": 12124000.0,
        "Total Revenue": 2040000.0,
        "Operating Revenue": 2040000.0
    },
    "2024-03-31": {
        "Tax Effect Of Unusual Items": 0.0,
        "Tax Rate For Calcs": 0.0,
        "Normalized EBITDA": -42400000.0,
        "Total Unusual Items": 28483000.0,
        "Total Unusual Items Excluding Goodwill": 28483000.0,
        "Net Income From Continuing Operation Net Minority Interest": -20442000.0,
        "Reconciled Depreciation": 3275000.0,
        "EBITDA": -13917000.0,
        "EBIT": -17192000.0,
        "Net Interest Income": -2153000.0,
        "Interest Expense": 3250000.0,
        "Interest Income": 1097000.0,
        "Normalized Income": -48925000.0,
        "Net Income From Continuing And Discontinued Operation": -20442000.0,
        "Total Expenses": 47469000.0,
        "Total Operating Income As Reported": -46772000.0,
        "Diluted Average Shares": 64065895.0,
        "Basic Average Shares": 64065895.0,
        "Diluted EPS": -0.32,
        "Basic EPS": -0.32,
        "Diluted NI Availto Com Stockholders": -20442000.0,
        "Net Income Common Stockholders": -20442000.0,
        "Net Income": -20442000.0,
        "Net Income Including Noncontrolling Interests": -20442000.0,
        "Net Income Continuous Operations": -20442000.0,
        "Pretax Income": -20442000.0,
        "Other Income Expense": 28483000.0,
        "Other Non Operating Income Expenses": NaN,
        "Special Income Charges": 29018000.0,
        "Gain On Sale Of Ppe": 29018000.0,
        "Gain On Sale Of Security": -535000.0,
        "Net Non Operating Interest Income Expense": -2153000.0,
        "Interest Expense Non Operating": 3250000.0,
        "Interest Income Non Operating": 1097000.0,
        "Operating Income": -46772000.0,
        "Operating Expense": 47469000.0,
        "Research And Development": 34322000.0,
        "Selling General And Administration": 13147000.0,
        "General And Administrative Expense": 13147000.0,
        "Other Gand A": 13147000.0,
        "Total Revenue": 697000.0,
        "Operating Revenue": 697000.0
    },
    "2024-06-30": {
        "Tax Effect Of Unusual Items": 0.0,
        "Tax Rate For Calcs": 0.0,
        "Normalized EBITDA": -41860000.0,
        "Total Unusual Items": -284000.0,
        "Total Unusual Items Excluding Goodwill": -284000.0,
        "Net Income From Continuing Operation Net Minority Interest": -48620000.0,
        "Reconciled Depreciation": 3222000.0,
        "EBITDA": -42144000.0,
        "EBIT": -45366000.0,
        "Net Interest Income": -2427000.0,
        "Interest Expense": 3254000.0,
        "Interest Income": 827000.0,
        "Normalized Income": -48336000.0,
        "Net Income From Continuing And Discontinued Operation": -48620000.0,
        "Total Expenses": 46191000.0,
        "Total Operating Income As Reported": -45909000.0,
        "Diluted Average Shares": 64376396.0,
        "Basic Average Shares": 64376396.0,
        "Diluted EPS": -0.76,
        "Basic EPS": -0.76,
        "Diluted NI Availto Com Stockholders": -48620000.0,
        "Net Income Common Stockholders": -48620000.0,
        "Net Income": -48620000.0,
        "Net Income Including Noncontrolling Interests": -48620000.0,
        "Net Income Continuous Operations": -48620000.0,
        "Pretax Income": -48620000.0,
        "Other Income Expense": -284000.0,
        "Other Non Operating Income Expenses": NaN,
        "Special Income Charges": 0.0,
        "Gain On Sale Of Ppe": 0.0,
        "Gain On Sale Of Security": -284000.0,
        "Net Non Operating Interest Income Expense": -2427000.0,
        "Interest Expense Non Operating": 3254000.0,
        "Interest Income Non Operating": 827000.0,
        "Operating Income": -45909000.0,
        "Operating Expense": 46191000.0,
        "Research And Development": 34934000.0,
        "Selling General And Administration": 11257000.0,
        "General And Administrative Expense": 11257000.0,
        "Other Gand A": 11257000.0,
        "Total Revenue": 282000.0,
        "Operating Revenue": 282000.0
    }
}