{
    "2023-12-31": {
        "Tax Effect Of Unusual Items": -1181455.126343,
        "Tax Rate For Calcs": 0.222916,
        "Normalized EBITDA": 4582000.0,
        "Total Unusual Items": -5300000.0,
        "Total Unusual Items Excluding Goodwill": -5300000.0,
        "Net Income From Continuing Operation Net Minority Interest": -5351000.0,
        "Reconciled Depreciation": 912000.0,
        "Reconciled Cost Of Revenue": 34708000.0,
        "EBITDA": -718000.0,
        "EBIT": -1630000.0,
        "Net Interest Income": 87000.0,
        "Normalized Income": -1232455.126343,
        "Net Income From Continuing And Discontinued Operation": -5351000.0,
        "Total Expenses": 47682000.0,
        "Total Operating Income As Reported": -6930000.0,
        "Diluted Average Shares": 11598000.0,
        "Basic Average Shares": 11598000.0,
        "Diluted EPS": -0.46,
        "Basic EPS": -0.46,
        "Diluted NI Availto Com Stockholders": -5351000.0,
        "Net Income Common Stockholders": -5351000.0,
        "Net Income": -5351000.0,
        "Net Income Including Noncontrolling Interests": -5351000.0,
        "Net Income Continuous Operations": -5351000.0,
        "Tax Provision": -1535000.0,
        "Pretax Income": -6886000.0,
        "Other Income Expense": -5343000.0,
        "Other Non Operating Income Expenses": -43000.0,
        "Special Income Charges": -5300000.0,
        "Other Special Charges": 0.0,
        "Gain On Sale Of Security": NaN,
        "Net Non Operating Interest Income Expense": 87000.0,
        "Total Other Finance Cost": -87000.0,
        "Operating Income": -1630000.0,
        "Operating Expense": 12974000.0,
        "Other Operating Expenses": 12974000.0,
        "Selling General And Administration": NaN,
        "General And Administrative Expense": NaN,
        "Salaries And Wages": NaN,
        "Gross Profit": 11344000.0,
        "Cost Of Revenue": 34708000.0,
        "Total Revenue": 46052000.0,
        "Operating Revenue": 46052000.0
    },
    "2023-09-30": {
        "Tax Effect Of Unusual Items": 10340.0,
        "Tax Rate For Calcs": 0.188,
        "Normalized EBITDA": 813000.0,
        "Total Unusual Items": 55000.0,
        "Total Unusual Items Excluding Goodwill": 55000.0,
        "Net Income From Continuing Operation Net Minority Interest": 125000.0,
        "Reconciled Depreciation": 917000.0,
        "Reconciled Cost Of Revenue": 35213000.0,
        "EBITDA": 868000.0,
        "EBIT": -49000.0,
        "Net Interest Income": 148000.0,
        "Normalized Income": 80340.0,
        "Net Income From Continuing And Discontinued Operation": 125000.0,
        "Total Expenses": 47828000.0,
        "Total Operating Income As Reported": -49000.0,
        "Diluted Average Shares": 11968000.0,
        "Basic Average Shares": 11597000.0,
        "Diluted EPS": 0.01,
        "Basic EPS": 0.01,
        "Diluted NI Availto Com Stockholders": 125000.0,
        "Net Income Common Stockholders": 125000.0,
        "Net Income": 125000.0,
        "Net Income Including Noncontrolling Interests": 125000.0,
        "Net Income Continuous Operations": 125000.0,
        "Tax Provision": 29000.0,
        "Pretax Income": 154000.0,
        "Other Income Expense": 55000.0,
        "Other Non Operating Income Expenses": 55000.0,
        "Special Income Charges": 0.0,
        "Other Special Charges": NaN,
        "Gain On Sale Of Security": 55000.0,
        "Net Non Operating Interest Income Expense": 148000.0,
        "Total Other Finance Cost": -148000.0,
        "Operating Income": -49000.0,
        "Operating Expense": 12615000.0,
        "Other Operating Expenses": 12615000.0,
        "Selling General And Administration": 0.0,
        "General And Administrative Expense": NaN,
        "Salaries And Wages": 0.0,
        "Gross Profit": 12566000.0,
        "Cost Of Revenue": 35213000.0,
        "Total Revenue": 47779000.0,
        "Operating Revenue": 47779000.0
    },
    "2023-06-30": {
        "Tax Effect Of Unusual Items": NaN,
        "Tax Rate For Calcs": NaN,
        "Normalized EBITDA": NaN,
        "Total Unusual Items": -3100000.0,
        "Total Unusual Items Excluding Goodwill": -3100000.0,
        "Net Income From Continuing Operation Net Minority Interest": NaN,
        "Reconciled Depreciation": NaN,
        "Reconciled Cost Of Revenue": NaN,
        "EBITDA": NaN,
        "EBIT": NaN,
        "Net Interest Income": NaN,
        "Normalized Income": NaN,
        "Net Income From Continuing And Discontinued Operation": NaN,
        "Total Expenses": NaN,
        "Total Operating Income As Reported": NaN,
        "Diluted Average Shares": NaN,
        "Basic Average Shares": NaN,
        "Diluted EPS": NaN,
        "Basic EPS": NaN,
        "Diluted NI Availto Com Stockholders": NaN,
        "Net Income Common Stockholders": NaN,
        "Net Income": NaN,
        "Net Income Including Noncontrolling Interests": NaN,
        "Net Income Continuous Operations": NaN,
        "Tax Provision": NaN,
        "Pretax Income": NaN,
        "Other Income Expense": NaN,
        "Other Non Operating Income Expenses": -30000.0,
        "Special Income Charges": -3100000.0,
        "Other Special Charges": 3100000.0,
        "Gain On Sale Of Security": NaN,
        "Net Non Operating Interest Income Expense": NaN,
        "Total Other Finance Cost": NaN,
        "Operating Income": NaN,
        "Operating Expense": NaN,
        "Other Operating Expenses": 13372000.0,
        "Selling General And Administration": 3100000.0,
        "General And Administrative Expense": 3100000.0,
        "Salaries And Wages": 3100000.0,
        "Gross Profit": NaN,
        "Cost Of Revenue": NaN,
        "Total Revenue": NaN,
        "Operating Revenue": NaN
    },
    "2023-03-31": {
        "Tax Effect Of Unusual Items": NaN,
        "Tax Rate For Calcs": NaN,
        "Normalized EBITDA": NaN,
        "Total Unusual Items": NaN,
        "Total Unusual Items Excluding Goodwill": NaN,
        "Net Income From Continuing Operation Net Minority Interest": NaN,
        "Reconciled Depreciation": NaN,
        "Reconciled Cost Of Revenue": NaN,
        "EBITDA": NaN,
        "EBIT": NaN,
        "Net Interest Income": NaN,
        "Normalized Income": NaN,
        "Net Income From Continuing And Discontinued Operation": NaN,
        "Total Expenses": NaN,
        "Total Operating Income As Reported": NaN,
        "Diluted Average Shares": NaN,
        "Basic Average Shares": NaN,
        "Diluted EPS": NaN,
        "Basic EPS": NaN,
        "Diluted NI Availto Com Stockholders": NaN,
        "Net Income Common Stockholders": NaN,
        "Net Income": NaN,
        "Net Income Including Noncontrolling Interests": NaN,
        "Net Income Continuous Operations": NaN,
        "Tax Provision": NaN,
        "Pretax Income": NaN,
        "Other Income Expense": NaN,
        "Other Non Operating Income Expenses": NaN,
        "Special Income Charges": NaN,
        "Other Special Charges": NaN,
        "Gain On Sale Of Security": NaN,
        "Net Non Operating Interest Income Expense": NaN,
        "Total Other Finance Cost": NaN,
        "Operating Income": NaN,
        "Operating Expense": NaN,
        "Other Operating Expenses": NaN,
        "Selling General And Administration": 12950000.0,
        "General And Administrative Expense": NaN,
        "Salaries And Wages": NaN,
        "Gross Profit": NaN,
        "Cost Of Revenue": NaN,
        "Total Revenue": NaN,
        "Operating Revenue": NaN
    },
    "2024-03-31": {
        "Tax Effect Of Unusual Items": 0.0,
        "Tax Rate For Calcs": 0.21,
        "Normalized EBITDA": 492000.0,
        "Total Unusual Items": NaN,
        "Total Unusual Items Excluding Goodwill": NaN,
        "Net Income From Continuing Operation Net Minority Interest": -161000.0,
        "Reconciled Depreciation": 898000.0,
        "Reconciled Cost Of Revenue": 34692000.0,
        "EBITDA": 492000.0,
        "EBIT": -406000.0,
        "Net Interest Income": 154000.0,
        "Normalized Income": -161000.0,
        "Net Income From Continuing And Discontinued Operation": -161000.0,
        "Total Expenses": 47229000.0,
        "Total Operating Income As Reported": -406000.0,
        "Diluted Average Shares": 11615000.0,
        "Basic Average Shares": 11615000.0,
        "Diluted EPS": -0.01,
        "Basic EPS": -0.01,
        "Diluted NI Availto Com Stockholders": -161000.0,
        "Net Income Common Stockholders": -161000.0,
        "Net Income": -161000.0,
        "Net Income Including Noncontrolling Interests": -161000.0,
        "Net Income Continuous Operations": -161000.0,
        "Tax Provision": -121000.0,
        "Pretax Income": -282000.0,
        "Other Income Expense": -30000.0,
        "Other Non Operating Income Expenses": -30000.0,
        "Special Income Charges": NaN,
        "Other Special Charges": NaN,
        "Gain On Sale Of Security": NaN,
        "Net Non Operating Interest Income Expense": 154000.0,
        "Total Other Finance Cost": -154000.0,
        "Operating Income": -406000.0,
        "Operating Expense": 12537000.0,
        "Other Operating Expenses": NaN,
        "Selling General And Administration": 12537000.0,
        "General And Administrative Expense": NaN,
        "Salaries And Wages": NaN,
        "Gross Profit": 12131000.0,
        "Cost Of Revenue": 34692000.0,
        "Total Revenue": 46823000.0,
        "Operating Revenue": 46823000.0
    },
    "2022-12-31": {
        "Tax Effect Of Unusual Items": NaN,
        "Tax Rate For Calcs": NaN,
        "Normalized EBITDA": NaN,
        "Total Unusual Items": 0.0,
        "Total Unusual Items Excluding Goodwill": 0.0,
        "Net Income From Continuing Operation Net Minority Interest": NaN,
        "Reconciled Depreciation": NaN,
        "Reconciled Cost Of Revenue": NaN,
        "EBITDA": NaN,
        "EBIT": NaN,
        "Net Interest Income": NaN,
        "Normalized Income": NaN,
        "Net Income From Continuing And Discontinued Operation": NaN,
        "Total Expenses": NaN,
        "Total Operating Income As Reported": NaN,
        "Diluted Average Shares": NaN,
        "Basic Average Shares": NaN,
        "Diluted EPS": NaN,
        "Basic EPS": NaN,
        "Diluted NI Availto Com Stockholders": NaN,
        "Net Income Common Stockholders": NaN,
        "Net Income": NaN,
        "Net Income Including Noncontrolling Interests": NaN,
        "Net Income Continuous Operations": NaN,
        "Tax Provision": NaN,
        "Pretax Income": NaN,
        "Other Income Expense": NaN,
        "Other Non Operating Income Expenses": NaN,
        "Special Income Charges": 0.0,
        "Other Special Charges": NaN,
        "Restructuring And Mergern Acquisition": 0.0,
        "Net Non Operating Interest Income Expense": NaN,
        "Total Other Finance Cost": NaN,
        "Operating Income": NaN,
        "Operating Expense": NaN,
        "Other Operating Expenses": 12231000.0,
        "Selling General And Administration": NaN,
        "General And Administrative Expense": NaN,
        "Salaries And Wages": NaN,
        "Gross Profit": NaN,
        "Cost Of Revenue": NaN,
        "Total Revenue": NaN,
        "Operating Revenue": NaN
    },
    "2022-09-30": {
        "Tax Effect Of Unusual Items": NaN,
        "Tax Rate For Calcs": NaN,
        "Normalized EBITDA": NaN,
        "Total Unusual Items": 0.0,
        "Total Unusual Items Excluding Goodwill": 0.0,
        "Net Income From Continuing Operation Net Minority Interest": NaN,
        "Reconciled Depreciation": NaN,
        "Reconciled Cost Of Revenue": NaN,
        "EBITDA": NaN,
        "EBIT": NaN,
        "Net Interest Income": NaN,
        "Normalized Income": NaN,
        "Net Income From Continuing And Discontinued Operation": NaN,
        "Total Expenses": NaN,
        "Total Operating Income As Reported": NaN,
        "Diluted Average Shares": NaN,
        "Basic Average Shares": NaN,
        "Diluted EPS": NaN,
        "Basic EPS": NaN,
        "Diluted NI Availto Com Stockholders": NaN,
        "Net Income Common Stockholders": NaN,
        "Net Income": NaN,
        "Net Income Including Noncontrolling Interests": NaN,
        "Net Income Continuous Operations": NaN,
        "Tax Provision": NaN,
        "Pretax Income": NaN,
        "Other Income Expense": NaN,
        "Other Non Operating Income Expenses": NaN,
        "Special Income Charges": 0.0,
        "Other Special Charges": NaN,
        "Restructuring And Mergern Acquisition": 0.0,
        "Net Non Operating Interest Income Expense": NaN,
        "Total Other Finance Cost": NaN,
        "Operating Income": NaN,
        "Operating Expense": NaN,
        "Other Operating Expenses": 12930000.0,
        "Selling General And Administration": 0.0,
        "General And Administrative Expense": NaN,
        "Salaries And Wages": 0.0,
        "Gross Profit": NaN,
        "Cost Of Revenue": NaN,
        "Total Revenue": NaN,
        "Operating Revenue": NaN
    },
    "2024-06-30": {
        "Tax Effect Of Unusual Items": 0.0,
        "Tax Rate For Calcs": 0.231,
        "Normalized EBITDA": 2600000.0,
        "Total Unusual Items": 0.0,
        "Total Unusual Items Excluding Goodwill": 0.0,
        "Net Income From Continuing Operation Net Minority Interest": 1391000.0,
        "Reconciled Depreciation": 907000.0,
        "Reconciled Cost Of Revenue": 35554000.0,
        "EBITDA": 2600000.0,
        "EBIT": 1693000.0,
        "Net Interest Income": 130000.0,
        "Normalized Income": 1391000.0,
        "Net Income From Continuing And Discontinued Operation": 1391000.0,
        "Total Expenses": 47841000.0,
        "Total Operating Income As Reported": 1693000.0,
        "Diluted Average Shares": 11922000.0,
        "Basic Average Shares": 11652000.0,
        "Diluted EPS": 0.12,
        "Basic EPS": 0.12,
        "Diluted NI Availto Com Stockholders": 1391000.0,
        "Net Income Common Stockholders": 1391000.0,
        "Net Income": 1391000.0,
        "Net Income Including Noncontrolling Interests": 1391000.0,
        "Net Income Continuous Operations": 1391000.0,
        "Tax Provision": 418000.0,
        "Pretax Income": 1809000.0,
        "Other Income Expense": -14000.0,
        "Other Non Operating Income Expenses": -14000.0,
        "Special Income Charges": 0.0,
        "Other Special Charges": NaN,
        "Gain On Sale Of Security": NaN,
        "Net Non Operating Interest Income Expense": 130000.0,
        "Total Other Finance Cost": -130000.0,
        "Operating Income": 1693000.0,
        "Operating Expense": 12287000.0,
        "Other Operating Expenses": 12287000.0,
        "Selling General And Administration": NaN,
        "General And Administrative Expense": NaN,
        "Salaries And Wages": NaN,
        "Gross Profit": 13980000.0,
        "Cost Of Revenue": 35554000.0,
        "Total Revenue": 49534000.0,
        "Operating Revenue": 49534000.0
    },
    "2024-09-30": {
        "Tax Effect Of Unusual Items": -8130.0,
        "Tax Rate For Calcs": 0.271,
        "Normalized EBITDA": 3334000.0,
        "Total Unusual Items": -30000.0,
        "Total Unusual Items Excluding Goodwill": -30000.0,
        "Net Income From Continuing Operation Net Minority Interest": 1875000.0,
        "Reconciled Depreciation": 865000.0,
        "Reconciled Cost Of Revenue": 37068000.0,
        "EBITDA": 3304000.0,
        "EBIT": 2439000.0,
        "Net Interest Income": 163000.0,
        "Normalized Income": 1896870.0,
        "Net Income From Continuing And Discontinued Operation": 1875000.0,
        "Total Expenses": 49400000.0,
        "Total Operating Income As Reported": 2439000.0,
        "Diluted Average Shares": 12011000.0,
        "Basic Average Shares": 11695000.0,
        "Diluted EPS": 0.16,
        "Basic EPS": 0.16,
        "Diluted NI Availto Com Stockholders": 1875000.0,
        "Net Income Common Stockholders": 1875000.0,
        "Net Income": 1875000.0,
        "Net Income Including Noncontrolling Interests": 1875000.0,
        "Net Income Continuous Operations": 1875000.0,
        "Tax Provision": 697000.0,
        "Pretax Income": 2572000.0,
        "Other Income Expense": -30000.0,
        "Other Non Operating Income Expenses": NaN,
        "Special Income Charges": 0.0,
        "Other Special Charges": NaN,
        "Gain On Sale Of Security": -30000.0,
        "Net Non Operating Interest Income Expense": 163000.0,
        "Total Other Finance Cost": -163000.0,
        "Operating Income": 2439000.0,
        "Operating Expense": 12332000.0,
        "Other Operating Expenses": 12332000.0,
        "Selling General And Administration": NaN,
        "General And Administrative Expense": NaN,
        "Salaries And Wages": NaN,
        "Gross Profit": 14771000.0,
        "Cost Of Revenue": 37068000.0,
        "Total Revenue": 51839000.0,
        "Operating Revenue": 51839000.0
    }
}