{
    "2023-06-30": {
        "Tax Effect Of Unusual Items": -1421200.0,
        "Tax Rate For Calcs": 0.209,
        "Normalized EBITDA": 314300000.0,
        "Total Unusual Items": -6800000.0,
        "Total Unusual Items Excluding Goodwill": -6800000.0,
        "Net Income From Continuing Operation Net Minority Interest": 101200000.0,
        "Reconciled Depreciation": 156600000.0,
        "Reconciled Cost Of Revenue": 2218500000.0,
        "EBITDA": 307500000.0,
        "EBIT": 150900000.0,
        "Net Interest Income": -22900000.0,
        "Interest Expense": 22900000.0,
        "Normalized Income": 106578800.0,
        "Net Income From Continuing And Discontinued Operation": 101200000.0,
        "Total Expenses": 2797400000.0,
        "Total Operating Income As Reported": 153100000.0,
        "Diluted Average Shares": 63900000.0,
        "Basic Average Shares": 63700000.0,
        "Diluted EPS": 1.58,
        "Basic EPS": 1.59,
        "Diluted NI Availto Com Stockholders": 101200000.0,
        "Net Income Common Stockholders": 101200000.0,
        "Net Income": 101200000.0,
        "Minority Interests": 0.0,
        "Net Income Including Noncontrolling Interests": 101200000.0,
        "Net Income Continuous Operations": 101200000.0,
        "Tax Provision": 26800000.0,
        "Pretax Income": 128000000.0,
        "Other Income Expense": -2200000.0,
        "Other Non Operating Income Expenses": 4600000.0,
        "Special Income Charges": 0.0,
        "Other Special Charges": NaN,
        "Impairment Of Capital Assets": NaN,
        "Gain On Sale Of Security": -6800000.0,
        "Net Non Operating Interest Income Expense": -22900000.0,
        "Interest Expense Non Operating": 22900000.0,
        "Operating Income": 153100000.0,
        "Operating Expense": 578900000.0,
        "Selling General And Administration": 578900000.0,
        "Gross Profit": 732000000.0,
        "Cost Of Revenue": 2218500000.0,
        "Total Revenue": 2950500000.0,
        "Operating Revenue": 2950500000.0
    },
    "2023-03-31": {
        "Tax Effect Of Unusual Items": NaN,
        "Tax Rate For Calcs": NaN,
        "Normalized EBITDA": NaN,
        "Total Unusual Items": NaN,
        "Total Unusual Items Excluding Goodwill": NaN,
        "Net Income From Continuing Operation Net Minority Interest": NaN,
        "Reconciled Depreciation": NaN,
        "Reconciled Cost Of Revenue": NaN,
        "EBITDA": NaN,
        "EBIT": NaN,
        "Net Interest Income": NaN,
        "Interest Expense": NaN,
        "Normalized Income": NaN,
        "Net Income From Continuing And Discontinued Operation": NaN,
        "Total Expenses": NaN,
        "Total Operating Income As Reported": NaN,
        "Diluted Average Shares": NaN,
        "Basic Average Shares": NaN,
        "Diluted EPS": NaN,
        "Basic EPS": NaN,
        "Diluted NI Availto Com Stockholders": NaN,
        "Net Income Common Stockholders": NaN,
        "Net Income": NaN,
        "Minority Interests": NaN,
        "Net Income Including Noncontrolling Interests": NaN,
        "Net Income Continuous Operations": NaN,
        "Tax Provision": NaN,
        "Pretax Income": NaN,
        "Other Income Expense": NaN,
        "Other Non Operating Income Expenses": NaN,
        "Special Income Charges": 0.0,
        "Other Special Charges": NaN,
        "Impairment Of Capital Assets": NaN,
        "Gain On Sale Of Security": NaN,
        "Net Non Operating Interest Income Expense": NaN,
        "Interest Expense Non Operating": NaN,
        "Operating Income": NaN,
        "Operating Expense": NaN,
        "Selling General And Administration": NaN,
        "Gross Profit": NaN,
        "Cost Of Revenue": NaN,
        "Total Revenue": NaN,
        "Operating Revenue": NaN
    },
    "2022-12-31": {
        "Tax Effect Of Unusual Items": NaN,
        "Tax Rate For Calcs": NaN,
        "Normalized EBITDA": NaN,
        "Total Unusual Items": NaN,
        "Total Unusual Items Excluding Goodwill": NaN,
        "Net Income From Continuing Operation Net Minority Interest": NaN,
        "Reconciled Depreciation": NaN,
        "Reconciled Cost Of Revenue": NaN,
        "EBITDA": NaN,
        "EBIT": NaN,
        "Net Interest Income": NaN,
        "Interest Expense": NaN,
        "Normalized Income": NaN,
        "Net Income From Continuing And Discontinued Operation": NaN,
        "Total Expenses": NaN,
        "Total Operating Income As Reported": NaN,
        "Diluted Average Shares": NaN,
        "Basic Average Shares": NaN,
        "Diluted EPS": NaN,
        "Basic EPS": NaN,
        "Diluted NI Availto Com Stockholders": NaN,
        "Net Income Common Stockholders": NaN,
        "Net Income": NaN,
        "Minority Interests": NaN,
        "Net Income Including Noncontrolling Interests": NaN,
        "Net Income Continuous Operations": NaN,
        "Tax Provision": NaN,
        "Pretax Income": NaN,
        "Other Income Expense": NaN,
        "Other Non Operating Income Expenses": NaN,
        "Special Income Charges": 0.0,
        "Other Special Charges": 0.0,
        "Impairment Of Capital Assets": 0.0,
        "Gain On Sale Of Security": NaN,
        "Net Non Operating Interest Income Expense": NaN,
        "Interest Expense Non Operating": NaN,
        "Operating Income": NaN,
        "Operating Expense": NaN,
        "Selling General And Administration": NaN,
        "Gross Profit": NaN,
        "Cost Of Revenue": NaN,
        "Total Revenue": NaN,
        "Operating Revenue": NaN
    },
    "2022-09-30": {
        "Tax Effect Of Unusual Items": NaN,
        "Tax Rate For Calcs": NaN,
        "Normalized EBITDA": NaN,
        "Total Unusual Items": NaN,
        "Total Unusual Items Excluding Goodwill": NaN,
        "Net Income From Continuing Operation Net Minority Interest": NaN,
        "Reconciled Depreciation": NaN,
        "Reconciled Cost Of Revenue": NaN,
        "EBITDA": NaN,
        "EBIT": NaN,
        "Net Interest Income": NaN,
        "Interest Expense": NaN,
        "Normalized Income": NaN,
        "Net Income From Continuing And Discontinued Operation": NaN,
        "Total Expenses": NaN,
        "Total Operating Income As Reported": NaN,
        "Diluted Average Shares": NaN,
        "Basic Average Shares": NaN,
        "Diluted EPS": NaN,
        "Basic EPS": NaN,
        "Diluted NI Availto Com Stockholders": NaN,
        "Net Income Common Stockholders": NaN,
        "Net Income": NaN,
        "Minority Interests": NaN,
        "Net Income Including Noncontrolling Interests": NaN,
        "Net Income Continuous Operations": NaN,
        "Tax Provision": NaN,
        "Pretax Income": NaN,
        "Other Income Expense": NaN,
        "Other Non Operating Income Expenses": NaN,
        "Special Income Charges": NaN,
        "Other Special Charges": NaN,
        "Impairment Of Capital Assets": 695771000.0,
        "Gain On Sale Of Security": NaN,
        "Net Non Operating Interest Income Expense": NaN,
        "Interest Expense Non Operating": NaN,
        "Operating Income": NaN,
        "Operating Expense": NaN,
        "Selling General And Administration": NaN,
        "Gross Profit": NaN,
        "Cost Of Revenue": NaN,
        "Total Revenue": NaN,
        "Operating Revenue": NaN
    },
    "2022-06-30": {
        "Tax Effect Of Unusual Items": 63656.0,
        "Tax Rate For Calcs": 0.218,
        "Normalized EBITDA": 512022000.0,
        "Total Unusual Items": 292000.0,
        "Total Unusual Items Excluding Goodwill": 292000.0,
        "Net Income From Continuing Operation Net Minority Interest": 280431000.0,
        "Reconciled Depreciation": 141569000.0,
        "Reconciled Cost Of Revenue": 2279991000.0,
        "EBITDA": 512314000.0,
        "EBIT": 370745000.0,
        "Net Interest Income": -12059000.0,
        "Interest Expense": 12059000.0,
        "Normalized Income": 280202656.0,
        "Net Income From Continuing And Discontinued Operation": 280431000.0,
        "Total Expenses": 2785261000.0,
        "Total Operating Income As Reported": 367927000.0,
        "Diluted Average Shares": 63798000.0,
        "Basic Average Shares": 63540000.0,
        "Diluted EPS": 4.4,
        "Basic EPS": 4.41,
        "Diluted NI Availto Com Stockholders": 280431000.0,
        "Net Income Common Stockholders": 280431000.0,
        "Net Income": 280431000.0,
        "Minority Interests": -79000.0,
        "Net Income Including Noncontrolling Interests": 280510000.0,
        "Net Income Continuous Operations": 280510000.0,
        "Tax Provision": 78176000.0,
        "Pretax Income": 358686000.0,
        "Other Income Expense": 2818000.0,
        "Other Non Operating Income Expenses": 2526000.0,
        "Special Income Charges": 0.0,
        "Other Special Charges": NaN,
        "Impairment Of Capital Assets": NaN,
        "Gain On Sale Of Security": 292000.0,
        "Net Non Operating Interest Income Expense": -12059000.0,
        "Interest Expense Non Operating": 12059000.0,
        "Operating Income": 367927000.0,
        "Operating Expense": 505270000.0,
        "Selling General And Administration": 505270000.0,
        "Gross Profit": 873197000.0,
        "Cost Of Revenue": 2279991000.0,
        "Total Revenue": 3153188000.0,
        "Operating Revenue": 3153188000.0
    },
    "2022-03-31": {
        "Diluted EPS": 3.78,
        "Total Revenue": NaN,
        "Gross Profit": 802,
        "Operating Income": 321,
        "EBIT": 462,
        "Net Income": 245
    },
    "2021-12-31": {
        "Diluted EPS": 2.83,
        "Total Revenue": NaN,
        "Gross Profit": 737,
        "Operating Income": 253,
        "EBIT": 397,
        "Net Income": 189
    },
    "2021-09-30": {
        "Diluted EPS": 3.93,
        "Total Revenue": NaN,
        "Gross Profit": 837,
        "Operating Income": 360,
        "EBIT": 509,
        "Net Income": 271
    },
    "2021-06-30": {
        "Diluted EPS": 4.82,
        "Total Revenue": NaN,
        "Gross Profit": 902,
        "Operating Income": 404,
        "EBIT": 553,
        "Net Income": 336
    },
    "2021-03-31": {
        "Diluted EPS": 3.36,
        "Total Revenue": NaN,
        "Gross Profit": 792,
        "Operating Income": 318,
        "EBIT": 469,
        "Net Income": 237
    },
    "2020-12-31": {
        "Diluted EPS": 3.49,
        "Total Revenue": NaN,
        "Gross Profit": 738,
        "Operating Income": 283,
        "EBIT": 439,
        "Net Income": 248
    },
    "2020-09-30": {
        "Diluted EPS": 2.87,
        "Total Revenue": NaN,
        "Gross Profit": 706,
        "Operating Income": 263,
        "EBIT": 414,
        "Net Income": 205
    },
    "2020-06-30": {
        "Diluted EPS": -0.68,
        "Total Revenue": NaN,
        "Gross Profit": 370,
        "Operating Income": -61,
        "EBIT": 93,
        "Net Income": -48
    },
    "2020-03-31": {
        "Diluted EPS": 1.54,
        "Total Revenue": NaN,
        "Gross Profit": 616,
        "Operating Income": 151,
        "EBIT": 297,
        "Net Income": 111
    },
    "2019-12-31": {
        "Diluted EPS": 3.69,
        "Total Revenue": NaN,
        "Gross Profit": 623,
        "Operating Income": 155,
        "EBIT": 303,
        "Net Income": 265
    },
    "2019-09-30": {
        "Diluted EPS": 2.15,
        "Total Revenue": NaN,
        "Gross Profit": 692,
        "Operating Income": 240,
        "EBIT": 450,
        "Net Income": 156
    },
    "2019-06-30": {
        "Diluted EPS": 2.79,
        "Total Revenue": NaN,
        "Gross Profit": 737,
        "Operating Income": 267,
        "EBIT": 407,
        "Net Income": 202
    },
    "2019-03-31": {
        "Diluted EPS": 1.67,
        "Total Revenue": NaN,
        "Gross Profit": 625,
        "Operating Income": 165,
        "EBIT": 303,
        "Net Income": 122
    },
    "2018-12-31": {
        "Diluted EPS": 3.05,
        "Total Revenue": NaN,
        "Gross Profit": 646,
        "Operating Income": 213,
        "EBIT": 352,
        "Net Income": 225
    },
    "2018-09-30": {
        "Diluted EPS": 3.02,
        "Total Revenue": NaN,
        "Gross Profit": 720,
        "Operating Income": 287,
        "EBIT": 420,
        "Net Income": 227
    },
    "2018-06-30": {
        "Diluted EPS": 2.62,
        "Total Revenue": NaN,
        "Gross Profit": 767,
        "Operating Income": 326,
        "EBIT": 453,
        "Net Income": 197
    },
    "2018-03-31": {
        "Diluted EPS": 2.78,
        "Total Revenue": NaN,
        "Gross Profit": 705,
        "Operating Income": 268,
        "EBIT": 391,
        "Net Income": 209
    },
    "2017-12-31": {
        "Diluted EPS": 3.21,
        "Total Revenue": NaN,
        "Gross Profit": 754,
        "Operating Income": 343,
        "EBIT": 462,
        "Net Income": 240
    },
    "2017-09-30": {
        "Diluted EPS": 3.61,
        "Total Revenue": NaN,
        "Gross Profit": 783,
        "Operating Income": 380,
        "EBIT": 494,
        "Net Income": 270
    },
    "2017-06-30": {
        "Diluted EPS": 3.48,
        "Total Revenue": NaN,
        "Gross Profit": 779,
        "Operating Income": 356,
        "EBIT": 466,
        "Net Income": 261
    },
    "2017-03-31": {
        "Diluted EPS": 2.68,
        "Total Revenue": NaN,
        "Gross Profit": 680,
        "Operating Income": 275,
        "EBIT": 380,
        "Net Income": 201
    },
    "2016-12-31": {
        "Diluted EPS": 3.14,
        "Total Revenue": NaN,
        "Gross Profit": 691,
        "Operating Income": 305,
        "EBIT": 410,
        "Net Income": 234
    },
    "2016-09-30": {
        "Diluted EPS": 3.62,
        "Total Revenue": NaN,
        "Gross Profit": 727,
        "Operating Income": 378,
        "EBIT": 530,
        "Net Income": 270
    },
    "2016-06-30": {
        "Diluted EPS": 3.42,
        "Total Revenue": NaN,
        "Gross Profit": 756,
        "Operating Income": 351,
        "EBIT": 452,
        "Net Income": 255
    },
    "2016-03-31": {
        "Diluted EPS": 2.3,
        "Total Revenue": NaN,
        "Gross Profit": 640,
        "Operating Income": 246,
        "EBIT": 346,
        "Net Income": 172
    },
    "2015-12-31": {
        "Diluted EPS": 2.59,
        "Total Revenue": NaN,
        "Gross Profit": 622,
        "Operating Income": 249,
        "EBIT": 343,
        "Net Income": 192
    },
    "2015-09-30": {
        "Diluted EPS": 2.89,
        "Total Revenue": NaN,
        "Gross Profit": 661,
        "Operating Income": 289,
        "EBIT": 384,
        "Net Income": 215
    },
    "2015-06-30": {
        "Diluted EPS": 2.53,
        "Total Revenue": NaN,
        "Gross Profit": 615,
        "Operating Income": 256,
        "EBIT": 344,
        "Net Income": 186
    },
    "2015-03-31": {
        "Diluted EPS": 0.3,
        "Total Revenue": NaN,
        "Gross Profit": 512,
        "Operating Income": 44,
        "EBIT": 129,
        "Net Income": 22
    },
    "2014-12-31": {
        "Diluted EPS": 2.0,
        "Total Revenue": NaN,
        "Gross Profit": 542,
        "Operating Income": 206,
        "EBIT": 302,
        "Net Income": 147
    },
    "2014-09-30": {
        "Diluted EPS": 2.06,
        "Total Revenue": NaN,
        "Gross Profit": 556,
        "Operating Income": 214,
        "EBIT": 299,
        "Net Income": 151
    },
    "2014-06-30": {
        "Diluted EPS": 2.08,
        "Total Revenue": NaN,
        "Gross Profit": 575,
        "Operating Income": 222,
        "EBIT": 306,
        "Net Income": 153
    },
    "2014-03-31": {
        "Diluted EPS": 1.11,
        "Total Revenue": NaN,
        "Gross Profit": 481,
        "Operating Income": 131,
        "EBIT": 212,
        "Net Income": 81
    },
    "2013-12-31": {
        "Diluted EPS": 1.31,
        "Total Revenue": NaN,
        "Gross Profit": 513,
        "Operating Income": 151,
        "EBIT": 237,
        "Net Income": 95
    },
    "2013-09-30": {
        "Diluted EPS": 1.63,
        "Total Revenue": NaN,
        "Gross Profit": 517,
        "Operating Income": 176,
        "EBIT": 257,
        "Net Income": 119
    },
    "2013-06-30": {
        "Diluted EPS": 1.16,
        "Total Revenue": NaN,
        "Gross Profit": 514,
        "Operating Income": 133,
        "EBIT": 214,
        "Net Income": 85
    },
    "2013-03-31": {
        "Diluted EPS": 0.72,
        "Total Revenue": NaN,
        "Gross Profit": 377,
        "Operating Income": 87,
        "EBIT": 147,
        "Net Income": 50
    },
    "2012-12-31": {
        "Diluted EPS": 0.96,
        "Total Revenue": NaN,
        "Gross Profit": 369,
        "Operating Income": 96,
        "EBIT": 160,
        "Net Income": 66
    },
    "2012-09-30": {
        "Diluted EPS": 1.01,
        "Total Revenue": NaN,
        "Gross Profit": 373,
        "Operating Income": 104,
        "EBIT": 175,
        "Net Income": 70
    },
    "2012-06-30": {
        "Diluted EPS": 1.06,
        "Total Revenue": NaN,
        "Gross Profit": 388,
        "Operating Income": 108,
        "EBIT": 180,
        "Net Income": 73
    },
    "2012-03-31": {
        "Diluted EPS": 0.58,
        "Total Revenue": NaN,
        "Gross Profit": 359,
        "Operating Income": 72,
        "EBIT": 145,
        "Net Income": 40
    },
    "2011-12-31": {
        "Diluted EPS": 0.62,
        "Total Revenue": NaN,
        "Gross Profit": 335,
        "Operating Income": 66,
        "EBIT": 141,
        "Net Income": 43
    },
    "2011-09-30": {
        "Diluted EPS": 0.68,
        "Total Revenue": NaN,
        "Gross Profit": 358,
        "Operating Income": 91,
        "EBIT": 166,
        "Net Income": 47
    },
    "2011-06-30": {
        "Diluted EPS": 0.88,
        "Total Revenue": NaN,
        "Gross Profit": 382,
        "Operating Income": 102,
        "EBIT": 176,
        "Net Income": 61
    },
    "2011-03-31": {
        "Diluted EPS": 0.34,
        "Total Revenue": NaN,
        "Gross Profit": 342,
        "Operating Income": 56,
        "EBIT": 130,
        "Net Income": 23
    },
    "2010-12-31": {
        "Diluted EPS": 0.66,
        "Total Revenue": NaN,
        "Gross Profit": 342,
        "Operating Income": 86,
        "EBIT": 160,
        "Net Income": 46
    },
    "2010-09-30": {
        "Diluted EPS": 0.74,
        "Total Revenue": NaN,
        "Gross Profit": 345,
        "Operating Income": 85,
        "EBIT": 158,
        "Net Income": 51
    },
    "2010-06-30": {
        "Diluted EPS": 0.95,
        "Total Revenue": NaN,
        "Gross Profit": 375,
        "Operating Income": 90,
        "EBIT": 162,
        "Net Income": 65
    },
    "2010-03-31": {
        "Diluted EPS": 0.3,
        "Total Revenue": NaN,
        "Gross Profit": 341,
        "Operating Income": 54,
        "EBIT": 130,
        "Net Income": 21
    },
    "2009-12-31": {
        "Diluted EPS": 0.3,
        "Total Revenue": NaN,
        "Gross Profit": 342,
        "Operating Income": 47,
        "EBIT": 129,
        "Net Income": 20
    },
    "2009-09-30": {
        "Diluted EPS": 0.5,
        "Total Revenue": NaN,
        "Gross Profit": 369,
        "Operating Income": 68,
        "EBIT": 145,
        "Net Income": 34
    },
    "2009-06-30": {
        "Diluted EPS": 0.67,
        "Total Revenue": NaN,
        "Gross Profit": 367,
        "Operating Income": 75,
        "EBIT": 152,
        "Net Income": 46
    },
    "2009-03-31": {
        "Diluted EPS": -1.55,
        "Total Revenue": NaN,
        "Gross Profit": 154,
        "Operating Income": -146,
        "EBIT": -78,
        "Net Income": -106
    },
    "2023-09-30": {
        "Tax Effect Of Unusual Items": -183952860.0,
        "Tax Rate For Calcs": 0.21,
        "Normalized EBITDA": 300387000.0,
        "Total Unusual Items": -875966000.0,
        "Total Unusual Items Excluding Goodwill": -875966000.0,
        "Net Income From Continuing Operation Net Minority Interest": -760459000.0,
        "Reconciled Depreciation": 149612000.0,
        "Reconciled Cost Of Revenue": 2074179000.0,
        "EBITDA": -575579000.0,
        "EBIT": -725191000.0,
        "Net Interest Income": -20144000.0,
        "Interest Expense": 20144000.0,
        "Normalized Income": -68445860.0,
        "Net Income From Continuing And Discontinued Operation": -760459000.0,
        "Total Expenses": 2623820000.0,
        "Total Operating Income As Reported": -733742000.0,
        "Diluted Average Shares": 63682000.0,
        "Basic Average Shares": 63682000.0,
        "Diluted EPS": -11.94,
        "Basic EPS": -11.94,
        "Diluted NI Availto Com Stockholders": -760459000.0,
        "Net Income Common Stockholders": -760459000.0,
        "Net Income": -760459000.0,
        "Minority Interests": -170000.0,
        "Net Income Including Noncontrolling Interests": -760289000.0,
        "Net Income Continuous Operations": -760289000.0,
        "Tax Provision": 14954000.0,
        "Pretax Income": -745335000.0,
        "Other Income Expense": -867557000.0,
        "Other Non Operating Income Expenses": 8409000.0,
        "Special Income Charges": -876108000.0,
        "Other Special Charges": NaN,
        "Impairment Of Capital Assets": 876108000.0,
        "Gain On Sale Of Security": 142000.0,
        "Net Non Operating Interest Income Expense": -20144000.0,
        "Interest Expense Non Operating": 20144000.0,
        "Operating Income": 142366000.0,
        "Operating Expense": 549641000.0,
        "Selling General And Administration": 549641000.0,
        "Gross Profit": 692007000.0,
        "Cost Of Revenue": 2074179000.0,
        "Total Revenue": 2766186000.0,
        "Operating Revenue": 2766186000.0
    },
    "2023-12-31": {
        "Tax Effect Of Unusual Items": -523604.401398,
        "Tax Rate For Calcs": 0.092461,
        "Normalized EBITDA": 330887000.0,
        "Total Unusual Items": -5663000.0,
        "Total Unusual Items Excluding Goodwill": -5663000.0,
        "Net Income From Continuing Operation Net Minority Interest": 139488000.0,
        "Reconciled Depreciation": 154215000.0,
        "Reconciled Cost Of Revenue": 1969984000.0,
        "EBITDA": 325224000.0,
        "EBIT": 171009000.0,
        "Net Interest Income": -17376000.0,
        "Interest Expense": 17376000.0,
        "Normalized Income": 144627395.598602,
        "Net Income From Continuing And Discontinued Operation": 139488000.0,
        "Total Expenses": 2443544000.0,
        "Total Operating Income As Reported": 167098000.0,
        "Diluted Average Shares": 63938000.0,
        "Basic Average Shares": 63683000.0,
        "Diluted EPS": 2.18,
        "Basic EPS": 2.19,
        "Diluted NI Availto Com Stockholders": 139488000.0,
        "Net Income Common Stockholders": 139488000.0,
        "Net Income": 139488000.0,
        "Minority Interests": 60000.0,
        "Net Income Including Noncontrolling Interests": 139428000.0,
        "Net Income Continuous Operations": 139428000.0,
        "Tax Provision": 14205000.0,
        "Pretax Income": 153633000.0,
        "Other Income Expense": 2275000.0,
        "Other Non Operating Income Expenses": 7938000.0,
        "Special Income Charges": -1636000.0,
        "Other Special Charges": NaN,
        "Impairment Of Capital Assets": 1636000.0,
        "Gain On Sale Of Security": -4027000.0,
        "Net Non Operating Interest Income Expense": -17376000.0,
        "Interest Expense Non Operating": 17376000.0,
        "Operating Income": 168734000.0,
        "Operating Expense": 473560000.0,
        "Selling General And Administration": 473560000.0,
        "Gross Profit": 642294000.0,
        "Cost Of Revenue": 1969984000.0,
        "Total Revenue": 2612278000.0,
        "Operating Revenue": 2612278000.0
    },
    "2024-03-31": {
        "Tax Effect Of Unusual Items": -441000.0,
        "Tax Rate For Calcs": 0.21,
        "Normalized EBITDA": 304000000.0,
        "Total Unusual Items": -2100000.0,
        "Total Unusual Items Excluding Goodwill": -2100000.0,
        "Net Income From Continuing Operation Net Minority Interest": 105000000.0,
        "Reconciled Depreciation": 154200000.0,
        "Reconciled Cost Of Revenue": 2029900000.0,
        "EBITDA": 301900000.0,
        "EBIT": 147700000.0,
        "Net Interest Income": -14900000.0,
        "Interest Expense": 14900000.0,
        "Normalized Income": 106659000.0,
        "Net Income From Continuing And Discontinued Operation": 105000000.0,
        "Total Expenses": 2532800000.0,
        "Total Operating Income As Reported": 146600000.0,
        "Diluted Average Shares": 64000000.0,
        "Basic Average Shares": 63700000.0,
        "Diluted EPS": 1.64,
        "Basic EPS": 1.65,
        "Diluted NI Availto Com Stockholders": 105000000.0,
        "Net Income Common Stockholders": 105000000.0,
        "Net Income": 105000000.0,
        "Minority Interests": 0.0,
        "Net Income Including Noncontrolling Interests": 105000000.0,
        "Net Income Continuous Operations": 105000000.0,
        "Tax Provision": 27800000.0,
        "Pretax Income": 132800000.0,
        "Other Income Expense": 1100000.0,
        "Other Non Operating Income Expenses": 3200000.0,
        "Special Income Charges": NaN,
        "Other Special Charges": NaN,
        "Impairment Of Capital Assets": NaN,
        "Gain On Sale Of Security": -2100000.0,
        "Net Non Operating Interest Income Expense": -14900000.0,
        "Interest Expense Non Operating": 14900000.0,
        "Operating Income": 146600000.0,
        "Operating Expense": 502900000.0,
        "Selling General And Administration": 502900000.0,
        "Gross Profit": 649500000.0,
        "Cost Of Revenue": 2029900000.0,
        "Total Revenue": 2679400000.0,
        "Operating Revenue": 2679400000.0
    },
    "2024-06-30": {
        "Tax Effect Of Unusual Items": -381600.0,
        "Tax Rate For Calcs": 0.212,
        "Normalized EBITDA": 385700000.0,
        "Total Unusual Items": -1800000.0,
        "Total Unusual Items Excluding Goodwill": -1800000.0,
        "Net Income From Continuing Operation Net Minority Interest": 157400000.0,
        "Reconciled Depreciation": 171500000.0,
        "Reconciled Cost Of Revenue": 2077500000.0,
        "EBITDA": 383900000.0,
        "EBIT": 212400000.0,
        "Net Interest Income": -12600000.0,
        "Interest Expense": 12600000.0,
        "Normalized Income": 158818400.0,
        "Net Income From Continuing And Discontinued Operation": 157400000.0,
        "Total Expenses": 2587300000.0,
        "Total Operating Income As Reported": 214000000.0,
        "Diluted Average Shares": 63900000.0,
        "Basic Average Shares": 63600000.0,
        "Diluted EPS": 2.46,
        "Basic EPS": 2.47,
        "Diluted NI Availto Com Stockholders": 157400000.0,
        "Net Income Common Stockholders": 157400000.0,
        "Net Income": 157400000.0,
        "Minority Interests": -100000.0,
        "Net Income Including Noncontrolling Interests": 157500000.0,
        "Net Income Continuous Operations": 157500000.0,
        "Tax Provision": 42300000.0,
        "Pretax Income": 199800000.0,
        "Other Income Expense": -1600000.0,
        "Other Non Operating Income Expenses": 200000.0,
        "Special Income Charges": NaN,
        "Other Special Charges": NaN,
        "Impairment Of Capital Assets": NaN,
        "Gain On Sale Of Security": -1800000.0,
        "Net Non Operating Interest Income Expense": -12600000.0,
        "Interest Expense Non Operating": 12600000.0,
        "Operating Income": 214000000.0,
        "Operating Expense": 509800000.0,
        "Selling General And Administration": 509800000.0,
        "Gross Profit": 723800000.0,
        "Cost Of Revenue": 2077500000.0,
        "Total Revenue": 2801300000.0,
        "Operating Revenue": 2801300000.0
    }
}