{
    "2023-03-31": {
        "Tax Effect Of Unusual Items": NaN,
        "Tax Rate For Calcs": NaN,
        "Normalized EBITDA": NaN,
        "Total Unusual Items": NaN,
        "Total Unusual Items Excluding Goodwill": NaN,
        "Net Income From Continuing Operation Net Minority Interest": NaN,
        "Reconciled Depreciation": NaN,
        "Reconciled Cost Of Revenue": NaN,
        "EBITDA": NaN,
        "EBIT": NaN,
        "Net Interest Income": NaN,
        "Interest Expense": NaN,
        "Normalized Income": NaN,
        "Net Income From Continuing And Discontinued Operation": NaN,
        "Total Expenses": NaN,
        "Total Operating Income As Reported": NaN,
        "Diluted Average Shares": NaN,
        "Basic Average Shares": NaN,
        "Diluted EPS": NaN,
        "Basic EPS": NaN,
        "Diluted NI Availto Com Stockholders": NaN,
        "Net Income Common Stockholders": NaN,
        "Net Income": NaN,
        "Minority Interests": NaN,
        "Net Income Including Noncontrolling Interests": NaN,
        "Net Income Continuous Operations": NaN,
        "Tax Provision": NaN,
        "Pretax Income": NaN,
        "Other Income Expense": NaN,
        "Other Non Operating Income Expenses": NaN,
        "Special Income Charges": NaN,
        "Gain On Sale Of Ppe": NaN,
        "Gain On Sale Of Business": NaN,
        "Write Off": NaN,
        "Impairment Of Capital Assets": 118933.0,
        "Earnings From Equity Interest": NaN,
        "Gain On Sale Of Security": NaN,
        "Net Non Operating Interest Income Expense": NaN,
        "Interest Expense Non Operating": NaN,
        "Operating Income": NaN,
        "Operating Expense": NaN,
        "Depreciation Amortization Depletion Income Statement": NaN,
        "Depreciation And Amortization In Income Statement": NaN,
        "Selling General And Administration": NaN,
        "General And Administrative Expense": NaN,
        "Other Gand A": NaN,
        "Salaries And Wages": NaN,
        "Gross Profit": NaN,
        "Cost Of Revenue": NaN,
        "Total Revenue": NaN,
        "Operating Revenue": NaN
    },
    "2022-12-31": {
        "Tax Effect Of Unusual Items": NaN,
        "Tax Rate For Calcs": NaN,
        "Normalized EBITDA": NaN,
        "Total Unusual Items": NaN,
        "Total Unusual Items Excluding Goodwill": NaN,
        "Net Income From Continuing Operation Net Minority Interest": NaN,
        "Reconciled Depreciation": NaN,
        "Reconciled Cost Of Revenue": NaN,
        "EBITDA": NaN,
        "EBIT": NaN,
        "Net Interest Income": NaN,
        "Interest Expense": NaN,
        "Normalized Income": NaN,
        "Net Income From Continuing And Discontinued Operation": NaN,
        "Total Expenses": NaN,
        "Total Operating Income As Reported": NaN,
        "Diluted Average Shares": NaN,
        "Basic Average Shares": NaN,
        "Diluted EPS": NaN,
        "Basic EPS": NaN,
        "Diluted NI Availto Com Stockholders": NaN,
        "Net Income Common Stockholders": NaN,
        "Net Income": NaN,
        "Minority Interests": NaN,
        "Net Income Including Noncontrolling Interests": NaN,
        "Net Income Continuous Operations": NaN,
        "Tax Provision": NaN,
        "Pretax Income": NaN,
        "Other Income Expense": NaN,
        "Other Non Operating Income Expenses": NaN,
        "Special Income Charges": NaN,
        "Gain On Sale Of Ppe": NaN,
        "Gain On Sale Of Business": NaN,
        "Write Off": 2240683.0,
        "Impairment Of Capital Assets": NaN,
        "Earnings From Equity Interest": NaN,
        "Gain On Sale Of Security": NaN,
        "Net Non Operating Interest Income Expense": NaN,
        "Interest Expense Non Operating": NaN,
        "Operating Income": NaN,
        "Operating Expense": NaN,
        "Depreciation Amortization Depletion Income Statement": NaN,
        "Depreciation And Amortization In Income Statement": NaN,
        "Selling General And Administration": NaN,
        "General And Administrative Expense": NaN,
        "Other Gand A": NaN,
        "Salaries And Wages": NaN,
        "Gross Profit": NaN,
        "Cost Of Revenue": NaN,
        "Total Revenue": NaN,
        "Operating Revenue": NaN
    },
    "2022-09-30": {
        "Tax Effect Of Unusual Items": NaN,
        "Tax Rate For Calcs": NaN,
        "Normalized EBITDA": NaN,
        "Total Unusual Items": NaN,
        "Total Unusual Items Excluding Goodwill": NaN,
        "Net Income From Continuing Operation Net Minority Interest": NaN,
        "Reconciled Depreciation": NaN,
        "Reconciled Cost Of Revenue": NaN,
        "EBITDA": NaN,
        "EBIT": NaN,
        "Net Interest Income": NaN,
        "Interest Expense": NaN,
        "Normalized Income": NaN,
        "Net Income From Continuing And Discontinued Operation": NaN,
        "Total Expenses": NaN,
        "Total Operating Income As Reported": NaN,
        "Diluted Average Shares": 13227788.0,
        "Basic Average Shares": 13227788.0,
        "Diluted EPS": -1.58,
        "Basic EPS": -1.58,
        "Diluted NI Availto Com Stockholders": NaN,
        "Net Income Common Stockholders": NaN,
        "Net Income": NaN,
        "Minority Interests": NaN,
        "Net Income Including Noncontrolling Interests": NaN,
        "Net Income Continuous Operations": NaN,
        "Tax Provision": NaN,
        "Pretax Income": NaN,
        "Other Income Expense": NaN,
        "Other Non Operating Income Expenses": NaN,
        "Special Income Charges": NaN,
        "Gain On Sale Of Ppe": NaN,
        "Gain On Sale Of Business": NaN,
        "Write Off": 0.0,
        "Impairment Of Capital Assets": NaN,
        "Earnings From Equity Interest": NaN,
        "Gain On Sale Of Security": NaN,
        "Net Non Operating Interest Income Expense": NaN,
        "Interest Expense Non Operating": NaN,
        "Operating Income": NaN,
        "Operating Expense": NaN,
        "Depreciation Amortization Depletion Income Statement": NaN,
        "Depreciation And Amortization In Income Statement": NaN,
        "Selling General And Administration": NaN,
        "General And Administrative Expense": NaN,
        "Other Gand A": NaN,
        "Salaries And Wages": NaN,
        "Gross Profit": NaN,
        "Cost Of Revenue": NaN,
        "Total Revenue": NaN,
        "Operating Revenue": NaN
    },
    "2022-06-30": {
        "Tax Effect Of Unusual Items": 91321.075,
        "Tax Rate For Calcs": 0.005,
        "Normalized EBITDA": -3080990.0,
        "Total Unusual Items": 18264215.0,
        "Total Unusual Items Excluding Goodwill": 18264215.0,
        "Net Income From Continuing Operation Net Minority Interest": -2405632.0,
        "Reconciled Depreciation": 16022357.0,
        "Reconciled Cost Of Revenue": 14360532.0,
        "EBITDA": 15183225.0,
        "EBIT": -840592.0,
        "Net Interest Income": -1565040.0,
        "Interest Expense": 1565040.0,
        "Normalized Income": -20578525.925,
        "Net Income From Continuing And Discontinued Operation": -2405632.0,
        "Total Expenses": 40750212.0,
        "Total Operating Income As Reported": -3255418.0,
        "Diluted Average Shares": 11933092.0,
        "Basic Average Shares": 11933092.0,
        "Diluted EPS": -0.18,
        "Basic EPS": -0.18,
        "Diluted NI Availto Com Stockholders": -2405632.0,
        "Net Income Common Stockholders": -2405632.0,
        "Net Income": -2405632.0,
        "Minority Interests": NaN,
        "Net Income Including Noncontrolling Interests": -2405632.0,
        "Net Income Continuous Operations": -2405632.0,
        "Tax Provision": 0.0,
        "Pretax Income": -2405632.0,
        "Other Income Expense": 20129183.0,
        "Other Non Operating Income Expenses": 1864968.0,
        "Special Income Charges": -1107197.0,
        "Gain On Sale Of Ppe": NaN,
        "Write Off": 1107197.0,
        "Impairment Of Capital Assets": NaN,
        "Earnings From Equity Interest": NaN,
        "Gain On Sale Of Security": 19371412.0,
        "Net Non Operating Interest Income Expense": -1565040.0,
        "Interest Expense Non Operating": 1565040.0,
        "Operating Income": -20969775.0,
        "Operating Expense": 26391140.0,
        "Depreciation Amortization Depletion Income Statement": 16023817.0,
        "Depreciation And Amortization In Income Statement": 16023817.0,
        "Selling General And Administration": 10367323.0,
        "General And Administrative Expense": 10367323.0,
        "Other Gand A": 9431088.0,
        "Salaries And Wages": 936235.0,
        "Gross Profit": 5421365.0,
        "Cost Of Revenue": 14359072.0,
        "Total Revenue": 19780437.0,
        "Operating Revenue": 19780437.0
    },
    "2022-03-31": {
        "Diluted EPS": -0.96,
        "Total Revenue": 19,
        "Gross Profit": 11,
        "Operating Income": -10,
        "EBIT": 4,
        "Net Income": -11
    },
    "2021-12-31": {
        "Diluted EPS": 1.39,
        "Total Revenue": 20,
        "Gross Profit": 15,
        "Operating Income": 4,
        "EBIT": 10,
        "Net Income": 2
    },
    "2021-09-30": {
        "Diluted EPS": -0.24,
        "Total Revenue": 11,
        "Gross Profit": 8,
        "Operating Income": -2,
        "EBIT": 2,
        "Net Income": -3
    },
    "2021-06-30": {
        "Diluted EPS": -0.72,
        "Total Revenue": 6,
        "Gross Profit": 6,
        "Operating Income": -6,
        "EBIT": -4,
        "Net Income": -6
    },
    "2021-03-31": {
        "Diluted EPS": -5.22,
        "Total Revenue": 7,
        "Gross Profit": 5,
        "Operating Income": -38,
        "EBIT": -37,
        "Net Income": -39
    },
    "2020-12-31": {
        "Diluted EPS": 21.5,
        "Total Revenue": 2,
        "Gross Profit": 1,
        "Operating Income": 0,
        "EBIT": 0,
        "Net Income": 1
    },
    "2020-09-30": {
        "Diluted EPS": -2.96,
        "Total Revenue": 1,
        "Gross Profit": 0,
        "Operating Income": -3,
        "EBIT": -1,
        "Net Income": -4
    },
    "2020-06-30": {
        "Diluted EPS": -18.0,
        "Total Revenue": 1,
        "Gross Profit": 0,
        "Operating Income": -1,
        "EBIT": 0,
        "Net Income": -2
    },
    "2020-03-31": {
        "Diluted EPS": -4.8,
        "Total Revenue": 1,
        "Gross Profit": 0,
        "Operating Income": -2,
        "EBIT": 0,
        "Net Income": -1
    },
    "2019-12-31": {
        "Diluted EPS": -6.0,
        "Total Revenue": NaN,
        "Gross Profit": NaN,
        "Operating Income": -1,
        "EBIT": -1,
        "Net Income": -1
    },
    "2019-09-30": {
        "Diluted EPS": -4.8,
        "Total Revenue": NaN,
        "Gross Profit": NaN,
        "Operating Income": -1,
        "EBIT": -1,
        "Net Income": -1
    },
    "2019-06-30": {
        "Diluted EPS": -10.8,
        "Total Revenue": NaN,
        "Gross Profit": NaN,
        "Operating Income": -1,
        "EBIT": -1,
        "Net Income": -2
    },
    "2019-03-31": {
        "Diluted EPS": 0.0,
        "Total Revenue": NaN,
        "Gross Profit": NaN,
        "Operating Income": -1,
        "EBIT": -1,
        "Net Income": 0
    },
    "2018-12-31": {
        "Diluted EPS": -18.6,
        "Total Revenue": NaN,
        "Gross Profit": NaN,
        "Operating Income": -1,
        "EBIT": -1,
        "Net Income": -2
    },
    "2018-09-30": {
        "Diluted EPS": -5.76,
        "Total Revenue": NaN,
        "Gross Profit": NaN,
        "Operating Income": -1,
        "EBIT": -1,
        "Net Income": -1
    },
    "2018-06-30": {
        "Diluted EPS": -10.2,
        "Total Revenue": NaN,
        "Gross Profit": NaN,
        "Operating Income": -1,
        "EBIT": -1,
        "Net Income": -1
    },
    "2018-03-31": {
        "Diluted EPS": -1.2,
        "Total Revenue": NaN,
        "Gross Profit": NaN,
        "Operating Income": -1,
        "EBIT": -1,
        "Net Income": 0
    },
    "2017-12-31": {
        "Diluted EPS": -50.39,
        "Total Revenue": NaN,
        "Gross Profit": NaN,
        "Operating Income": NaN,
        "EBIT": NaN,
        "Net Income": -3
    },
    "2017-09-30": {
        "Diluted EPS": -1.2,
        "Total Revenue": NaN,
        "Gross Profit": NaN,
        "Operating Income": NaN,
        "EBIT": NaN,
        "Net Income": 0
    },
    "2017-06-30": {
        "Diluted EPS": -1.2,
        "Total Revenue": NaN,
        "Gross Profit": NaN,
        "Operating Income": NaN,
        "EBIT": NaN,
        "Net Income": 0
    },
    "2017-03-31": {
        "Diluted EPS": 1.2,
        "Total Revenue": NaN,
        "Gross Profit": NaN,
        "Operating Income": NaN,
        "EBIT": NaN,
        "Net Income": 0
    },
    "2023-06-30": {
        "Tax Effect Of Unusual Items": NaN,
        "Tax Rate For Calcs": NaN,
        "Normalized EBITDA": NaN,
        "Total Unusual Items": NaN,
        "Total Unusual Items Excluding Goodwill": NaN,
        "Net Income From Continuing Operation Net Minority Interest": NaN,
        "Reconciled Depreciation": NaN,
        "Reconciled Cost Of Revenue": NaN,
        "EBITDA": NaN,
        "EBIT": NaN,
        "Net Interest Income": NaN,
        "Interest Expense": NaN,
        "Normalized Income": NaN,
        "Net Income From Continuing And Discontinued Operation": NaN,
        "Total Expenses": NaN,
        "Total Operating Income As Reported": NaN,
        "Diluted Average Shares": 15527824.0,
        "Basic Average Shares": 15527824.0,
        "Diluted EPS": -1.12,
        "Basic EPS": -1.12,
        "Diluted NI Availto Com Stockholders": NaN,
        "Net Income Common Stockholders": NaN,
        "Net Income": NaN,
        "Minority Interests": NaN,
        "Net Income Including Noncontrolling Interests": NaN,
        "Net Income Continuous Operations": NaN,
        "Tax Provision": NaN,
        "Pretax Income": NaN,
        "Other Income Expense": NaN,
        "Other Non Operating Income Expenses": NaN,
        "Special Income Charges": NaN,
        "Gain On Sale Of Ppe": NaN,
        "Gain On Sale Of Business": 0.0,
        "Write Off": 0.0,
        "Impairment Of Capital Assets": NaN,
        "Earnings From Equity Interest": NaN,
        "Gain On Sale Of Security": NaN,
        "Net Non Operating Interest Income Expense": NaN,
        "Interest Expense Non Operating": NaN,
        "Operating Income": NaN,
        "Operating Expense": NaN,
        "Depreciation Amortization Depletion Income Statement": NaN,
        "Depreciation And Amortization In Income Statement": NaN,
        "Selling General And Administration": NaN,
        "General And Administrative Expense": NaN,
        "Other Gand A": NaN,
        "Salaries And Wages": NaN,
        "Gross Profit": NaN,
        "Cost Of Revenue": NaN,
        "Total Revenue": NaN,
        "Operating Revenue": NaN
    },
    "2023-09-30": {
        "Tax Effect Of Unusual Items": 0.0,
        "Tax Rate For Calcs": 0.0,
        "Normalized EBITDA": -3602438.0,
        "Total Unusual Items": -2958520.0,
        "Total Unusual Items Excluding Goodwill": -2958520.0,
        "Net Income From Continuing Operation Net Minority Interest": -19047617.0,
        "Reconciled Depreciation": 12254807.0,
        "Reconciled Cost Of Revenue": 7336731.0,
        "EBITDA": -6560958.0,
        "EBIT": -18815765.0,
        "Net Interest Income": -514953.0,
        "Interest Expense": 514953.0,
        "Normalized Income": -16089097.0,
        "Net Income From Continuing And Discontinued Operation": -19047617.0,
        "Total Expenses": 27031298.0,
        "Total Operating Income As Reported": -16219506.0,
        "Diluted Average Shares": 16500833.0,
        "Basic Average Shares": 16500833.0,
        "Diluted EPS": -1.15,
        "Basic EPS": -1.15,
        "Diluted NI Availto Com Stockholders": -19047617.0,
        "Net Income Common Stockholders": -19047617.0,
        "Net Income": -19047617.0,
        "Minority Interests": 283101.0,
        "Net Income Including Noncontrolling Interests": -19330718.0,
        "Net Income Continuous Operations": -19330718.0,
        "Tax Provision": 0.0,
        "Pretax Income": -19330718.0,
        "Other Income Expense": -3117097.0,
        "Other Non Operating Income Expenses": -158577.0,
        "Special Income Charges": -1837063.0,
        "Gain On Sale Of Ppe": 0.0,
        "Gain On Sale Of Business": 0.0,
        "Write Off": 1837063.0,
        "Impairment Of Capital Assets": NaN,
        "Earnings From Equity Interest": 0.0,
        "Gain On Sale Of Security": -1121457.0,
        "Net Non Operating Interest Income Expense": -514953.0,
        "Interest Expense Non Operating": 514953.0,
        "Operating Income": -15698668.0,
        "Operating Expense": 19315378.0,
        "Depreciation Amortization Depletion Income Statement": 11875618.0,
        "Depreciation And Amortization In Income Statement": 11875618.0,
        "Selling General And Administration": 7439760.0,
        "General And Administrative Expense": 7439760.0,
        "Other Gand A": 3655444.0,
        "Salaries And Wages": 3784316.0,
        "Gross Profit": 3616710.0,
        "Cost Of Revenue": 7715920.0,
        "Total Revenue": 11332630.0,
        "Operating Revenue": 11332630.0
    },
    "2023-12-31": {
        "Tax Effect Of Unusual Items": 1796468.31,
        "Tax Rate For Calcs": 0.21,
        "Normalized EBITDA": -4275402.0,
        "Total Unusual Items": 8554611.0,
        "Total Unusual Items Excluding Goodwill": 8554611.0,
        "Net Income From Continuing Operation Net Minority Interest": -12928274.0,
        "Reconciled Depreciation": 9831296.0,
        "Reconciled Cost Of Revenue": 8755938.0,
        "EBITDA": 4279209.0,
        "EBIT": -5552087.0,
        "Net Interest Income": -987703.0,
        "Interest Expense": 987703.0,
        "Normalized Income": -19686416.69,
        "Net Income From Continuing And Discontinued Operation": -12928274.0,
        "Total Expenses": 28225511.0,
        "Total Operating Income As Reported": -14804081.0,
        "Diluted Average Shares": NaN,
        "Basic Average Shares": NaN,
        "Diluted EPS": NaN,
        "Basic EPS": NaN,
        "Diluted NI Availto Com Stockholders": -12928274.0,
        "Net Income Common Stockholders": -12928274.0,
        "Net Income": -12928274.0,
        "Minority Interests": -2744319.0,
        "Net Income Including Noncontrolling Interests": -10183955.0,
        "Net Income Continuous Operations": -10183955.0,
        "Tax Provision": 3644165.0,
        "Pretax Income": -6539790.0,
        "Other Income Expense": 8656474.0,
        "Other Non Operating Income Expenses": 101863.0,
        "Special Income Charges": 9472976.0,
        "Gain On Sale Of Ppe": 0.0,
        "Gain On Sale Of Business": NaN,
        "Write Off": 0.0,
        "Impairment Of Capital Assets": NaN,
        "Earnings From Equity Interest": 0.0,
        "Gain On Sale Of Security": -918365.0,
        "Net Non Operating Interest Income Expense": -987703.0,
        "Interest Expense Non Operating": 987703.0,
        "Operating Income": -14208561.0,
        "Operating Expense": 19090887.0,
        "Depreciation Amortization Depletion Income Statement": 9452610.0,
        "Depreciation And Amortization In Income Statement": 9452610.0,
        "Selling General And Administration": 9638277.0,
        "General And Administrative Expense": 9638277.0,
        "Other Gand A": 4279374.0,
        "Salaries And Wages": 5358903.0,
        "Gross Profit": 4882326.0,
        "Cost Of Revenue": 9134624.0,
        "Total Revenue": 14016950.0,
        "Operating Revenue": 14016950.0
    },
    "2024-03-31": {
        "Tax Effect Of Unusual Items": -30210.354,
        "Tax Rate For Calcs": 0.003,
        "Normalized EBITDA": -869210.0,
        "Total Unusual Items": -10070118.0,
        "Total Unusual Items Excluding Goodwill": -10070118.0,
        "Net Income From Continuing Operation Net Minority Interest": -19764199.0,
        "Reconciled Depreciation": 8354764.0,
        "Reconciled Cost Of Revenue": 11430480.0,
        "EBITDA": -10939328.0,
        "EBIT": -19294092.0,
        "Net Interest Income": -734580.0,
        "Interest Expense": 734580.0,
        "Normalized Income": -9724291.354,
        "Net Income From Continuing And Discontinued Operation": -19764199.0,
        "Total Expenses": 28150651.0,
        "Total Operating Income As Reported": -7693190.0,
        "Diluted Average Shares": 16644711.0,
        "Basic Average Shares": 16644711.0,
        "Diluted EPS": -1.19,
        "Basic EPS": -1.19,
        "Diluted NI Availto Com Stockholders": -19764199.0,
        "Net Income Common Stockholders": -19764199.0,
        "Net Income": -19764199.0,
        "Minority Interests": 205086.0,
        "Net Income Including Noncontrolling Interests": -19969285.0,
        "Net Income Continuous Operations": -19969285.0,
        "Tax Provision": -59387.0,
        "Pretax Income": -20028672.0,
        "Other Income Expense": -9914750.0,
        "Other Non Operating Income Expenses": 155368.0,
        "Special Income Charges": -11925908.0,
        "Gain On Sale Of Ppe": 0.0,
        "Gain On Sale Of Business": -11925908.0,
        "Write Off": NaN,
        "Impairment Of Capital Assets": 0.0,
        "Earnings From Equity Interest": 0.0,
        "Gain On Sale Of Security": 1855790.0,
        "Net Non Operating Interest Income Expense": -734580.0,
        "Interest Expense Non Operating": 734580.0,
        "Operating Income": -9379342.0,
        "Operating Expense": 16364483.0,
        "Depreciation Amortization Depletion Income Statement": 7999076.0,
        "Depreciation And Amortization In Income Statement": 7999076.0,
        "Selling General And Administration": 8365407.0,
        "General And Administrative Expense": 8365407.0,
        "Other Gand A": 3463923.0,
        "Salaries And Wages": 4901484.0,
        "Gross Profit": 6985141.0,
        "Cost Of Revenue": 11786168.0,
        "Total Revenue": 18771309.0,
        "Operating Revenue": 18771309.0
    },
    "2024-06-30": {
        "Tax Effect Of Unusual Items": -450529.17,
        "Tax Rate For Calcs": 0.21,
        "Normalized EBITDA": -97095.0,
        "Total Unusual Items": -2145377.0,
        "Total Unusual Items Excluding Goodwill": -2145377.0,
        "Net Income From Continuing Operation Net Minority Interest": -9618693.0,
        "Reconciled Depreciation": 4870557.0,
        "Reconciled Cost Of Revenue": 8528419.0,
        "EBITDA": -2242472.0,
        "EBIT": -7113029.0,
        "Net Interest Income": -752945.0,
        "Interest Expense": 752945.0,
        "Normalized Income": -7923845.17,
        "Net Income From Continuing And Discontinued Operation": -9618693.0,
        "Total Expenses": 18094381.0,
        "Total Operating Income As Reported": -6757365.0,
        "Diluted Average Shares": 17412862.0,
        "Basic Average Shares": 17412862.0,
        "Diluted EPS": -0.55,
        "Basic EPS": -0.55,
        "Diluted NI Availto Com Stockholders": -9618693.0,
        "Net Income Common Stockholders": -9618693.0,
        "Net Income": -9618693.0,
        "Minority Interests": 0.0,
        "Net Income Including Noncontrolling Interests": -9618693.0,
        "Net Income Continuous Operations": -9618693.0,
        "Tax Provision": 1752719.0,
        "Pretax Income": -7865974.0,
        "Other Income Expense": -2130767.0,
        "Other Non Operating Income Expenses": 14610.0,
        "Special Income Charges": -84744.0,
        "Gain On Sale Of Ppe": 0.0,
        "Gain On Sale Of Business": -84744.0,
        "Write Off": NaN,
        "Impairment Of Capital Assets": NaN,
        "Earnings From Equity Interest": 0.0,
        "Gain On Sale Of Security": -2060633.0,
        "Net Non Operating Interest Income Expense": -752945.0,
        "Interest Expense Non Operating": 752945.0,
        "Operating Income": -4982262.0,
        "Operating Expense": 9299739.0,
        "Depreciation Amortization Depletion Income Statement": 4604334.0,
        "Depreciation And Amortization In Income Statement": 4604334.0,
        "Selling General And Administration": 4695405.0,
        "General And Administrative Expense": 4695405.0,
        "Other Gand A": 3642157.0,
        "Salaries And Wages": 1053248.0,
        "Gross Profit": 4317477.0,
        "Cost Of Revenue": 8794642.0,
        "Total Revenue": 13112119.0,
        "Operating Revenue": 13112119.0
    },
    "2024-09-30": {
        "Tax Effect Of Unusual Items": -58217.571,
        "Tax Rate For Calcs": 0.051,
        "Normalized EBITDA": -5781884.0,
        "Total Unusual Items": -1141521.0,
        "Total Unusual Items Excluding Goodwill": -1141521.0,
        "Net Income From Continuing Operation Net Minority Interest": -12227738.0,
        "Reconciled Depreciation": 5151565.0,
        "Reconciled Cost Of Revenue": 6452723.0,
        "EBITDA": -6923405.0,
        "EBIT": -12074970.0,
        "Net Interest Income": -801625.0,
        "Interest Expense": 801625.0,
        "Normalized Income": -11144434.571,
        "Net Income From Continuing And Discontinued Operation": -12227738.0,
        "Total Expenses": 22925455.0,
        "Total Operating Income As Reported": -11398584.0,
        "Diluted Average Shares": 18519572.0,
        "Basic Average Shares": 18519572.0,
        "Diluted EPS": -0.66,
        "Basic EPS": -0.66,
        "Diluted NI Availto Com Stockholders": -12227738.0,
        "Net Income Common Stockholders": -12227738.0,
        "Net Income": -12227738.0,
        "Minority Interests": 0.0,
        "Net Income Including Noncontrolling Interests": -12227738.0,
        "Net Income Continuous Operations": -12227738.0,
        "Tax Provision": -648857.0,
        "Pretax Income": -12876595.0,
        "Other Income Expense": -1465532.0,
        "Other Non Operating Income Expenses": -324011.0,
        "Special Income Charges": 0.0,
        "Gain On Sale Of Ppe": 0.0,
        "Gain On Sale Of Business": 0.0,
        "Write Off": 0.0,
        "Impairment Of Capital Assets": NaN,
        "Earnings From Equity Interest": 0.0,
        "Gain On Sale Of Security": -1141521.0,
        "Net Non Operating Interest Income Expense": -801625.0,
        "Interest Expense Non Operating": 801625.0,
        "Operating Income": -10609438.0,
        "Operating Expense": 14929015.0,
        "Depreciation Amortization Depletion Income Statement": 3607848.0,
        "Depreciation And Amortization In Income Statement": 3607848.0,
        "Selling General And Administration": 11321167.0,
        "General And Administrative Expense": 11321167.0,
        "Other Gand A": 6000344.0,
        "Salaries And Wages": 5320823.0,
        "Gross Profit": 4319577.0,
        "Cost Of Revenue": 7996440.0,
        "Total Revenue": 12316017.0,
        "Operating Revenue": 12316017.0
    }
}