{
    "2023-03-31": {
        "Tax Effect Of Unusual Items": 0.0,
        "Tax Rate For Calcs": 0.21,
        "Normalized EBITDA": -24206000.0,
        "Total Unusual Items": NaN,
        "Total Unusual Items Excluding Goodwill": NaN,
        "Net Income From Continuing Operation Net Minority Interest": -30130000.0,
        "Reconciled Depreciation": 1481000.0,
        "Reconciled Cost Of Revenue": 4979000.0,
        "EBITDA": -24206000.0,
        "EBIT": -25687000.0,
        "Net Interest Income": -1970000.0,
        "Interest Expense": 4242000.0,
        "Interest Income": 2272000.0,
        "Normalized Income": -30130000.0,
        "Net Income From Continuing And Discontinued Operation": -30130000.0,
        "Total Expenses": 58746000.0,
        "Total Operating Income As Reported": -27148000.0,
        "Diluted NI Availto Com Stockholders": -30130000.0,
        "Net Income Common Stockholders": -30130000.0,
        "Net Income": -30130000.0,
        "Net Income Including Noncontrolling Interests": -30130000.0,
        "Net Income Continuous Operations": -30130000.0,
        "Tax Provision": 201000.0,
        "Pretax Income": -29929000.0,
        "Other Income Expense": -811000.0,
        "Other Non Operating Income Expenses": -811000.0,
        "Gain On Sale Of Security": NaN,
        "Net Non Operating Interest Income Expense": -1970000.0,
        "Interest Expense Non Operating": 4242000.0,
        "Interest Income Non Operating": 2272000.0,
        "Operating Income": -27148000.0,
        "Operating Expense": 53767000.0,
        "Research And Development": 23548000.0,
        "Selling General And Administration": 30219000.0,
        "General And Administrative Expense": NaN,
        "Other Gand A": NaN,
        "Salaries And Wages": NaN,
        "Gross Profit": 26619000.0,
        "Cost Of Revenue": 4979000.0,
        "Total Revenue": 31598000.0,
        "Operating Revenue": 31598000.0
    },
    "2022-12-31": {
        "Tax Effect Of Unusual Items": 141540.0,
        "Tax Rate For Calcs": 0.21,
        "Normalized EBITDA": -31277000.0,
        "Total Unusual Items": 674000.0,
        "Total Unusual Items Excluding Goodwill": 674000.0,
        "Net Income From Continuing Operation Net Minority Interest": -36431000.0,
        "Reconciled Depreciation": 1329000.0,
        "Reconciled Cost Of Revenue": 4494000.0,
        "EBITDA": -30603000.0,
        "EBIT": -31932000.0,
        "Net Interest Income": -2216000.0,
        "Interest Expense": 4359000.0,
        "Interest Income": 2143000.0,
        "Normalized Income": -36963460.0,
        "Net Income From Continuing And Discontinued Operation": -36431000.0,
        "Total Expenses": 62067000.0,
        "Total Operating Income As Reported": -34161000.0,
        "Diluted NI Availto Com Stockholders": -36282000.0,
        "Net Income Common Stockholders": -36431000.0,
        "Net Income": -36431000.0,
        "Net Income Including Noncontrolling Interests": -36431000.0,
        "Net Income Continuous Operations": -36431000.0,
        "Tax Provision": 140000.0,
        "Pretax Income": -36291000.0,
        "Other Income Expense": 86000.0,
        "Other Non Operating Income Expenses": -588000.0,
        "Gain On Sale Of Security": 674000.0,
        "Net Non Operating Interest Income Expense": -2216000.0,
        "Interest Expense Non Operating": 4359000.0,
        "Interest Income Non Operating": 2143000.0,
        "Operating Income": -34161000.0,
        "Operating Expense": 57573000.0,
        "Research And Development": 31105000.0,
        "Selling General And Administration": 26468000.0,
        "General And Administrative Expense": NaN,
        "Other Gand A": NaN,
        "Salaries And Wages": NaN,
        "Gross Profit": 23412000.0,
        "Cost Of Revenue": 4494000.0,
        "Total Revenue": 27906000.0,
        "Operating Revenue": 27906000.0
    },
    "2022-09-30": {
        "Tax Effect Of Unusual Items": 0.0,
        "Tax Rate For Calcs": 0.4,
        "Normalized EBITDA": -30518000.0,
        "Total Unusual Items": NaN,
        "Total Unusual Items Excluding Goodwill": NaN,
        "Net Income From Continuing Operation Net Minority Interest": -35706000.0,
        "Reconciled Depreciation": 1204000.0,
        "Reconciled Cost Of Revenue": 2932000.0,
        "EBITDA": -30518000.0,
        "EBIT": -31722000.0,
        "Net Interest Income": -2619000.0,
        "Interest Expense": 3971000.0,
        "Interest Income": 1352000.0,
        "Normalized Income": -35706000.0,
        "Net Income From Continuing And Discontinued Operation": -35706000.0,
        "Total Expenses": 51662000.0,
        "Total Operating Income As Reported": -32882000.0,
        "Diluted Average Shares": 34927790.0,
        "Basic Average Shares": 34927790.0,
        "Diluted EPS": -1.02,
        "Basic EPS": -1.02,
        "Diluted NI Availto Com Stockholders": -35706000.0,
        "Average Dilution Earnings": 0.0,
        "Net Income Common Stockholders": -35706000.0,
        "Net Income": -35706000.0,
        "Net Income Including Noncontrolling Interests": -35706000.0,
        "Net Income Continuous Operations": -35706000.0,
        "Tax Provision": 13000.0,
        "Pretax Income": -35693000.0,
        "Other Income Expense": -192000.0,
        "Other Non Operating Income Expenses": -192000.0,
        "Gain On Sale Of Security": NaN,
        "Net Non Operating Interest Income Expense": -2619000.0,
        "Interest Expense Non Operating": 3971000.0,
        "Interest Income Non Operating": 1352000.0,
        "Operating Income": -32882000.0,
        "Operating Expense": 48730000.0,
        "Research And Development": 26217000.0,
        "Selling General And Administration": 22513000.0,
        "General And Administrative Expense": NaN,
        "Other Gand A": NaN,
        "Salaries And Wages": NaN,
        "Gross Profit": 15848000.0,
        "Cost Of Revenue": 2932000.0,
        "Total Revenue": 18780000.0,
        "Operating Revenue": 18780000.0
    },
    "2022-06-30": {
        "Tax Effect Of Unusual Items": 45510.569688,
        "Tax Rate For Calcs": 0.196166,
        "Normalized EBITDA": -29144000.0,
        "Total Unusual Items": 232000.0,
        "Total Unusual Items Excluding Goodwill": 232000.0,
        "Net Income From Continuing Operation Net Minority Interest": -26922000.0,
        "Reconciled Depreciation": 705000.0,
        "Reconciled Cost Of Revenue": 2524000.0,
        "EBITDA": -28912000.0,
        "EBIT": -29617000.0,
        "Net Interest Income": -3582000.0,
        "Interest Expense": 3875000.0,
        "Interest Income": 293000.0,
        "Normalized Income": -27108489.430312,
        "Net Income From Continuing And Discontinued Operation": -26922000.0,
        "Total Expenses": 48925000.0,
        "Total Operating Income As Reported": -31441000.0,
        "Diluted Average Shares": 32179171.0,
        "Basic Average Shares": 32164174.0,
        "Diluted EPS": -0.84,
        "Basic EPS": -0.84,
        "Diluted NI Availto Com Stockholders": -27121000.0,
        "Average Dilution Earnings": -199000.0,
        "Net Income Common Stockholders": -26922000.0,
        "Net Income": -26922000.0,
        "Net Income Including Noncontrolling Interests": -26922000.0,
        "Net Income Continuous Operations": -26922000.0,
        "Tax Provision": -6570000.0,
        "Pretax Income": -33492000.0,
        "Other Income Expense": 1531000.0,
        "Other Non Operating Income Expenses": 1299000.0,
        "Gain On Sale Of Security": 232000.0,
        "Net Non Operating Interest Income Expense": -3582000.0,
        "Interest Expense Non Operating": 3875000.0,
        "Interest Income Non Operating": 293000.0,
        "Operating Income": -31441000.0,
        "Operating Expense": 46401000.0,
        "Research And Development": 25432000.0,
        "Selling General And Administration": 20969000.0,
        "General And Administrative Expense": NaN,
        "Other Gand A": NaN,
        "Salaries And Wages": NaN,
        "Gross Profit": 14960000.0,
        "Cost Of Revenue": 2524000.0,
        "Total Revenue": 17484000.0,
        "Operating Revenue": 17484000.0
    },
    "2022-03-31": {
        "Diluted EPS": -1.17,
        "Total Revenue": 13,
        "Gross Profit": 10,
        "Operating Income": -33,
        "EBIT": -32,
        "Net Income": -37
    },
    "2021-12-31": {
        "Diluted EPS": 1.91,
        "Total Revenue": 3,
        "Gross Profit": 3,
        "Operating Income": -46,
        "EBIT": -45,
        "Net Income": 58
    },
    "2021-09-30": {
        "Diluted EPS": -1.55,
        "Total Revenue": 5,
        "Gross Profit": 5,
        "Operating Income": -43,
        "EBIT": -43,
        "Net Income": -47
    },
    "2021-06-30": {
        "Diluted EPS": -1.45,
        "Total Revenue": 11,
        "Gross Profit": 11,
        "Operating Income": -37,
        "EBIT": -37,
        "Net Income": -44
    },
    "2021-03-31": {
        "Diluted EPS": -1.68,
        "Total Revenue": NaN,
        "Gross Profit": NaN,
        "Operating Income": -48,
        "EBIT": -47,
        "Net Income": -51
    },
    "2020-12-31": {
        "Diluted EPS": -1.44,
        "Total Revenue": NaN,
        "Gross Profit": NaN,
        "Operating Income": -37,
        "EBIT": -37,
        "Net Income": -37
    },
    "2020-09-30": {
        "Diluted EPS": -0.86,
        "Total Revenue": NaN,
        "Gross Profit": NaN,
        "Operating Income": -22,
        "EBIT": -22,
        "Net Income": -22
    },
    "2020-06-30": {
        "Diluted EPS": -0.93,
        "Total Revenue": NaN,
        "Gross Profit": NaN,
        "Operating Income": -24,
        "EBIT": -23,
        "Net Income": -23
    },
    "2020-03-31": {
        "Diluted EPS": -0.86,
        "Total Revenue": NaN,
        "Gross Profit": NaN,
        "Operating Income": -22,
        "EBIT": -22,
        "Net Income": -21
    },
    "2019-12-31": {
        "Diluted EPS": 3.94,
        "Total Revenue": NaN,
        "Gross Profit": NaN,
        "Operating Income": -19,
        "EBIT": -19,
        "Net Income": -18
    },
    "2019-09-30": {
        "Diluted EPS": -0.84,
        "Total Revenue": NaN,
        "Gross Profit": NaN,
        "Operating Income": -16,
        "EBIT": -16,
        "Net Income": -15
    },
    "2019-06-30": {
        "Diluted EPS": -5.31,
        "Total Revenue": NaN,
        "Gross Profit": NaN,
        "Operating Income": -14,
        "EBIT": -14,
        "Net Income": -14
    },
    "2019-03-31": {
        "Diluted EPS": -2.37,
        "Total Revenue": NaN,
        "Gross Profit": NaN,
        "Operating Income": -6,
        "EBIT": -6,
        "Net Income": -6
    },
    "2018-12-31": {
        "Diluted EPS": 0.0,
        "Total Revenue": NaN,
        "Gross Profit": NaN,
        "Operating Income": NaN,
        "EBIT": NaN,
        "Net Income": NaN
    },
    "2018-09-30": {
        "Diluted EPS": -0.14,
        "Total Revenue": NaN,
        "Gross Profit": NaN,
        "Operating Income": 0,
        "EBIT": 0,
        "Net Income": 0
    },
    "2023-06-30": {
        "Tax Effect Of Unusual Items": 0.0,
        "Tax Rate For Calcs": 0.21,
        "Normalized EBITDA": -68804000.0,
        "Total Unusual Items": NaN,
        "Total Unusual Items Excluding Goodwill": NaN,
        "Net Income From Continuing Operation Net Minority Interest": -74038000.0,
        "Reconciled Depreciation": 1192000.0,
        "Reconciled Cost Of Revenue": 6812000.0,
        "EBITDA": -68804000.0,
        "EBIT": -69996000.0,
        "Net Interest Income": -99000.0,
        "Interest Expense": 3726000.0,
        "Interest Income": 3627000.0,
        "Normalized Income": -74038000.0,
        "Net Income From Continuing And Discontinued Operation": -74038000.0,
        "Total Expenses": 61770000.0,
        "Total Operating Income As Reported": -24273000.0,
        "Diluted NI Availto Com Stockholders": -74038000.0,
        "Net Income Common Stockholders": -74038000.0,
        "Net Income": -74038000.0,
        "Net Income Including Noncontrolling Interests": -74038000.0,
        "Net Income Continuous Operations": -74038000.0,
        "Tax Provision": 316000.0,
        "Pretax Income": -73722000.0,
        "Other Income Expense": -49350000.0,
        "Other Non Operating Income Expenses": -49350000.0,
        "Gain On Sale Of Security": NaN,
        "Net Non Operating Interest Income Expense": -99000.0,
        "Interest Expense Non Operating": 3726000.0,
        "Interest Income Non Operating": 3627000.0,
        "Operating Income": -24273000.0,
        "Operating Expense": 54958000.0,
        "Research And Development": 22009000.0,
        "Selling General And Administration": 32949000.0,
        "General And Administrative Expense": 32949000.0,
        "Other Gand A": 27264000.0,
        "Salaries And Wages": 5685000.0,
        "Gross Profit": 30685000.0,
        "Cost Of Revenue": 6812000.0,
        "Total Revenue": 37497000.0,
        "Operating Revenue": 37497000.0
    },
    "2023-09-30": {
        "Tax Effect Of Unusual Items": 0.0,
        "Tax Rate For Calcs": 0.21,
        "Normalized EBITDA": -17103000.0,
        "Total Unusual Items": NaN,
        "Total Unusual Items Excluding Goodwill": NaN,
        "Net Income From Continuing Operation Net Minority Interest": -23588000.0,
        "Reconciled Depreciation": 2662000.0,
        "Reconciled Cost Of Revenue": 10228000.0,
        "EBITDA": -17103000.0,
        "EBIT": -19765000.0,
        "Net Interest Income": 487000.0,
        "Interest Expense": 3574000.0,
        "Interest Income": 4061000.0,
        "Normalized Income": -23588000.0,
        "Net Income From Continuing And Discontinued Operation": -23588000.0,
        "Total Expenses": 72873000.0,
        "Total Operating Income As Reported": -25148000.0,
        "Diluted NI Availto Com Stockholders": -23588000.0,
        "Net Income Common Stockholders": -23588000.0,
        "Net Income": -23588000.0,
        "Net Income Including Noncontrolling Interests": -23588000.0,
        "Net Income Continuous Operations": -23588000.0,
        "Tax Provision": 249000.0,
        "Pretax Income": -23339000.0,
        "Other Income Expense": 1322000.0,
        "Other Non Operating Income Expenses": 1322000.0,
        "Gain On Sale Of Security": NaN,
        "Net Non Operating Interest Income Expense": 487000.0,
        "Interest Expense Non Operating": 3574000.0,
        "Interest Income Non Operating": 4061000.0,
        "Operating Income": -25148000.0,
        "Operating Expense": 62645000.0,
        "Research And Development": 26117000.0,
        "Selling General And Administration": 36528000.0,
        "General And Administrative Expense": NaN,
        "Other Gand A": NaN,
        "Salaries And Wages": NaN,
        "Gross Profit": 37497000.0,
        "Cost Of Revenue": 10228000.0,
        "Total Revenue": 47725000.0,
        "Operating Revenue": 47725000.0
    }
}