{
    "2023-03-31": {
        "Tax Effect Of Unusual Items": NaN,
        "Tax Rate For Calcs": NaN,
        "Normalized EBITDA": NaN,
        "Net Income From Continuing Operation Net Minority Interest": NaN,
        "Reconciled Depreciation": NaN,
        "EBITDA": NaN,
        "EBIT": NaN,
        "Net Interest Income": NaN,
        "Interest Expense": NaN,
        "Interest Income": NaN,
        "Normalized Income": NaN,
        "Net Income From Continuing And Discontinued Operation": NaN,
        "Total Expenses": NaN,
        "Total Operating Income As Reported": NaN,
        "Diluted Average Shares": 42853275.0,
        "Basic Average Shares": 42853275.0,
        "Diluted EPS": -0.35,
        "Basic EPS": -0.35,
        "Diluted NI Availto Com Stockholders": NaN,
        "Net Income Common Stockholders": NaN,
        "Net Income": NaN,
        "Net Income Including Noncontrolling Interests": NaN,
        "Net Income Continuous Operations": NaN,
        "Pretax Income": NaN,
        "Net Non Operating Interest Income Expense": NaN,
        "Interest Expense Non Operating": NaN,
        "Interest Income Non Operating": NaN,
        "Operating Income": NaN,
        "Operating Expense": NaN,
        "Research And Development": NaN,
        "Selling General And Administration": NaN,
        "Selling And Marketing Expense": NaN,
        "General And Administrative Expense": NaN,
        "Other Gand A": NaN,
        "Total Revenue": NaN,
        "Operating Revenue": NaN
    },
    "2022-12-31": {
        "Tax Effect Of Unusual Items": NaN,
        "Tax Rate For Calcs": NaN,
        "Normalized EBITDA": NaN,
        "Net Income From Continuing Operation Net Minority Interest": NaN,
        "Reconciled Depreciation": NaN,
        "EBITDA": NaN,
        "EBIT": NaN,
        "Net Interest Income": NaN,
        "Interest Expense": NaN,
        "Interest Income": NaN,
        "Normalized Income": NaN,
        "Net Income From Continuing And Discontinued Operation": NaN,
        "Total Expenses": NaN,
        "Total Operating Income As Reported": NaN,
        "Diluted Average Shares": 42780252.0,
        "Basic Average Shares": 42780252.0,
        "Diluted EPS": -0.31,
        "Basic EPS": -0.31,
        "Diluted NI Availto Com Stockholders": NaN,
        "Net Income Common Stockholders": NaN,
        "Net Income": NaN,
        "Net Income Including Noncontrolling Interests": NaN,
        "Net Income Continuous Operations": NaN,
        "Pretax Income": NaN,
        "Net Non Operating Interest Income Expense": NaN,
        "Interest Expense Non Operating": NaN,
        "Interest Income Non Operating": NaN,
        "Operating Income": NaN,
        "Operating Expense": NaN,
        "Research And Development": NaN,
        "Selling General And Administration": NaN,
        "Selling And Marketing Expense": NaN,
        "General And Administrative Expense": NaN,
        "Other Gand A": NaN,
        "Total Revenue": NaN,
        "Operating Revenue": NaN
    },
    "2022-09-30": {
        "Tax Effect Of Unusual Items": NaN,
        "Tax Rate For Calcs": NaN,
        "Normalized EBITDA": NaN,
        "Net Income From Continuing Operation Net Minority Interest": NaN,
        "Reconciled Depreciation": NaN,
        "EBITDA": NaN,
        "EBIT": NaN,
        "Net Interest Income": NaN,
        "Interest Expense": 0.0,
        "Interest Income": NaN,
        "Normalized Income": NaN,
        "Net Income From Continuing And Discontinued Operation": NaN,
        "Total Expenses": NaN,
        "Total Operating Income As Reported": NaN,
        "Diluted Average Shares": NaN,
        "Basic Average Shares": NaN,
        "Diluted EPS": NaN,
        "Basic EPS": NaN,
        "Diluted NI Availto Com Stockholders": NaN,
        "Net Income Common Stockholders": NaN,
        "Net Income": NaN,
        "Net Income Including Noncontrolling Interests": NaN,
        "Net Income Continuous Operations": NaN,
        "Pretax Income": NaN,
        "Net Non Operating Interest Income Expense": NaN,
        "Interest Expense Non Operating": 0.0,
        "Interest Income Non Operating": NaN,
        "Operating Income": NaN,
        "Operating Expense": NaN,
        "Research And Development": NaN,
        "Selling General And Administration": NaN,
        "Selling And Marketing Expense": NaN,
        "General And Administrative Expense": NaN,
        "Other Gand A": NaN,
        "Total Revenue": NaN,
        "Operating Revenue": NaN
    },
    "2022-06-30": {
        "Tax Effect Of Unusual Items": 0.0,
        "Tax Rate For Calcs": 0.0,
        "Normalized EBITDA": -16782000.0,
        "Net Income From Continuing Operation Net Minority Interest": -16648000.0,
        "Reconciled Depreciation": 24000.0,
        "EBITDA": -16782000.0,
        "EBIT": -16806000.0,
        "Net Interest Income": 158000.0,
        "Interest Expense": NaN,
        "Interest Income": 158000.0,
        "Normalized Income": -16648000.0,
        "Net Income From Continuing And Discontinued Operation": -16648000.0,
        "Total Expenses": 16806000.0,
        "Total Operating Income As Reported": -16806000.0,
        "Diluted Average Shares": 42278563.0,
        "Basic Average Shares": 42278563.0,
        "Diluted EPS": -0.39,
        "Basic EPS": -0.39,
        "Diluted NI Availto Com Stockholders": -16648000.0,
        "Net Income Common Stockholders": -16648000.0,
        "Net Income": -16648000.0,
        "Net Income Including Noncontrolling Interests": -16648000.0,
        "Net Income Continuous Operations": -16648000.0,
        "Pretax Income": -16648000.0,
        "Net Non Operating Interest Income Expense": 158000.0,
        "Interest Expense Non Operating": NaN,
        "Interest Income Non Operating": 158000.0,
        "Operating Income": -16806000.0,
        "Operating Expense": 16806000.0,
        "Research And Development": 10657000.0,
        "Selling General And Administration": 6149000.0,
        "Selling And Marketing Expense": 2231000.0,
        "General And Administrative Expense": 3918000.0,
        "Other Gand A": 3918000.0,
        "Total Revenue": 0.0,
        "Operating Revenue": 0.0
    },
    "2022-03-31": {
        "Diluted EPS": -0.33,
        "Total Revenue": NaN,
        "Gross Profit": NaN,
        "Operating Income": -14,
        "EBIT": -14,
        "Net Income": -14
    },
    "2021-12-31": {
        "Diluted EPS": -0.4,
        "Total Revenue": NaN,
        "Gross Profit": NaN,
        "Operating Income": -17,
        "EBIT": -17,
        "Net Income": -17
    },
    "2021-09-30": {
        "Diluted EPS": -0.34,
        "Total Revenue": NaN,
        "Gross Profit": NaN,
        "Operating Income": -14,
        "EBIT": -14,
        "Net Income": -14
    },
    "2021-06-30": {
        "Diluted EPS": 0.02,
        "Total Revenue": 15,
        "Gross Profit": 15,
        "Operating Income": 1,
        "EBIT": 1,
        "Net Income": 1
    },
    "2021-03-31": {
        "Diluted EPS": -0.3,
        "Total Revenue": NaN,
        "Gross Profit": NaN,
        "Operating Income": -13,
        "EBIT": -13,
        "Net Income": -13
    },
    "2020-12-31": {
        "Diluted EPS": -0.1,
        "Total Revenue": NaN,
        "Gross Profit": NaN,
        "Operating Income": -9,
        "EBIT": -9,
        "Net Income": -9
    },
    "2020-09-30": {
        "Diluted EPS": -0.4,
        "Total Revenue": NaN,
        "Gross Profit": NaN,
        "Operating Income": -12,
        "EBIT": -12,
        "Net Income": -12
    },
    "2020-06-30": {
        "Diluted EPS": -0.53,
        "Total Revenue": NaN,
        "Gross Profit": NaN,
        "Operating Income": -13,
        "EBIT": -13,
        "Net Income": -13
    },
    "2020-03-31": {
        "Diluted EPS": -0.67,
        "Total Revenue": NaN,
        "Gross Profit": NaN,
        "Operating Income": -17,
        "EBIT": -17,
        "Net Income": -16
    },
    "2019-12-31": {
        "Diluted EPS": 15.38,
        "Total Revenue": NaN,
        "Gross Profit": NaN,
        "Operating Income": -19,
        "EBIT": -19,
        "Net Income": -18
    },
    "2019-09-30": {
        "Diluted EPS": -0.52,
        "Total Revenue": NaN,
        "Gross Profit": NaN,
        "Operating Income": -14,
        "EBIT": -14,
        "Net Income": -13
    },
    "2019-06-30": {
        "Diluted EPS": -1.04,
        "Total Revenue": NaN,
        "Gross Profit": NaN,
        "Operating Income": -14,
        "EBIT": -14,
        "Net Income": -14
    },
    "2019-03-31": {
        "Diluted EPS": -17.32,
        "Total Revenue": NaN,
        "Gross Profit": NaN,
        "Operating Income": -11,
        "EBIT": -11,
        "Net Income": -10
    },
    "2018-12-31": {
        "Diluted EPS": -24.19,
        "Total Revenue": NaN,
        "Gross Profit": NaN,
        "Operating Income": -10,
        "EBIT": -10,
        "Net Income": -10
    },
    "2018-09-30": {
        "Diluted EPS": -20.16,
        "Total Revenue": NaN,
        "Gross Profit": NaN,
        "Operating Income": -6,
        "EBIT": -6,
        "Net Income": -6
    },
    "2018-06-30": {
        "Diluted EPS": -12.71,
        "Total Revenue": NaN,
        "Gross Profit": NaN,
        "Operating Income": -4,
        "EBIT": -4,
        "Net Income": -4
    },
    "2018-03-31": {
        "Diluted EPS": -15.57,
        "Total Revenue": NaN,
        "Gross Profit": NaN,
        "Operating Income": -4,
        "EBIT": -4,
        "Net Income": -4
    },
    "2017-12-31": {
        "Diluted EPS": 0.0,
        "Total Revenue": NaN,
        "Gross Profit": NaN,
        "Operating Income": NaN,
        "EBIT": NaN,
        "Net Income": NaN
    },
    "2023-06-30": {
        "Tax Effect Of Unusual Items": 0.0,
        "Tax Rate For Calcs": 0.0,
        "Normalized EBITDA": -15199000.0,
        "Net Income From Continuing Operation Net Minority Interest": -16043000.0,
        "Reconciled Depreciation": 24000.0,
        "EBITDA": -15199000.0,
        "EBIT": -15223000.0,
        "Net Interest Income": 393000.0,
        "Interest Expense": 820000.0,
        "Interest Income": 1213000.0,
        "Normalized Income": -16043000.0,
        "Net Income From Continuing And Discontinued Operation": -16043000.0,
        "Total Expenses": 16436000.0,
        "Total Operating Income As Reported": -16436000.0,
        "Diluted Average Shares": 42937036.0,
        "Basic Average Shares": 42937036.0,
        "Diluted EPS": -0.37,
        "Basic EPS": -0.37,
        "Diluted NI Availto Com Stockholders": -16043000.0,
        "Net Income Common Stockholders": -16043000.0,
        "Net Income": -16043000.0,
        "Net Income Including Noncontrolling Interests": -16043000.0,
        "Net Income Continuous Operations": -16043000.0,
        "Pretax Income": -16043000.0,
        "Net Non Operating Interest Income Expense": 393000.0,
        "Interest Expense Non Operating": 820000.0,
        "Interest Income Non Operating": 1213000.0,
        "Operating Income": -16436000.0,
        "Operating Expense": 16436000.0,
        "Research And Development": 8622000.0,
        "Selling General And Administration": 7814000.0,
        "Selling And Marketing Expense": 3369000.0,
        "General And Administrative Expense": 4445000.0,
        "Other Gand A": 4445000.0,
        "Total Revenue": 0.0,
        "Operating Revenue": 0.0
    },
    "2023-09-30": {
        "Tax Effect Of Unusual Items": 0.0,
        "Tax Rate For Calcs": 0.0,
        "Normalized EBITDA": -14216000.0,
        "Net Income From Continuing Operation Net Minority Interest": -15081000.0,
        "Reconciled Depreciation": 24000.0,
        "EBITDA": -14216000.0,
        "EBIT": -14240000.0,
        "Net Interest Income": 279000.0,
        "Interest Expense": 841000.0,
        "Interest Income": 1120000.0,
        "Normalized Income": -15081000.0,
        "Net Income From Continuing And Discontinued Operation": -15081000.0,
        "Total Expenses": 15360000.0,
        "Total Operating Income As Reported": -15360000.0,
        "Diluted Average Shares": 42973160.0,
        "Basic Average Shares": 42973160.0,
        "Diluted EPS": -0.35,
        "Basic EPS": -0.35,
        "Diluted NI Availto Com Stockholders": -15081000.0,
        "Net Income Common Stockholders": -15081000.0,
        "Net Income": -15081000.0,
        "Net Income Including Noncontrolling Interests": -15081000.0,
        "Net Income Continuous Operations": -15081000.0,
        "Pretax Income": -15081000.0,
        "Net Non Operating Interest Income Expense": 279000.0,
        "Interest Expense Non Operating": 841000.0,
        "Interest Income Non Operating": 1120000.0,
        "Operating Income": -15360000.0,
        "Operating Expense": 15360000.0,
        "Research And Development": 6721000.0,
        "Selling General And Administration": 8639000.0,
        "Selling And Marketing Expense": 4412000.0,
        "General And Administrative Expense": 4227000.0,
        "Other Gand A": 4227000.0,
        "Total Revenue": 0.0,
        "Operating Revenue": 0.0
    },
    "2023-12-31": {
        "Tax Effect Of Unusual Items": 0.0,
        "Tax Rate For Calcs": 0.0,
        "Normalized EBITDA": -12728000.0,
        "Net Income From Continuing Operation Net Minority Interest": -13611000.0,
        "Reconciled Depreciation": 26000.0,
        "EBITDA": -12728000.0,
        "EBIT": -12754000.0,
        "Net Interest Income": 189000.0,
        "Interest Expense": 857000.0,
        "Interest Income": 1046000.0,
        "Normalized Income": -13611000.0,
        "Net Income From Continuing And Discontinued Operation": -13611000.0,
        "Total Expenses": 13800000.0,
        "Total Operating Income As Reported": -13800000.0,
        "Diluted Average Shares": NaN,
        "Basic Average Shares": NaN,
        "Diluted EPS": NaN,
        "Basic EPS": NaN,
        "Diluted NI Availto Com Stockholders": -13611000.0,
        "Net Income Common Stockholders": -13611000.0,
        "Net Income": -13611000.0,
        "Net Income Including Noncontrolling Interests": -13611000.0,
        "Net Income Continuous Operations": -13611000.0,
        "Pretax Income": -13611000.0,
        "Net Non Operating Interest Income Expense": 189000.0,
        "Interest Expense Non Operating": 857000.0,
        "Interest Income Non Operating": 1046000.0,
        "Operating Income": -13800000.0,
        "Operating Expense": 13800000.0,
        "Research And Development": 5452000.0,
        "Selling General And Administration": 8348000.0,
        "Selling And Marketing Expense": 4977000.0,
        "General And Administrative Expense": 3371000.0,
        "Other Gand A": 3371000.0,
        "Total Revenue": 0.0,
        "Operating Revenue": 0.0
    },
    "2024-03-31": {
        "Tax Effect Of Unusual Items": 0.0,
        "Tax Rate For Calcs": 0.0,
        "Normalized EBITDA": -9454000.0,
        "Net Income From Continuing Operation Net Minority Interest": -10354000.0,
        "Reconciled Depreciation": 28000.0,
        "EBITDA": -9454000.0,
        "EBIT": -9482000.0,
        "Net Interest Income": 122000.0,
        "Interest Expense": 872000.0,
        "Interest Income": 994000.0,
        "Normalized Income": -10354000.0,
        "Net Income From Continuing And Discontinued Operation": -10354000.0,
        "Total Expenses": 10476000.0,
        "Total Operating Income As Reported": -10476000.0,
        "Diluted Average Shares": 50155111.0,
        "Basic Average Shares": 50155111.0,
        "Diluted EPS": -0.21,
        "Basic EPS": -0.21,
        "Diluted NI Availto Com Stockholders": -10354000.0,
        "Net Income Common Stockholders": -10354000.0,
        "Net Income": -10354000.0,
        "Net Income Including Noncontrolling Interests": -10354000.0,
        "Net Income Continuous Operations": -10354000.0,
        "Pretax Income": -10354000.0,
        "Net Non Operating Interest Income Expense": 122000.0,
        "Interest Expense Non Operating": 872000.0,
        "Interest Income Non Operating": 994000.0,
        "Operating Income": -10476000.0,
        "Operating Expense": 10476000.0,
        "Research And Development": 3639000.0,
        "Selling General And Administration": 6837000.0,
        "Selling And Marketing Expense": 2884000.0,
        "General And Administrative Expense": 3953000.0,
        "Other Gand A": 3953000.0,
        "Total Revenue": 0.0,
        "Operating Revenue": 0.0
    },
    "2024-06-30": {
        "Tax Effect Of Unusual Items": 0.0,
        "Tax Rate For Calcs": 0.0,
        "Normalized EBITDA": -8450000.0,
        "Net Income From Continuing Operation Net Minority Interest": -9363000.0,
        "Reconciled Depreciation": 26000.0,
        "EBITDA": -8450000.0,
        "EBIT": -8476000.0,
        "Net Interest Income": 299000.0,
        "Interest Expense": 887000.0,
        "Interest Income": 1186000.0,
        "Normalized Income": -9363000.0,
        "Net Income From Continuing And Discontinued Operation": -9363000.0,
        "Total Expenses": 9662000.0,
        "Total Operating Income As Reported": -9662000.0,
        "Diluted Average Shares": 66165461.0,
        "Basic Average Shares": 66165461.0,
        "Diluted EPS": -0.14,
        "Basic EPS": -0.14,
        "Diluted NI Availto Com Stockholders": -9363000.0,
        "Net Income Common Stockholders": -9363000.0,
        "Net Income": -9363000.0,
        "Net Income Including Noncontrolling Interests": -9363000.0,
        "Net Income Continuous Operations": -9363000.0,
        "Pretax Income": -9363000.0,
        "Net Non Operating Interest Income Expense": 299000.0,
        "Interest Expense Non Operating": 887000.0,
        "Interest Income Non Operating": 1186000.0,
        "Operating Income": -9662000.0,
        "Operating Expense": 9662000.0,
        "Research And Development": 2815000.0,
        "Selling General And Administration": 6847000.0,
        "Selling And Marketing Expense": 1801000.0,
        "General And Administrative Expense": 5046000.0,
        "Other Gand A": 5046000.0,
        "Total Revenue": 0.0,
        "Operating Revenue": 0.0
    }
}