{
    "2023-03-31": {
        "Tax Effect Of Unusual Items": NaN,
        "Tax Rate For Calcs": NaN,
        "Normalized EBITDA": NaN,
        "Total Unusual Items": NaN,
        "Total Unusual Items Excluding Goodwill": NaN,
        "Net Income From Continuing Operation Net Minority Interest": NaN,
        "Reconciled Depreciation": NaN,
        "Reconciled Cost Of Revenue": NaN,
        "EBITDA": NaN,
        "EBIT": NaN,
        "Net Interest Income": NaN,
        "Interest Expense": NaN,
        "Normalized Income": NaN,
        "Net Income From Continuing And Discontinued Operation": NaN,
        "Total Expenses": NaN,
        "Total Operating Income As Reported": -3476000.0,
        "Diluted Average Shares": 8652218.0,
        "Basic Average Shares": 8652218.0,
        "Diluted EPS": -1.29,
        "Basic EPS": -1.29,
        "Diluted NI Availto Com Stockholders": NaN,
        "Net Income Common Stockholders": NaN,
        "Preferred Stock Dividends": 1977000.0,
        "Net Income": NaN,
        "Net Income Including Noncontrolling Interests": NaN,
        "Net Income Continuous Operations": NaN,
        "Tax Provision": NaN,
        "Pretax Income": NaN,
        "Other Income Expense": NaN,
        "Other Non Operating Income Expenses": NaN,
        "Special Income Charges": NaN,
        "Impairment Of Capital Assets": NaN,
        "Restructuring And Mergern Acquisition": NaN,
        "Gain On Sale Of Security": NaN,
        "Net Non Operating Interest Income Expense": NaN,
        "Interest Expense Non Operating": NaN,
        "Operating Income": NaN,
        "Operating Expense": NaN,
        "Other Operating Expenses": NaN,
        "Provision For Doubtful Accounts": NaN,
        "Selling General And Administration": NaN,
        "Selling And Marketing Expense": NaN,
        "General And Administrative Expense": NaN,
        "Other Gand A": NaN,
        "Salaries And Wages": 24408000.0,
        "Gross Profit": NaN,
        "Cost Of Revenue": NaN,
        "Total Revenue": NaN,
        "Operating Revenue": NaN
    },
    "2022-12-31": {
        "Tax Effect Of Unusual Items": NaN,
        "Tax Rate For Calcs": NaN,
        "Normalized EBITDA": NaN,
        "Total Unusual Items": NaN,
        "Total Unusual Items Excluding Goodwill": NaN,
        "Net Income From Continuing Operation Net Minority Interest": NaN,
        "Reconciled Depreciation": NaN,
        "Reconciled Cost Of Revenue": NaN,
        "EBITDA": NaN,
        "EBIT": NaN,
        "Net Interest Income": NaN,
        "Interest Expense": NaN,
        "Normalized Income": NaN,
        "Net Income From Continuing And Discontinued Operation": NaN,
        "Total Expenses": NaN,
        "Total Operating Income As Reported": NaN,
        "Diluted Average Shares": NaN,
        "Basic Average Shares": NaN,
        "Diluted EPS": NaN,
        "Basic EPS": NaN,
        "Diluted NI Availto Com Stockholders": NaN,
        "Net Income Common Stockholders": NaN,
        "Preferred Stock Dividends": 1988000.0,
        "Net Income": NaN,
        "Minority Interests": 0.0,
        "Net Income Including Noncontrolling Interests": NaN,
        "Net Income Continuous Operations": NaN,
        "Tax Provision": NaN,
        "Pretax Income": NaN,
        "Other Income Expense": NaN,
        "Other Non Operating Income Expenses": NaN,
        "Special Income Charges": NaN,
        "Impairment Of Capital Assets": NaN,
        "Restructuring And Mergern Acquisition": NaN,
        "Gain On Sale Of Security": NaN,
        "Net Non Operating Interest Income Expense": NaN,
        "Interest Expense Non Operating": NaN,
        "Operating Income": NaN,
        "Operating Expense": NaN,
        "Other Operating Expenses": NaN,
        "Provision For Doubtful Accounts": NaN,
        "Selling General And Administration": NaN,
        "Selling And Marketing Expense": NaN,
        "General And Administrative Expense": NaN,
        "Other Gand A": NaN,
        "Salaries And Wages": NaN,
        "Gross Profit": NaN,
        "Cost Of Revenue": NaN,
        "Total Revenue": NaN,
        "Operating Revenue": NaN
    },
    "2022-09-30": {
        "Tax Effect Of Unusual Items": NaN,
        "Tax Rate For Calcs": NaN,
        "Normalized EBITDA": NaN,
        "Total Unusual Items": NaN,
        "Total Unusual Items Excluding Goodwill": NaN,
        "Net Income From Continuing Operation Net Minority Interest": NaN,
        "Reconciled Depreciation": NaN,
        "Reconciled Cost Of Revenue": NaN,
        "EBITDA": NaN,
        "EBIT": NaN,
        "Net Interest Income": NaN,
        "Interest Expense": NaN,
        "Normalized Income": NaN,
        "Net Income From Continuing And Discontinued Operation": NaN,
        "Total Expenses": NaN,
        "Total Operating Income As Reported": NaN,
        "Diluted Average Shares": 8156757.0,
        "Basic Average Shares": 8156757.0,
        "Diluted EPS": -2.78,
        "Basic EPS": -2.78,
        "Diluted NI Availto Com Stockholders": NaN,
        "Average Dilution Earnings": 0.0,
        "Net Income Common Stockholders": NaN,
        "Preferred Stock Dividends": 1688000.0,
        "Net Income": NaN,
        "Minority Interests": 0.0,
        "Net Income Including Noncontrolling Interests": NaN,
        "Net Income Continuous Operations": NaN,
        "Tax Provision": NaN,
        "Pretax Income": NaN,
        "Other Income Expense": NaN,
        "Other Non Operating Income Expenses": NaN,
        "Special Income Charges": NaN,
        "Impairment Of Capital Assets": 0.0,
        "Restructuring And Mergern Acquisition": NaN,
        "Gain On Sale Of Security": NaN,
        "Net Non Operating Interest Income Expense": NaN,
        "Interest Expense Non Operating": NaN,
        "Operating Income": NaN,
        "Operating Expense": NaN,
        "Other Operating Expenses": NaN,
        "Provision For Doubtful Accounts": NaN,
        "Selling General And Administration": NaN,
        "Selling And Marketing Expense": NaN,
        "General And Administrative Expense": NaN,
        "Other Gand A": NaN,
        "Salaries And Wages": NaN,
        "Gross Profit": NaN,
        "Cost Of Revenue": NaN,
        "Total Revenue": NaN,
        "Operating Revenue": NaN
    },
    "2022-06-30": {
        "Tax Effect Of Unusual Items": 4572400.0,
        "Tax Rate For Calcs": 0.4,
        "Normalized EBITDA": -20890000.0,
        "Total Unusual Items": 11431000.0,
        "Total Unusual Items Excluding Goodwill": 11431000.0,
        "Net Income From Continuing Operation Net Minority Interest": -23065000.0,
        "Reconciled Depreciation": 6006000.0,
        "Reconciled Cost Of Revenue": 29386000.0,
        "EBITDA": -9459000.0,
        "EBIT": -15465000.0,
        "Net Interest Income": -7584000.0,
        "Interest Expense": 7584000.0,
        "Normalized Income": -29923600.0,
        "Net Income From Continuing And Discontinued Operation": -23065000.0,
        "Total Expenses": 114245000.0,
        "Total Operating Income As Reported": NaN,
        "Diluted Average Shares": 7877106.0,
        "Basic Average Shares": 7877106.0,
        "Diluted EPS": -3.2,
        "Basic EPS": -3.2,
        "Diluted NI Availto Com Stockholders": -25241000.0,
        "Average Dilution Earnings": NaN,
        "Net Income Common Stockholders": -25241000.0,
        "Preferred Stock Dividends": 2176000.0,
        "Net Income": -23065000.0,
        "Minority Interests": 0.0,
        "Net Income Including Noncontrolling Interests": -23065000.0,
        "Net Income Continuous Operations": -23065000.0,
        "Tax Provision": 16000.0,
        "Pretax Income": -23049000.0,
        "Other Income Expense": 11440000.0,
        "Other Non Operating Income Expenses": 9000.0,
        "Special Income Charges": 8480000.0,
        "Impairment Of Capital Assets": NaN,
        "Restructuring And Mergern Acquisition": -8480000.0,
        "Gain On Sale Of Security": 2951000.0,
        "Net Non Operating Interest Income Expense": -7584000.0,
        "Interest Expense Non Operating": 7584000.0,
        "Operating Income": -26905000.0,
        "Operating Expense": 84859000.0,
        "Other Operating Expenses": 9842000.0,
        "Provision For Doubtful Accounts": 26981000.0,
        "Selling General And Administration": 48036000.0,
        "Selling And Marketing Expense": 9477000.0,
        "General And Administrative Expense": 38559000.0,
        "Other Gand A": 12061000.0,
        "Salaries And Wages": 26498000.0,
        "Gross Profit": 57954000.0,
        "Cost Of Revenue": 29386000.0,
        "Total Revenue": 87340000.0,
        "Operating Revenue": 87340000.0
    },
    "2023-06-30": {
        "Tax Effect Of Unusual Items": -189040.700375,
        "Tax Rate For Calcs": 0.009362,
        "Normalized EBITDA": 5650000.0,
        "Total Unusual Items": -20192000.0,
        "Total Unusual Items Excluding Goodwill": -20192000.0,
        "Net Income From Continuing Operation Net Minority Interest": -27723000.0,
        "Reconciled Depreciation": 6113000.0,
        "Reconciled Cost Of Revenue": 32230000.0,
        "EBITDA": -14542000.0,
        "EBIT": -20655000.0,
        "Net Interest Income": -7330000.0,
        "Interest Expense": 7330000.0,
        "Normalized Income": -7720040.700375,
        "Net Income From Continuing And Discontinued Operation": -27723000.0,
        "Total Expenses": 108261000.0,
        "Total Operating Income As Reported": NaN,
        "Diluted Average Shares": 9234238.0,
        "Basic Average Shares": 9234238.0,
        "Diluted EPS": -2.71,
        "Basic EPS": -2.71,
        "Diluted NI Availto Com Stockholders": -25056000.0,
        "Net Income Common Stockholders": -25056000.0,
        "Preferred Stock Dividends": -2667000.0,
        "Net Income": -27723000.0,
        "Net Income Including Noncontrolling Interests": -27723000.0,
        "Net Income Continuous Operations": -27723000.0,
        "Tax Provision": -262000.0,
        "Pretax Income": -27985000.0,
        "Other Income Expense": -18935000.0,
        "Other Non Operating Income Expenses": 1257000.0,
        "Special Income Charges": -20354000.0,
        "Impairment Of Capital Assets": 26721000.0,
        "Restructuring And Mergern Acquisition": -6367000.0,
        "Gain On Sale Of Security": 162000.0,
        "Net Non Operating Interest Income Expense": -7330000.0,
        "Interest Expense Non Operating": 7330000.0,
        "Operating Income": -1720000.0,
        "Operating Expense": 76031000.0,
        "Other Operating Expenses": 39402000.0,
        "Provision For Doubtful Accounts": 25562000.0,
        "Selling General And Administration": 11067000.0,
        "Selling And Marketing Expense": 6549000.0,
        "General And Administrative Expense": 4518000.0,
        "Other Gand A": 4518000.0,
        "Salaries And Wages": 22572000.0,
        "Gross Profit": 74311000.0,
        "Cost Of Revenue": 32230000.0,
        "Total Revenue": 106541000.0,
        "Operating Revenue": 106541000.0
    },
    "2023-09-30": {
        "Tax Effect Of Unusual Items": -17010.0,
        "Tax Rate For Calcs": 0.21,
        "Normalized EBITDA": 9565000.0,
        "Total Unusual Items": -81000.0,
        "Total Unusual Items Excluding Goodwill": -81000.0,
        "Net Income From Continuing Operation Net Minority Interest": -4110000.0,
        "Reconciled Depreciation": 6106000.0,
        "Reconciled Cost Of Revenue": 32813000.0,
        "EBITDA": 9484000.0,
        "EBIT": 3378000.0,
        "Net Interest Income": -7088000.0,
        "Interest Expense": 7088000.0,
        "Normalized Income": -4046010.0,
        "Net Income From Continuing And Discontinued Operation": -4110000.0,
        "Total Expenses": 109157000.0,
        "Total Operating Income As Reported": NaN,
        "Diluted Average Shares": 10221956.0,
        "Basic Average Shares": 10221956.0,
        "Diluted EPS": -0.4,
        "Basic EPS": -0.4,
        "Diluted NI Availto Com Stockholders": -4110000.0,
        "Net Income Common Stockholders": -4110000.0,
        "Preferred Stock Dividends": NaN,
        "Net Income": -4110000.0,
        "Net Income Including Noncontrolling Interests": -4110000.0,
        "Net Income Continuous Operations": -4110000.0,
        "Tax Provision": 400000.0,
        "Pretax Income": -3710000.0,
        "Other Income Expense": 2277000.0,
        "Other Non Operating Income Expenses": 2358000.0,
        "Special Income Charges": 0.0,
        "Impairment Of Capital Assets": 0.0,
        "Restructuring And Mergern Acquisition": 0.0,
        "Gain On Sale Of Security": -81000.0,
        "Net Non Operating Interest Income Expense": -7088000.0,
        "Interest Expense Non Operating": 7088000.0,
        "Operating Income": 1101000.0,
        "Operating Expense": 76344000.0,
        "Other Operating Expenses": 39226000.0,
        "Provision For Doubtful Accounts": 25121000.0,
        "Selling General And Administration": 11997000.0,
        "Selling And Marketing Expense": 7029000.0,
        "General And Administrative Expense": 4968000.0,
        "Other Gand A": 4968000.0,
        "Salaries And Wages": 23511000.0,
        "Gross Profit": 77445000.0,
        "Cost Of Revenue": 32813000.0,
        "Total Revenue": 110258000.0,
        "Operating Revenue": 110258000.0
    },
    "2023-12-31": {
        "Tax Effect Of Unusual Items": -89498.607242,
        "Tax Rate For Calcs": 0.220984,
        "Normalized EBITDA": 8177000.0,
        "Total Unusual Items": -405000.0,
        "Total Unusual Items Excluding Goodwill": -405000.0,
        "Net Income From Continuing Operation Net Minority Interest": -4195000.0,
        "Reconciled Depreciation": 6423000.0,
        "Reconciled Cost Of Revenue": 31516000.0,
        "EBITDA": 7772000.0,
        "EBIT": 1349000.0,
        "Net Interest Income": -6734000.0,
        "Interest Expense": 6734000.0,
        "Normalized Income": -3879498.607242,
        "Net Income From Continuing And Discontinued Operation": -4195000.0,
        "Total Expenses": 114213000.0,
        "Total Operating Income As Reported": NaN,
        "Diluted Average Shares": NaN,
        "Basic Average Shares": NaN,
        "Diluted EPS": NaN,
        "Basic EPS": NaN,
        "Diluted NI Availto Com Stockholders": -4195000.0,
        "Net Income Common Stockholders": -4195000.0,
        "Preferred Stock Dividends": 0.0,
        "Net Income": -4195000.0,
        "Net Income Including Noncontrolling Interests": -4195000.0,
        "Net Income Continuous Operations": -4195000.0,
        "Tax Provision": -1190000.0,
        "Pretax Income": -5385000.0,
        "Other Income Expense": 2599000.0,
        "Other Non Operating Income Expenses": 3004000.0,
        "Special Income Charges": 0.0,
        "Impairment Of Capital Assets": 0.0,
        "Restructuring And Mergern Acquisition": 0.0,
        "Gain On Sale Of Security": -405000.0,
        "Net Non Operating Interest Income Expense": -6734000.0,
        "Interest Expense Non Operating": 6734000.0,
        "Operating Income": -1250000.0,
        "Operating Expense": 82697000.0,
        "Other Operating Expenses": 43698000.0,
        "Provision For Doubtful Accounts": 26224000.0,
        "Selling General And Administration": 12775000.0,
        "Selling And Marketing Expense": 8155000.0,
        "General And Administrative Expense": 4620000.0,
        "Other Gand A": 4620000.0,
        "Salaries And Wages": 23404000.0,
        "Gross Profit": 81447000.0,
        "Cost Of Revenue": 31516000.0,
        "Total Revenue": 112963000.0,
        "Operating Revenue": 112963000.0
    },
    "2024-03-31": {
        "Tax Effect Of Unusual Items": 17010.0,
        "Tax Rate For Calcs": 0.21,
        "Normalized EBITDA": 19634000.0,
        "Total Unusual Items": 81000.0,
        "Total Unusual Items Excluding Goodwill": 81000.0,
        "Net Income From Continuing Operation Net Minority Interest": 7075000.0,
        "Reconciled Depreciation": 6212000.0,
        "Reconciled Cost Of Revenue": 31389000.0,
        "EBITDA": 19715000.0,
        "EBIT": 13503000.0,
        "Net Interest Income": -6817000.0,
        "Interest Expense": 6817000.0,
        "Normalized Income": 7011010.0,
        "Net Income From Continuing And Discontinued Operation": 7075000.0,
        "Total Expenses": 109943000.0,
        "Total Operating Income As Reported": 11063000.0,
        "Diluted Average Shares": 11810917.0,
        "Basic Average Shares": 10526417.0,
        "Diluted EPS": 0.6,
        "Basic EPS": 0.67,
        "Diluted NI Availto Com Stockholders": 7075000.0,
        "Net Income Common Stockholders": 7075000.0,
        "Preferred Stock Dividends": NaN,
        "Net Income": 7075000.0,
        "Net Income Including Noncontrolling Interests": 7075000.0,
        "Net Income Continuous Operations": 7075000.0,
        "Tax Provision": -389000.0,
        "Pretax Income": 6686000.0,
        "Other Income Expense": 2440000.0,
        "Other Non Operating Income Expenses": 2359000.0,
        "Special Income Charges": 0.0,
        "Impairment Of Capital Assets": NaN,
        "Restructuring And Mergern Acquisition": 0.0,
        "Gain On Sale Of Security": 81000.0,
        "Net Non Operating Interest Income Expense": -6817000.0,
        "Interest Expense Non Operating": 6817000.0,
        "Operating Income": 11063000.0,
        "Operating Expense": 78554000.0,
        "Other Operating Expenses": 41692000.0,
        "Provision For Doubtful Accounts": 20230000.0,
        "Selling General And Administration": 16632000.0,
        "Selling And Marketing Expense": 10866000.0,
        "General And Administrative Expense": 5766000.0,
        "Other Gand A": 5766000.0,
        "Salaries And Wages": 24786000.0,
        "Gross Profit": 89617000.0,
        "Cost Of Revenue": 31389000.0,
        "Total Revenue": 121006000.0,
        "Operating Revenue": 121006000.0
    },
    "2024-06-30": {
        "Tax Effect Of Unusual Items": -17010.0,
        "Tax Rate For Calcs": 0.21,
        "Normalized EBITDA": 14439000.0,
        "Total Unusual Items": -81000.0,
        "Total Unusual Items Excluding Goodwill": -81000.0,
        "Net Income From Continuing Operation Net Minority Interest": 3137000.0,
        "Reconciled Depreciation": 6331000.0,
        "Reconciled Cost Of Revenue": 34449000.0,
        "EBITDA": 14358000.0,
        "EBIT": 8027000.0,
        "Net Interest Income": -6714000.0,
        "Interest Expense": 6714000.0,
        "Normalized Income": 3200990.0,
        "Net Income From Continuing And Discontinued Operation": 3137000.0,
        "Total Expenses": 125119000.0,
        "Total Operating Income As Reported": NaN,
        "Diluted Average Shares": 12091421.0,
        "Basic Average Shares": 10862853.0,
        "Diluted EPS": 0.26,
        "Basic EPS": 0.29,
        "Diluted NI Availto Com Stockholders": 3137000.0,
        "Net Income Common Stockholders": 3137000.0,
        "Preferred Stock Dividends": NaN,
        "Net Income": 3137000.0,
        "Net Income Including Noncontrolling Interests": 3137000.0,
        "Net Income Continuous Operations": 3137000.0,
        "Tax Provision": -1824000.0,
        "Pretax Income": 1313000.0,
        "Other Income Expense": 2300000.0,
        "Other Non Operating Income Expenses": 2381000.0,
        "Special Income Charges": 0.0,
        "Impairment Of Capital Assets": 0.0,
        "Restructuring And Mergern Acquisition": 0.0,
        "Gain On Sale Of Security": -81000.0,
        "Net Non Operating Interest Income Expense": -6714000.0,
        "Interest Expense Non Operating": 6714000.0,
        "Operating Income": 5727000.0,
        "Operating Expense": 90670000.0,
        "Other Operating Expenses": 35702000.0,
        "Provision For Doubtful Accounts": 33431000.0,
        "Selling General And Administration": 21537000.0,
        "Selling And Marketing Expense": 10530000.0,
        "General And Administrative Expense": 11007000.0,
        "Other Gand A": 11007000.0,
        "Salaries And Wages": NaN,
        "Gross Profit": 96397000.0,
        "Cost Of Revenue": 34449000.0,
        "Total Revenue": 130846000.0,
        "Operating Revenue": 130846000.0
    }
}