{
    "2023-03-31": {
        "Tax Effect Of Unusual Items": NaN,
        "Tax Rate For Calcs": NaN,
        "Normalized EBITDA": NaN,
        "Net Income From Continuing Operation Net Minority Interest": NaN,
        "Reconciled Depreciation": NaN,
        "Reconciled Cost Of Revenue": NaN,
        "EBITDA": NaN,
        "EBIT": NaN,
        "Net Interest Income": NaN,
        "Interest Expense": NaN,
        "Normalized Income": NaN,
        "Net Income From Continuing And Discontinued Operation": NaN,
        "Total Expenses": NaN,
        "Rent Expense Supplemental": NaN,
        "Total Operating Income As Reported": NaN,
        "Diluted Average Shares": 19500000.0,
        "Basic Average Shares": 19500000.0,
        "Diluted EPS": -0.07,
        "Basic EPS": -0.07,
        "Diluted NI Availto Com Stockholders": NaN,
        "Net Income Common Stockholders": NaN,
        "Net Income": NaN,
        "Net Income Including Noncontrolling Interests": NaN,
        "Net Income Discontinuous Operations": NaN,
        "Net Income Continuous Operations": NaN,
        "Pretax Income": NaN,
        "Other Income Expense": NaN,
        "Other Non Operating Income Expenses": NaN,
        "Net Non Operating Interest Income Expense": NaN,
        "Interest Expense Non Operating": NaN,
        "Operating Income": NaN,
        "Operating Expense": NaN,
        "Depreciation Amortization Depletion Income Statement": NaN,
        "Depreciation And Amortization In Income Statement": NaN,
        "Depreciation Income Statement": NaN,
        "Selling General And Administration": NaN,
        "General And Administrative Expense": NaN,
        "Other Gand A": NaN,
        "Salaries And Wages": NaN,
        "Gross Profit": NaN,
        "Cost Of Revenue": NaN,
        "Total Revenue": NaN,
        "Operating Revenue": NaN
    },
    "2022-12-31": {
        "Tax Effect Of Unusual Items": NaN,
        "Tax Rate For Calcs": NaN,
        "Normalized EBITDA": NaN,
        "Net Income From Continuing Operation Net Minority Interest": NaN,
        "Reconciled Depreciation": NaN,
        "Reconciled Cost Of Revenue": NaN,
        "EBITDA": NaN,
        "EBIT": NaN,
        "Net Interest Income": NaN,
        "Interest Expense": NaN,
        "Normalized Income": NaN,
        "Net Income From Continuing And Discontinued Operation": NaN,
        "Total Expenses": NaN,
        "Rent Expense Supplemental": NaN,
        "Total Operating Income As Reported": NaN,
        "Diluted Average Shares": NaN,
        "Basic Average Shares": NaN,
        "Diluted EPS": NaN,
        "Basic EPS": NaN,
        "Diluted NI Availto Com Stockholders": NaN,
        "Net Income Common Stockholders": NaN,
        "Net Income": NaN,
        "Net Income Including Noncontrolling Interests": NaN,
        "Net Income Discontinuous Operations": 0.0,
        "Net Income Continuous Operations": NaN,
        "Pretax Income": NaN,
        "Other Income Expense": NaN,
        "Other Non Operating Income Expenses": NaN,
        "Net Non Operating Interest Income Expense": NaN,
        "Interest Expense Non Operating": NaN,
        "Operating Income": NaN,
        "Operating Expense": NaN,
        "Depreciation Amortization Depletion Income Statement": NaN,
        "Depreciation And Amortization In Income Statement": NaN,
        "Depreciation Income Statement": NaN,
        "Selling General And Administration": NaN,
        "General And Administrative Expense": NaN,
        "Other Gand A": NaN,
        "Salaries And Wages": NaN,
        "Gross Profit": NaN,
        "Cost Of Revenue": NaN,
        "Total Revenue": NaN,
        "Operating Revenue": NaN
    },
    "2022-09-30": {
        "Tax Effect Of Unusual Items": NaN,
        "Tax Rate For Calcs": NaN,
        "Normalized EBITDA": NaN,
        "Net Income From Continuing Operation Net Minority Interest": NaN,
        "Reconciled Depreciation": NaN,
        "Reconciled Cost Of Revenue": NaN,
        "EBITDA": NaN,
        "EBIT": NaN,
        "Net Interest Income": NaN,
        "Interest Expense": NaN,
        "Normalized Income": NaN,
        "Net Income From Continuing And Discontinued Operation": NaN,
        "Total Expenses": NaN,
        "Rent Expense Supplemental": NaN,
        "Total Operating Income As Reported": NaN,
        "Diluted Average Shares": 19400000.0,
        "Basic Average Shares": 19400000.0,
        "Diluted EPS": -0.01,
        "Basic EPS": -0.01,
        "Diluted NI Availto Com Stockholders": NaN,
        "Net Income Common Stockholders": NaN,
        "Net Income": NaN,
        "Net Income Including Noncontrolling Interests": NaN,
        "Net Income Discontinuous Operations": NaN,
        "Net Income Continuous Operations": NaN,
        "Pretax Income": NaN,
        "Other Income Expense": NaN,
        "Other Non Operating Income Expenses": NaN,
        "Net Non Operating Interest Income Expense": NaN,
        "Interest Expense Non Operating": NaN,
        "Operating Income": NaN,
        "Operating Expense": NaN,
        "Depreciation Amortization Depletion Income Statement": NaN,
        "Depreciation And Amortization In Income Statement": NaN,
        "Depreciation Income Statement": NaN,
        "Selling General And Administration": NaN,
        "General And Administrative Expense": NaN,
        "Other Gand A": NaN,
        "Salaries And Wages": NaN,
        "Gross Profit": NaN,
        "Cost Of Revenue": NaN,
        "Total Revenue": NaN,
        "Operating Revenue": NaN
    },
    "2022-06-30": {
        "Tax Effect Of Unusual Items": 0.0,
        "Tax Rate For Calcs": 0.4,
        "Normalized EBITDA": 10804000.0,
        "Net Income From Continuing Operation Net Minority Interest": 10525000.0,
        "Reconciled Depreciation": 277000.0,
        "Reconciled Cost Of Revenue": 2034000.0,
        "EBITDA": 10804000.0,
        "EBIT": 10527000.0,
        "Net Interest Income": -2000.0,
        "Interest Expense": 2000.0,
        "Normalized Income": 10525000.0,
        "Net Income From Continuing And Discontinued Operation": 10525000.0,
        "Total Expenses": 3346000.0,
        "Rent Expense Supplemental": 997000.0,
        "Total Operating Income As Reported": 10641000.0,
        "Diluted Average Shares": 19400000.0,
        "Basic Average Shares": 19400000.0,
        "Diluted EPS": 0.54,
        "Basic EPS": 0.54,
        "Diluted NI Availto Com Stockholders": 10525000.0,
        "Net Income Common Stockholders": 10525000.0,
        "Net Income": 10525000.0,
        "Net Income Including Noncontrolling Interests": 10525000.0,
        "Net Income Discontinuous Operations": 0.0,
        "Net Income Continuous Operations": 10525000.0,
        "Pretax Income": 10525000.0,
        "Other Income Expense": -114000.0,
        "Other Non Operating Income Expenses": -114000.0,
        "Net Non Operating Interest Income Expense": -2000.0,
        "Interest Expense Non Operating": 2000.0,
        "Operating Income": 10641000.0,
        "Operating Expense": 1312000.0,
        "Depreciation Amortization Depletion Income Statement": 277000.0,
        "Depreciation And Amortization In Income Statement": 277000.0,
        "Depreciation Income Statement": 277000.0,
        "Selling General And Administration": 1035000.0,
        "General And Administrative Expense": 1035000.0,
        "Other Gand A": 759000.0,
        "Salaries And Wages": 276000.0,
        "Gross Profit": 11953000.0,
        "Cost Of Revenue": 2034000.0,
        "Total Revenue": 13987000.0,
        "Operating Revenue": 13987000.0
    },
    "2022-03-31": {
        "Diluted EPS": -0.03,
        "Total Revenue": 2,
        "Gross Profit": 1,
        "Operating Income": -1,
        "EBIT": -1,
        "Net Income": -1
    },
    "2021-12-31": {
        "Diluted EPS": -0.22,
        "Total Revenue": 3,
        "Gross Profit": 2,
        "Operating Income": 0,
        "EBIT": 0,
        "Net Income": -4
    },
    "2021-09-30": {
        "Diluted EPS": -0.01,
        "Total Revenue": 2,
        "Gross Profit": 1,
        "Operating Income": 0,
        "EBIT": 0,
        "Net Income": 0
    },
    "2021-06-30": {
        "Diluted EPS": 0.1,
        "Total Revenue": 5,
        "Gross Profit": 3,
        "Operating Income": 2,
        "EBIT": 2,
        "Net Income": 2
    },
    "2021-03-31": {
        "Diluted EPS": -0.05,
        "Total Revenue": 2,
        "Gross Profit": 1,
        "Operating Income": -1,
        "EBIT": -1,
        "Net Income": -1
    },
    "2020-12-31": {
        "Diluted EPS": -0.04,
        "Total Revenue": 2,
        "Gross Profit": 1,
        "Operating Income": 0,
        "EBIT": 0,
        "Net Income": -1
    },
    "2020-09-30": {
        "Diluted EPS": -0.03,
        "Total Revenue": 2,
        "Gross Profit": 1,
        "Operating Income": 0,
        "EBIT": 0,
        "Net Income": -1
    },
    "2020-06-30": {
        "Diluted EPS": -0.01,
        "Total Revenue": 2,
        "Gross Profit": 1,
        "Operating Income": -1,
        "EBIT": -1,
        "Net Income": 0
    },
    "2020-03-31": {
        "Diluted EPS": -0.06,
        "Total Revenue": 2,
        "Gross Profit": 1,
        "Operating Income": -1,
        "EBIT": -1,
        "Net Income": -1
    },
    "2019-12-31": {
        "Diluted EPS": -0.47,
        "Total Revenue": 3,
        "Gross Profit": 1,
        "Operating Income": 0,
        "EBIT": 0,
        "Net Income": -9
    },
    "2019-09-30": {
        "Diluted EPS": -0.0,
        "Total Revenue": 3,
        "Gross Profit": 1,
        "Operating Income": 0,
        "EBIT": 0,
        "Net Income": 0
    },
    "2019-06-30": {
        "Diluted EPS": -0.01,
        "Total Revenue": 2,
        "Gross Profit": 1,
        "Operating Income": 0,
        "EBIT": 0,
        "Net Income": 0
    },
    "2019-03-31": {
        "Diluted EPS": -0.06,
        "Total Revenue": 2,
        "Gross Profit": 1,
        "Operating Income": -1,
        "EBIT": -1,
        "Net Income": -1
    },
    "2018-12-31": {
        "Diluted EPS": 0.2,
        "Total Revenue": 1,
        "Gross Profit": 0,
        "Operating Income": -1,
        "EBIT": -1,
        "Net Income": 4
    },
    "2018-09-30": {
        "Diluted EPS": -0.09,
        "Total Revenue": 3,
        "Gross Profit": 0,
        "Operating Income": -1,
        "EBIT": -1,
        "Net Income": -2
    },
    "2018-06-30": {
        "Diluted EPS": -0.03,
        "Total Revenue": 3,
        "Gross Profit": 1,
        "Operating Income": 0,
        "EBIT": 0,
        "Net Income": -1
    },
    "2018-03-31": {
        "Diluted EPS": -0.05,
        "Total Revenue": 3,
        "Gross Profit": 1,
        "Operating Income": -1,
        "EBIT": -1,
        "Net Income": -1
    },
    "2017-12-31": {
        "Diluted EPS": -0.05,
        "Total Revenue": 3,
        "Gross Profit": 0,
        "Operating Income": 0,
        "EBIT": 0,
        "Net Income": -1
    },
    "2017-09-30": {
        "Diluted EPS": -0.03,
        "Total Revenue": 3,
        "Gross Profit": 1,
        "Operating Income": 0,
        "EBIT": 0,
        "Net Income": 0
    },
    "2017-06-30": {
        "Diluted EPS": 0.34,
        "Total Revenue": 9,
        "Gross Profit": 8,
        "Operating Income": 7,
        "EBIT": 7,
        "Net Income": 6
    },
    "2017-03-31": {
        "Diluted EPS": 0.31,
        "Total Revenue": 10,
        "Gross Profit": 8,
        "Operating Income": 6,
        "EBIT": 6,
        "Net Income": 6
    },
    "2016-12-31": {
        "Diluted EPS": 0.38,
        "Total Revenue": 20,
        "Gross Profit": 12,
        "Operating Income": 8,
        "EBIT": 8,
        "Net Income": 7
    },
    "2016-09-30": {
        "Diluted EPS": 0.13,
        "Total Revenue": 6,
        "Gross Profit": 4,
        "Operating Income": 3,
        "EBIT": 3,
        "Net Income": 2
    },
    "2016-06-30": {
        "Diluted EPS": 0.71,
        "Total Revenue": 18,
        "Gross Profit": 16,
        "Operating Income": 14,
        "EBIT": 14,
        "Net Income": 13
    },
    "2016-03-31": {
        "Diluted EPS": -0.07,
        "Total Revenue": 3,
        "Gross Profit": 2,
        "Operating Income": -1,
        "EBIT": -1,
        "Net Income": -1
    },
    "2015-12-31": {
        "Diluted EPS": -0.05,
        "Total Revenue": 3,
        "Gross Profit": 1,
        "Operating Income": 0,
        "EBIT": 0,
        "Net Income": -1
    },
    "2015-09-30": {
        "Diluted EPS": 0.51,
        "Total Revenue": 14,
        "Gross Profit": 12,
        "Operating Income": 10,
        "EBIT": 10,
        "Net Income": 10
    },
    "2015-06-30": {
        "Diluted EPS": -0.04,
        "Total Revenue": 3,
        "Gross Profit": 2,
        "Operating Income": 0,
        "EBIT": 0,
        "Net Income": -1
    },
    "2015-03-31": {
        "Diluted EPS": -0.06,
        "Total Revenue": 3,
        "Gross Profit": 2,
        "Operating Income": 0,
        "EBIT": 0,
        "Net Income": -1
    },
    "2014-12-31": {
        "Diluted EPS": 1.0,
        "Total Revenue": 23,
        "Gross Profit": 21,
        "Operating Income": 19,
        "EBIT": 19,
        "Net Income": 19
    },
    "2014-09-30": {
        "Diluted EPS": -0.04,
        "Total Revenue": 3,
        "Gross Profit": 2,
        "Operating Income": 0,
        "EBIT": 0,
        "Net Income": -1
    },
    "2014-06-30": {
        "Diluted EPS": 0.03,
        "Total Revenue": 5,
        "Gross Profit": 3,
        "Operating Income": 1,
        "EBIT": 1,
        "Net Income": 0
    },
    "2014-03-31": {
        "Diluted EPS": -0.05,
        "Total Revenue": 2,
        "Gross Profit": 1,
        "Operating Income": 0,
        "EBIT": 0,
        "Net Income": -1
    },
    "2013-12-31": {
        "Diluted EPS": 0.08,
        "Total Revenue": 7,
        "Gross Profit": 3,
        "Operating Income": 2,
        "EBIT": 2,
        "Net Income": 1
    },
    "2013-09-30": {
        "Diluted EPS": -0.08,
        "Total Revenue": 3,
        "Gross Profit": 1,
        "Operating Income": -1,
        "EBIT": -1,
        "Net Income": -2
    },
    "2013-06-30": {
        "Diluted EPS": 0.04,
        "Total Revenue": 3,
        "Gross Profit": 2,
        "Operating Income": -1,
        "EBIT": -1,
        "Net Income": 1
    },
    "2013-03-31": {
        "Diluted EPS": -0.1,
        "Total Revenue": 3,
        "Gross Profit": 1,
        "Operating Income": -1,
        "EBIT": -1,
        "Net Income": -2
    },
    "2012-12-31": {
        "Diluted EPS": -0.09,
        "Total Revenue": 1,
        "Gross Profit": 2,
        "Operating Income": 0,
        "EBIT": 0,
        "Net Income": -2
    },
    "2012-09-30": {
        "Diluted EPS": -0.09,
        "Total Revenue": 4,
        "Gross Profit": 2,
        "Operating Income": -1,
        "EBIT": -1,
        "Net Income": -2
    },
    "2012-06-30": {
        "Diluted EPS": -0.06,
        "Total Revenue": 3,
        "Gross Profit": 1,
        "Operating Income": -1,
        "EBIT": -1,
        "Net Income": -1
    },
    "2012-03-31": {
        "Diluted EPS": -0.01,
        "Total Revenue": 5,
        "Gross Profit": 3,
        "Operating Income": 0,
        "EBIT": 0,
        "Net Income": 0
    },
    "2011-12-31": {
        "Diluted EPS": -0.2,
        "Total Revenue": 4,
        "Gross Profit": 1,
        "Operating Income": -2,
        "EBIT": -2,
        "Net Income": -4
    },
    "2011-09-30": {
        "Diluted EPS": -0.07,
        "Total Revenue": 3,
        "Gross Profit": 1,
        "Operating Income": -1,
        "EBIT": -1,
        "Net Income": -1
    },
    "2011-06-30": {
        "Diluted EPS": -0.13,
        "Total Revenue": 4,
        "Gross Profit": 2,
        "Operating Income": -2,
        "EBIT": -2,
        "Net Income": -2
    },
    "2011-03-31": {
        "Diluted EPS": 0.67,
        "Total Revenue": 4,
        "Gross Profit": 1,
        "Operating Income": -2,
        "EBIT": -2,
        "Net Income": 12
    },
    "2010-12-31": {
        "Diluted EPS": 1.54,
        "Total Revenue": 5,
        "Gross Profit": 4,
        "Operating Income": 2,
        "EBIT": 2,
        "Net Income": 12
    },
    "2010-09-30": {
        "Diluted EPS": 1.35,
        "Total Revenue": 4,
        "Gross Profit": 1,
        "Operating Income": -4,
        "EBIT": -4,
        "Net Income": 20
    },
    "2010-06-30": {
        "Diluted EPS": -0.57,
        "Total Revenue": 6,
        "Gross Profit": 3,
        "Operating Income": -1,
        "EBIT": -1,
        "Net Income": -5
    },
    "2010-03-31": {
        "Diluted EPS": -0.33,
        "Total Revenue": 8,
        "Gross Profit": 3,
        "Operating Income": -1,
        "EBIT": -1,
        "Net Income": -3
    },
    "2009-12-31": {
        "Diluted EPS": -3.76,
        "Total Revenue": 9,
        "Gross Profit": 7,
        "Operating Income": -7,
        "EBIT": -7,
        "Net Income": -30
    },
    "2009-09-30": {
        "Diluted EPS": -3.17,
        "Total Revenue": 20,
        "Gross Profit": 7,
        "Operating Income": 2,
        "EBIT": 2,
        "Net Income": -25
    },
    "2009-06-30": {
        "Diluted EPS": -6.75,
        "Total Revenue": 9,
        "Gross Profit": -1,
        "Operating Income": -23,
        "EBIT": -23,
        "Net Income": -54
    },
    "2009-03-31": {
        "Diluted EPS": -1.65,
        "Total Revenue": 11,
        "Gross Profit": -1,
        "Operating Income": -8,
        "EBIT": -8,
        "Net Income": -13
    },
    "2023-06-30": {
        "Tax Effect Of Unusual Items": 0.0,
        "Tax Rate For Calcs": 0.0,
        "Normalized EBITDA": -877000.0,
        "Net Income From Continuing Operation Net Minority Interest": -1117000.0,
        "Reconciled Depreciation": 238000.0,
        "Reconciled Cost Of Revenue": 1738000.0,
        "EBITDA": -877000.0,
        "EBIT": -1115000.0,
        "Net Interest Income": -2000.0,
        "Interest Expense": 2000.0,
        "Normalized Income": -1117000.0,
        "Net Income From Continuing And Discontinued Operation": -1117000.0,
        "Total Expenses": 3938000.0,
        "Rent Expense Supplemental": 1039000.0,
        "Total Operating Income As Reported": -1344000.0,
        "Diluted Average Shares": 18616667.0,
        "Basic Average Shares": 18616667.0,
        "Diluted EPS": -0.06,
        "Basic EPS": -0.06,
        "Diluted NI Availto Com Stockholders": -1117000.0,
        "Net Income Common Stockholders": -1117000.0,
        "Net Income": -1117000.0,
        "Net Income Including Noncontrolling Interests": -1117000.0,
        "Net Income Discontinuous Operations": NaN,
        "Net Income Continuous Operations": -1117000.0,
        "Pretax Income": -1117000.0,
        "Other Income Expense": 350000.0,
        "Other Non Operating Income Expenses": 350000.0,
        "Net Non Operating Interest Income Expense": -2000.0,
        "Interest Expense Non Operating": 2000.0,
        "Operating Income": -1465000.0,
        "Operating Expense": 2200000.0,
        "Depreciation Amortization Depletion Income Statement": 238000.0,
        "Depreciation And Amortization In Income Statement": 238000.0,
        "Depreciation Income Statement": 238000.0,
        "Selling General And Administration": 1962000.0,
        "General And Administrative Expense": 1962000.0,
        "Other Gand A": 1035000.0,
        "Salaries And Wages": 927000.0,
        "Gross Profit": 735000.0,
        "Cost Of Revenue": 1738000.0,
        "Total Revenue": 2473000.0,
        "Operating Revenue": 2473000.0
    },
    "2023-09-30": {
        "Tax Effect Of Unusual Items": 0.0,
        "Tax Rate For Calcs": 0.0,
        "Normalized EBITDA": -998000.0,
        "Net Income From Continuing Operation Net Minority Interest": -1192000.0,
        "Reconciled Depreciation": 192000.0,
        "Reconciled Cost Of Revenue": 1460000.0,
        "EBITDA": -998000.0,
        "EBIT": -1190000.0,
        "Net Interest Income": -2000.0,
        "Interest Expense": 2000.0,
        "Normalized Income": -1192000.0,
        "Net Income From Continuing And Discontinued Operation": -1192000.0,
        "Total Expenses": 3411000.0,
        "Rent Expense Supplemental": 1151000.0,
        "Total Operating Income As Reported": -1189000.0,
        "Diluted Average Shares": 19600000.0,
        "Basic Average Shares": 19600000.0,
        "Diluted EPS": -0.06,
        "Basic EPS": -0.06,
        "Diluted NI Availto Com Stockholders": -1192000.0,
        "Net Income Common Stockholders": -1192000.0,
        "Net Income": -1192000.0,
        "Net Income Including Noncontrolling Interests": -1192000.0,
        "Net Income Discontinuous Operations": NaN,
        "Net Income Continuous Operations": -1192000.0,
        "Pretax Income": -1192000.0,
        "Other Income Expense": 120000.0,
        "Other Non Operating Income Expenses": 120000.0,
        "Net Non Operating Interest Income Expense": -2000.0,
        "Interest Expense Non Operating": 2000.0,
        "Operating Income": -1310000.0,
        "Operating Expense": 1951000.0,
        "Depreciation Amortization Depletion Income Statement": 192000.0,
        "Depreciation And Amortization In Income Statement": 192000.0,
        "Depreciation Income Statement": 192000.0,
        "Selling General And Administration": 1759000.0,
        "General And Administrative Expense": 1759000.0,
        "Other Gand A": 938000.0,
        "Salaries And Wages": 821000.0,
        "Gross Profit": 641000.0,
        "Cost Of Revenue": 1460000.0,
        "Total Revenue": 2101000.0,
        "Operating Revenue": 2101000.0
    },
    "2023-12-31": {
        "Tax Effect Of Unusual Items": 0.0,
        "Tax Rate For Calcs": 0.21,
        "Normalized EBITDA": 780000.0,
        "Net Income From Continuing Operation Net Minority Interest": 593000.0,
        "Reconciled Depreciation": 186000.0,
        "Reconciled Cost Of Revenue": 1924000.0,
        "EBITDA": 780000.0,
        "EBIT": 594000.0,
        "Net Interest Income": -1000.0,
        "Interest Expense": 1000.0,
        "Normalized Income": 593000.0,
        "Net Income From Continuing And Discontinued Operation": 593000.0,
        "Total Expenses": 3558000.0,
        "Rent Expense Supplemental": 1436000.0,
        "Total Operating Income As Reported": 557000.0,
        "Diluted Average Shares": NaN,
        "Basic Average Shares": NaN,
        "Diluted EPS": NaN,
        "Basic EPS": NaN,
        "Diluted NI Availto Com Stockholders": 593000.0,
        "Net Income Common Stockholders": 593000.0,
        "Net Income": 593000.0,
        "Net Income Including Noncontrolling Interests": 593000.0,
        "Net Income Discontinuous Operations": NaN,
        "Net Income Continuous Operations": 593000.0,
        "Pretax Income": 593000.0,
        "Other Income Expense": 109000.0,
        "Other Non Operating Income Expenses": 109000.0,
        "Net Non Operating Interest Income Expense": -1000.0,
        "Interest Expense Non Operating": 1000.0,
        "Operating Income": 485000.0,
        "Operating Expense": 1634000.0,
        "Depreciation Amortization Depletion Income Statement": 186000.0,
        "Depreciation And Amortization In Income Statement": 186000.0,
        "Depreciation Income Statement": 186000.0,
        "Selling General And Administration": 1448000.0,
        "General And Administrative Expense": 1448000.0,
        "Other Gand A": 1002000.0,
        "Salaries And Wages": 446000.0,
        "Gross Profit": 2119000.0,
        "Cost Of Revenue": 1924000.0,
        "Total Revenue": 4043000.0,
        "Operating Revenue": 4043000.0
    },
    "2024-03-31": {
        "Tax Effect Of Unusual Items": 0.0,
        "Tax Rate For Calcs": 0.0,
        "Normalized EBITDA": -1201000.0,
        "Net Income From Continuing Operation Net Minority Interest": -1375000.0,
        "Reconciled Depreciation": 172000.0,
        "Reconciled Cost Of Revenue": 1694000.0,
        "EBITDA": -1201000.0,
        "EBIT": -1373000.0,
        "Net Interest Income": -2000.0,
        "Interest Expense": 2000.0,
        "Normalized Income": -1375000.0,
        "Net Income From Continuing And Discontinued Operation": -1375000.0,
        "Total Expenses": 3960000.0,
        "Rent Expense Supplemental": 992000.0,
        "Total Operating Income As Reported": -1399000.0,
        "Diluted Average Shares": 19900000.0,
        "Basic Average Shares": 19600000.0,
        "Diluted EPS": -0.07,
        "Basic EPS": -0.07,
        "Diluted NI Availto Com Stockholders": -1375000.0,
        "Net Income Common Stockholders": -1375000.0,
        "Net Income": -1375000.0,
        "Net Income Including Noncontrolling Interests": -1375000.0,
        "Net Income Discontinuous Operations": NaN,
        "Net Income Continuous Operations": -1375000.0,
        "Pretax Income": -1375000.0,
        "Other Income Expense": 104000.0,
        "Other Non Operating Income Expenses": 104000.0,
        "Net Non Operating Interest Income Expense": -2000.0,
        "Interest Expense Non Operating": 2000.0,
        "Operating Income": -1477000.0,
        "Operating Expense": 2266000.0,
        "Depreciation Amortization Depletion Income Statement": 172000.0,
        "Depreciation And Amortization In Income Statement": 172000.0,
        "Depreciation Income Statement": 172000.0,
        "Selling General And Administration": 2094000.0,
        "General And Administrative Expense": 2094000.0,
        "Other Gand A": 1057000.0,
        "Salaries And Wages": 1037000.0,
        "Gross Profit": 789000.0,
        "Cost Of Revenue": 1694000.0,
        "Total Revenue": 2483000.0,
        "Operating Revenue": 2483000.0
    },
    "2024-06-30": {
        "Tax Effect Of Unusual Items": 0.0,
        "Tax Rate For Calcs": 0.0,
        "Normalized EBITDA": -1699000.0,
        "Net Income From Continuing Operation Net Minority Interest": -1872000.0,
        "Reconciled Depreciation": 171000.0,
        "Reconciled Cost Of Revenue": 1614000.0,
        "EBITDA": -1699000.0,
        "EBIT": -1870000.0,
        "Net Interest Income": -2000.0,
        "Interest Expense": 2000.0,
        "Normalized Income": -1872000.0,
        "Net Income From Continuing And Discontinued Operation": -1872000.0,
        "Total Expenses": 4604000.0,
        "Rent Expense Supplemental": 1122000.0,
        "Total Operating Income As Reported": -1881000.0,
        "Diluted Average Shares": 20000000.0,
        "Basic Average Shares": 19600000.0,
        "Diluted EPS": -0.1,
        "Basic EPS": -0.1,
        "Diluted NI Availto Com Stockholders": -1872000.0,
        "Net Income Common Stockholders": -1872000.0,
        "Net Income": -1872000.0,
        "Net Income Including Noncontrolling Interests": -1872000.0,
        "Net Income Discontinuous Operations": NaN,
        "Net Income Continuous Operations": -1872000.0,
        "Pretax Income": -1872000.0,
        "Other Income Expense": 89000.0,
        "Other Non Operating Income Expenses": 89000.0,
        "Net Non Operating Interest Income Expense": -2000.0,
        "Interest Expense Non Operating": 2000.0,
        "Operating Income": -1959000.0,
        "Operating Expense": 2990000.0,
        "Depreciation Amortization Depletion Income Statement": 171000.0,
        "Depreciation And Amortization In Income Statement": 171000.0,
        "Depreciation Income Statement": 171000.0,
        "Selling General And Administration": 2819000.0,
        "General And Administrative Expense": 2819000.0,
        "Other Gand A": 1118000.0,
        "Salaries And Wages": 1701000.0,
        "Gross Profit": 1031000.0,
        "Cost Of Revenue": 1614000.0,
        "Total Revenue": 2645000.0,
        "Operating Revenue": 2645000.0
    }
}