{
    "2023-03-31": {
        "Tax Effect Of Unusual Items": 4457.690627,
        "Tax Rate For Calcs": 0.015646,
        "Normalized EBITDA": -15892811.0,
        "Total Unusual Items": 284911.0,
        "Total Unusual Items Excluding Goodwill": 284911.0,
        "Net Income From Continuing Operation Net Minority Interest": -18668678.0,
        "Reconciled Depreciation": 3244511.0,
        "Reconciled Cost Of Revenue": 730964.0,
        "EBITDA": -15607900.0,
        "EBIT": -18852411.0,
        "Net Interest Income": -112998.0,
        "Interest Expense": 112998.0,
        "Normalized Income": -18949131.309373,
        "Net Income From Continuing And Discontinued Operation": -18668678.0,
        "Total Expenses": 19971461.0,
        "Total Operating Income As Reported": -18559202.0,
        "Diluted Average Shares": 3688793.0,
        "Basic Average Shares": 3688793.0,
        "Diluted EPS": -5.06,
        "Basic EPS": -5.06,
        "Diluted NI Availto Com Stockholders": -18668678.0,
        "Net Income Common Stockholders": -18668678.0,
        "Net Income": -18668678.0,
        "Net Income Including Noncontrolling Interests": -18668678.0,
        "Net Income Continuous Operations": -18668678.0,
        "Tax Provision": -296731.0,
        "Pretax Income": -18965409.0,
        "Other Income Expense": -293209.0,
        "Other Non Operating Income Expenses": -578120.0,
        "Special Income Charges": 0.0,
        "Impairment Of Capital Assets": NaN,
        "Restructuring And Mergern Acquisition": 0.0,
        "Gain On Sale Of Security": 284911.0,
        "Net Non Operating Interest Income Expense": -112998.0,
        "Interest Expense Non Operating": 112998.0,
        "Operating Income": -18559202.0,
        "Operating Expense": 19230481.0,
        "Depreciation Amortization Depletion Income Statement": 3234495.0,
        "Depreciation And Amortization In Income Statement": 3234495.0,
        "Research And Development": 5060756.0,
        "Selling General And Administration": 10935230.0,
        "Selling And Marketing Expense": 2307353.0,
        "General And Administrative Expense": 8627877.0,
        "Other Gand A": 6769437.0,
        "Salaries And Wages": 1858440.0,
        "Gross Profit": 671279.0,
        "Cost Of Revenue": 740980.0,
        "Total Revenue": 1412259.0,
        "Operating Revenue": 1412259.0
    },
    "2022-12-31": {
        "Tax Effect Of Unusual Items": 1356181.763589,
        "Tax Rate For Calcs": 0.272148,
        "Normalized EBITDA": -22022590.0,
        "Total Unusual Items": 4983245.0,
        "Total Unusual Items Excluding Goodwill": 4983245.0,
        "Net Income From Continuing Operation Net Minority Interest": -15209605.0,
        "Reconciled Depreciation": 3894604.0,
        "Reconciled Cost Of Revenue": 682797.0,
        "EBITDA": -17039345.0,
        "EBIT": -20933949.0,
        "Net Interest Income": 266460.0,
        "Interest Expense": -37377.0,
        "Normalized Income": -18836668.236411,
        "Net Income From Continuing And Discontinued Operation": -15209605.0,
        "Total Expenses": 28916538.0,
        "Total Operating Income As Reported": -24037048.0,
        "Diluted Average Shares": NaN,
        "Basic Average Shares": NaN,
        "Diluted EPS": NaN,
        "Basic EPS": NaN,
        "Diluted NI Availto Com Stockholders": -15209605.0,
        "Net Income Common Stockholders": -15209605.0,
        "Net Income": -15209605.0,
        "Net Income Including Noncontrolling Interests": -15209605.0,
        "Net Income Continuous Operations": -15209605.0,
        "Tax Provision": -5686967.0,
        "Pretax Income": -20896572.0,
        "Other Income Expense": 6307773.0,
        "Other Non Operating Income Expenses": NaN,
        "Special Income Charges": NaN,
        "Impairment Of Capital Assets": NaN,
        "Restructuring And Mergern Acquisition": NaN,
        "Gain On Sale Of Security": 992508.0,
        "Net Non Operating Interest Income Expense": 266460.0,
        "Interest Expense Non Operating": -37377.0,
        "Operating Income": -27470805.0,
        "Operating Expense": 28233741.0,
        "Depreciation Amortization Depletion Income Statement": NaN,
        "Depreciation And Amortization In Income Statement": NaN,
        "Research And Development": 5946662.0,
        "Selling General And Administration": 18853322.0,
        "Selling And Marketing Expense": 3053932.0,
        "General And Administrative Expense": 15799390.0,
        "Other Gand A": 15799390.0,
        "Salaries And Wages": NaN,
        "Gross Profit": 762936.0,
        "Cost Of Revenue": 682797.0,
        "Total Revenue": 1445733.0,
        "Operating Revenue": 1445733.0
    },
    "2022-09-30": {
        "Tax Effect Of Unusual Items": NaN,
        "Tax Rate For Calcs": NaN,
        "Normalized EBITDA": NaN,
        "Total Unusual Items": NaN,
        "Total Unusual Items Excluding Goodwill": NaN,
        "Net Income From Continuing Operation Net Minority Interest": NaN,
        "Reconciled Depreciation": NaN,
        "Reconciled Cost Of Revenue": NaN,
        "EBITDA": NaN,
        "EBIT": NaN,
        "Net Interest Income": NaN,
        "Interest Expense": NaN,
        "Normalized Income": NaN,
        "Net Income From Continuing And Discontinued Operation": NaN,
        "Total Expenses": NaN,
        "Total Operating Income As Reported": NaN,
        "Diluted Average Shares": 3622606.0,
        "Basic Average Shares": 3622606.0,
        "Diluted EPS": -7.0,
        "Basic EPS": -7.0,
        "Diluted NI Availto Com Stockholders": NaN,
        "Net Income Common Stockholders": NaN,
        "Net Income": NaN,
        "Net Income Including Noncontrolling Interests": NaN,
        "Net Income Continuous Operations": NaN,
        "Tax Provision": NaN,
        "Pretax Income": NaN,
        "Other Income Expense": NaN,
        "Other Non Operating Income Expenses": NaN,
        "Special Income Charges": NaN,
        "Impairment Of Capital Assets": 0.0,
        "Restructuring And Mergern Acquisition": NaN,
        "Gain On Sale Of Security": NaN,
        "Net Non Operating Interest Income Expense": NaN,
        "Interest Expense Non Operating": NaN,
        "Operating Income": NaN,
        "Operating Expense": NaN,
        "Depreciation Amortization Depletion Income Statement": NaN,
        "Depreciation And Amortization In Income Statement": NaN,
        "Research And Development": NaN,
        "Selling General And Administration": NaN,
        "Selling And Marketing Expense": NaN,
        "General And Administrative Expense": NaN,
        "Other Gand A": NaN,
        "Salaries And Wages": NaN,
        "Gross Profit": NaN,
        "Cost Of Revenue": NaN,
        "Total Revenue": NaN,
        "Operating Revenue": NaN
    },
    "2022-06-30": {
        "Tax Effect Of Unusual Items": -5066.85424,
        "Tax Rate For Calcs": 0.005214,
        "Normalized EBITDA": -18157781.0,
        "Total Unusual Items": -971713.0,
        "Total Unusual Items Excluding Goodwill": -971713.0,
        "Net Income From Continuing Operation Net Minority Interest": -20982758.0,
        "Reconciled Depreciation": 1821194.0,
        "Reconciled Cost Of Revenue": 877951.0,
        "EBITDA": -19129494.0,
        "EBIT": -20950688.0,
        "Net Interest Income": -142055.0,
        "Interest Expense": 142055.0,
        "Normalized Income": -20016111.85424,
        "Net Income From Continuing And Discontinued Operation": -20982758.0,
        "Total Expenses": 22965709.0,
        "Total Operating Income As Reported": -19641982.0,
        "Diluted Average Shares": 301488660.0,
        "Basic Average Shares": 301488660.0,
        "Diluted EPS": -0.07,
        "Basic EPS": -0.07,
        "Diluted NI Availto Com Stockholders": -20982758.0,
        "Net Income Common Stockholders": -20982758.0,
        "Net Income": -20982758.0,
        "Net Income Including Noncontrolling Interests": -20982758.0,
        "Net Income Continuous Operations": -20982758.0,
        "Tax Provision": -109985.0,
        "Pretax Income": -21092743.0,
        "Other Income Expense": -1308706.0,
        "Other Non Operating Income Expenses": -336993.0,
        "Special Income Charges": NaN,
        "Impairment Of Capital Assets": NaN,
        "Restructuring And Mergern Acquisition": NaN,
        "Gain On Sale Of Security": -971713.0,
        "Net Non Operating Interest Income Expense": -142055.0,
        "Interest Expense Non Operating": 142055.0,
        "Operating Income": -19641982.0,
        "Operating Expense": 22087758.0,
        "Depreciation Amortization Depletion Income Statement": NaN,
        "Depreciation And Amortization In Income Statement": NaN,
        "Research And Development": 6490800.0,
        "Selling General And Administration": 15596958.0,
        "Selling And Marketing Expense": 1127079.0,
        "General And Administrative Expense": 14469879.0,
        "Other Gand A": 14469879.0,
        "Salaries And Wages": NaN,
        "Gross Profit": 2445776.0,
        "Cost Of Revenue": 877951.0,
        "Total Revenue": 3323727.0,
        "Operating Revenue": 3323727.0
    },
    "2022-03-31": {
        "Diluted EPS": -0.06,
        "Total Revenue": 3,
        "Gross Profit": 2,
        "Operating Income": -17,
        "EBIT": -16,
        "Net Income": -18
    },
    "2021-12-31": {
        "Diluted EPS": -0.06,
        "Total Revenue": 2,
        "Gross Profit": 2,
        "Operating Income": -17,
        "EBIT": -15,
        "Net Income": -30
    },
    "2021-09-30": {
        "Diluted EPS": -0.04,
        "Total Revenue": 1,
        "Gross Profit": 0,
        "Operating Income": -12,
        "EBIT": -11,
        "Net Income": -11
    },
    "2021-06-30": {
        "Diluted EPS": -0.03,
        "Total Revenue": 1,
        "Gross Profit": 1,
        "Operating Income": -5,
        "EBIT": -5,
        "Net Income": -6
    },
    "2021-03-31": {
        "Diluted EPS": -0.26,
        "Total Revenue": 1,
        "Gross Profit": 1,
        "Operating Income": -4,
        "EBIT": -4,
        "Net Income": -44
    },
    "2020-12-31": {
        "Diluted EPS": 0.05,
        "Total Revenue": 1,
        "Gross Profit": 1,
        "Operating Income": -2,
        "EBIT": -2,
        "Net Income": -4
    },
    "2020-09-30": {
        "Diluted EPS": -0.02,
        "Total Revenue": 0,
        "Gross Profit": 0,
        "Operating Income": -3,
        "EBIT": -2,
        "Net Income": -3
    },
    "2020-06-30": {
        "Diluted EPS": -0.01,
        "Total Revenue": 0,
        "Gross Profit": 0,
        "Operating Income": -2,
        "EBIT": -2,
        "Net Income": -2
    },
    "2020-03-31": {
        "Diluted EPS": -0.1,
        "Total Revenue": 0,
        "Gross Profit": 0,
        "Operating Income": -3,
        "EBIT": -3,
        "Net Income": -4
    },
    "2019-12-31": {
        "Diluted EPS": -0.07,
        "Total Revenue": 0,
        "Gross Profit": 1,
        "Operating Income": -6,
        "EBIT": -4,
        "Net Income": -5
    },
    "2019-09-30": {
        "Diluted EPS": -0.04,
        "Total Revenue": 0,
        "Gross Profit": 0,
        "Operating Income": -1,
        "EBIT": -1,
        "Net Income": -1
    },
    "2019-06-30": {
        "Diluted EPS": -0.02,
        "Total Revenue": 0,
        "Gross Profit": 0,
        "Operating Income": -1,
        "EBIT": 0,
        "Net Income": -1
    },
    "2019-03-31": {
        "Diluted EPS": -0.04,
        "Total Revenue": 0,
        "Gross Profit": 0,
        "Operating Income": -2,
        "EBIT": -1,
        "Net Income": -2
    },
    "2018-12-31": {
        "Diluted EPS": -0.06,
        "Total Revenue": 0,
        "Gross Profit": 0,
        "Operating Income": -1,
        "EBIT": 0,
        "Net Income": -2
    },
    "2018-09-30": {
        "Diluted EPS": -0.02,
        "Total Revenue": 0,
        "Gross Profit": 0,
        "Operating Income": -1,
        "EBIT": -1,
        "Net Income": -1
    },
    "2018-06-30": {
        "Diluted EPS": -0.04,
        "Total Revenue": 0,
        "Gross Profit": 0,
        "Operating Income": -1,
        "EBIT": -1,
        "Net Income": -1
    },
    "2018-03-31": {
        "Diluted EPS": -0.06,
        "Total Revenue": 0,
        "Gross Profit": 0,
        "Operating Income": -2,
        "EBIT": -2,
        "Net Income": -2
    },
    "2017-12-31": {
        "Diluted EPS": 0.08,
        "Total Revenue": 1,
        "Gross Profit": 0,
        "Operating Income": 0,
        "EBIT": 0,
        "Net Income": 2
    },
    "2017-09-30": {
        "Diluted EPS": -0.04,
        "Total Revenue": 0,
        "Gross Profit": 0,
        "Operating Income": -1,
        "EBIT": -1,
        "Net Income": -1
    },
    "2017-06-30": {
        "Diluted EPS": -0.04,
        "Total Revenue": 0,
        "Gross Profit": 0,
        "Operating Income": -1,
        "EBIT": -1,
        "Net Income": -1
    },
    "2017-03-31": {
        "Diluted EPS": -0.04,
        "Total Revenue": 0,
        "Gross Profit": 0,
        "Operating Income": -1,
        "EBIT": -1,
        "Net Income": -1
    },
    "2016-12-31": {
        "Diluted EPS": -0.02,
        "Total Revenue": 0,
        "Gross Profit": 0,
        "Operating Income": -1,
        "EBIT": -1,
        "Net Income": -1
    },
    "2016-09-30": {
        "Diluted EPS": -0.04,
        "Total Revenue": 0,
        "Gross Profit": 0,
        "Operating Income": -1,
        "EBIT": -1,
        "Net Income": -1
    },
    "2016-06-30": {
        "Diluted EPS": -0.22,
        "Total Revenue": 0,
        "Gross Profit": 0,
        "Operating Income": -4,
        "EBIT": -4,
        "Net Income": -4
    },
    "2016-03-31": {
        "Diluted EPS": -0.1,
        "Total Revenue": 0,
        "Gross Profit": 0,
        "Operating Income": -1,
        "EBIT": -1,
        "Net Income": -2
    },
    "2015-12-31": {
        "Diluted EPS": 0.28,
        "Total Revenue": 0,
        "Gross Profit": 0,
        "Operating Income": -7,
        "EBIT": -6,
        "Net Income": -7
    },
    "2015-09-30": {
        "Diluted EPS": -0.32,
        "Total Revenue": 0,
        "Gross Profit": 0,
        "Operating Income": -3,
        "EBIT": -3,
        "Net Income": -3
    },
    "2015-06-30": {
        "Diluted EPS": -2.88,
        "Total Revenue": 1,
        "Gross Profit": 0,
        "Operating Income": -31,
        "EBIT": -30,
        "Net Income": -31
    },
    "2015-03-31": {
        "Diluted EPS": -0.24,
        "Total Revenue": 1,
        "Gross Profit": 0,
        "Operating Income": -1,
        "EBIT": 1,
        "Net Income": -2
    },
    "2014-12-31": {
        "Diluted EPS": 0.6,
        "Total Revenue": 1,
        "Gross Profit": 1,
        "Operating Income": -1,
        "EBIT": 1,
        "Net Income": -3
    },
    "2014-09-30": {
        "Diluted EPS": -0.3,
        "Total Revenue": 2,
        "Gross Profit": 2,
        "Operating Income": -2,
        "EBIT": 1,
        "Net Income": -3
    },
    "2014-06-30": {
        "Diluted EPS": -1.36,
        "Total Revenue": 2,
        "Gross Profit": 1,
        "Operating Income": -1,
        "EBIT": 1,
        "Net Income": -3
    },
    "2014-03-31": {
        "Diluted EPS": -0.96,
        "Total Revenue": 1,
        "Gross Profit": 1,
        "Operating Income": -6,
        "EBIT": -4,
        "Net Income": -8
    },
    "2013-12-31": {
        "Diluted EPS": -0.56,
        "Total Revenue": 0,
        "Gross Profit": 0,
        "Operating Income": -1,
        "EBIT": 1,
        "Net Income": -4
    },
    "2013-09-30": {
        "Diluted EPS": -0.48,
        "Total Revenue": 0,
        "Gross Profit": 0,
        "Operating Income": -3,
        "EBIT": -2,
        "Net Income": -3
    },
    "2013-06-30": {
        "Diluted EPS": -0.34,
        "Total Revenue": 0,
        "Gross Profit": 0,
        "Operating Income": -2,
        "EBIT": -1,
        "Net Income": -2
    },
    "2013-03-31": {
        "Diluted EPS": -0.1,
        "Total Revenue": 0,
        "Gross Profit": 0,
        "Operating Income": 0,
        "EBIT": 0,
        "Net Income": -1
    },
    "2012-12-31": {
        "Diluted EPS": -0.14,
        "Total Revenue": 0,
        "Gross Profit": 0,
        "Operating Income": -1,
        "EBIT": 0,
        "Net Income": -1
    },
    "2012-09-30": {
        "Diluted EPS": -0.07,
        "Total Revenue": 0,
        "Gross Profit": 0,
        "Operating Income": 0,
        "EBIT": 0,
        "Net Income": 0
    },
    "2012-06-30": {
        "Diluted EPS": -0.17,
        "Total Revenue": 0,
        "Gross Profit": 0,
        "Operating Income": -1,
        "EBIT": -1,
        "Net Income": -1
    },
    "2012-03-31": {
        "Diluted EPS": -0.04,
        "Total Revenue": 0,
        "Gross Profit": 0,
        "Operating Income": 0,
        "EBIT": 0,
        "Net Income": 0
    },
    "2011-12-31": {
        "Diluted EPS": -0.04,
        "Total Revenue": NaN,
        "Gross Profit": NaN,
        "Operating Income": 0,
        "EBIT": 0,
        "Net Income": 0
    },
    "2011-09-30": {
        "Diluted EPS": -0.03,
        "Total Revenue": NaN,
        "Gross Profit": NaN,
        "Operating Income": 0,
        "EBIT": 0,
        "Net Income": 0
    },
    "2011-06-30": {
        "Diluted EPS": -0.12,
        "Total Revenue": 0,
        "Gross Profit": 0,
        "Operating Income": -1,
        "EBIT": -1,
        "Net Income": -1
    },
    "2011-03-31": {
        "Diluted EPS": -0.09,
        "Total Revenue": NaN,
        "Gross Profit": NaN,
        "Operating Income": -1,
        "EBIT": -1,
        "Net Income": -1
    },
    "2010-12-31": {
        "Diluted EPS": 0.0,
        "Total Revenue": NaN,
        "Gross Profit": NaN,
        "Operating Income": NaN,
        "EBIT": NaN,
        "Net Income": NaN
    },
    "2023-06-30": {
        "Tax Effect Of Unusual Items": -593312.409806,
        "Tax Rate For Calcs": 0.0021,
        "Normalized EBITDA": -8411160.0,
        "Total Unusual Items": -282479929.0,
        "Total Unusual Items Excluding Goodwill": -282479929.0,
        "Net Income From Continuing Operation Net Minority Interest": -293653386.0,
        "Reconciled Depreciation": 3375854.0,
        "Reconciled Cost Of Revenue": 755651.0,
        "EBITDA": -290891089.0,
        "EBIT": -294266943.0,
        "Net Interest Income": -4522.0,
        "Interest Expense": 4522.0,
        "Normalized Income": -11766769.409806,
        "Net Income From Continuing And Discontinued Operation": -293653386.0,
        "Total Expenses": 13077533.0,
        "Total Operating Income As Reported": -294689211.0,
        "Diluted Average Shares": 4528379.0,
        "Basic Average Shares": 4528379.0,
        "Diluted EPS": -65.0,
        "Basic EPS": -65.0,
        "Diluted NI Availto Com Stockholders": -293653386.0,
        "Net Income Common Stockholders": -293653386.0,
        "Net Income": -293653386.0,
        "Net Income Including Noncontrolling Interests": -293653386.0,
        "Net Income Continuous Operations": -293653386.0,
        "Tax Provision": -618079.0,
        "Pretax Income": -294271465.0,
        "Other Income Expense": -283219934.0,
        "Other Non Operating Income Expenses": -740005.0,
        "Special Income Charges": -283642202.0,
        "Impairment Of Capital Assets": 282173053.0,
        "Restructuring And Mergern Acquisition": 1469149.0,
        "Gain On Sale Of Security": 1162273.0,
        "Net Non Operating Interest Income Expense": -4522.0,
        "Interest Expense Non Operating": 4522.0,
        "Operating Income": -11047009.0,
        "Operating Expense": 12304555.0,
        "Depreciation Amortization Depletion Income Statement": 3358527.0,
        "Depreciation And Amortization In Income Statement": 3358527.0,
        "Research And Development": 5059614.0,
        "Selling General And Administration": 3886414.0,
        "Selling And Marketing Expense": 780233.0,
        "General And Administrative Expense": 3106181.0,
        "Other Gand A": 5913267.0,
        "Salaries And Wages": -2807086.0,
        "Gross Profit": 1257546.0,
        "Cost Of Revenue": 772978.0,
        "Total Revenue": 2030524.0,
        "Operating Revenue": 2030524.0
    },
    "2023-09-30": {
        "Tax Effect Of Unusual Items": 261940.651858,
        "Tax Rate For Calcs": 0.058294,
        "Normalized EBITDA": -10194011.0,
        "Total Unusual Items": 4493439.0,
        "Total Unusual Items Excluding Goodwill": 4493439.0,
        "Net Income From Continuing Operation Net Minority Interest": -8737003.0,
        "Reconciled Depreciation": 3451792.0,
        "Reconciled Cost Of Revenue": 783713.0,
        "EBITDA": -5700572.0,
        "EBIT": -9152364.0,
        "Net Interest Income": -125482.0,
        "Interest Expense": 125482.0,
        "Normalized Income": -12968501.348142,
        "Net Income From Continuing And Discontinued Operation": -8737003.0,
        "Total Expenses": 16319603.0,
        "Total Operating Income As Reported": -14928443.0,
        "Diluted Average Shares": 4778087.0,
        "Basic Average Shares": 4778087.0,
        "Diluted EPS": -2.0,
        "Basic EPS": -2.0,
        "Diluted NI Availto Com Stockholders": -8737003.0,
        "Net Income Common Stockholders": -8737003.0,
        "Net Income": -8737003.0,
        "Net Income Including Noncontrolling Interests": -8737003.0,
        "Net Income Continuous Operations": -8737003.0,
        "Tax Provision": -540843.0,
        "Pretax Income": -9277846.0,
        "Other Income Expense": 4967077.0,
        "Other Non Operating Income Expenses": 473638.0,
        "Special Income Charges": -809002.0,
        "Impairment Of Capital Assets": 0.0,
        "Restructuring And Mergern Acquisition": 809002.0,
        "Gain On Sale Of Security": 5302441.0,
        "Net Non Operating Interest Income Expense": -125482.0,
        "Interest Expense Non Operating": 125482.0,
        "Operating Income": -14119441.0,
        "Operating Expense": 15525910.0,
        "Depreciation Amortization Depletion Income Statement": 3441812.0,
        "Depreciation And Amortization In Income Statement": 3441812.0,
        "Research And Development": 5088556.0,
        "Selling General And Administration": 6995542.0,
        "Selling And Marketing Expense": 835405.0,
        "General And Administrative Expense": 6160137.0,
        "Other Gand A": 5881598.0,
        "Salaries And Wages": 278539.0,
        "Gross Profit": 1406469.0,
        "Cost Of Revenue": 793693.0,
        "Total Revenue": 2200162.0,
        "Operating Revenue": 2200162.0
    },
    "2023-12-31": {
        "Tax Effect Of Unusual Items": -1727329.003821,
        "Tax Rate For Calcs": 0.023887,
        "Normalized EBITDA": -3116334.0,
        "Total Unusual Items": -72311397.0,
        "Total Unusual Items Excluding Goodwill": -72311397.0,
        "Net Income From Continuing Operation Net Minority Interest": -77172471.0,
        "Reconciled Depreciation": 3427843.0,
        "Reconciled Cost Of Revenue": 987316.0,
        "EBITDA": -75427731.0,
        "EBIT": -78876277.0,
        "Net Interest Income": 831172.0,
        "Interest Expense": 184754.0,
        "Normalized Income": -6588403.003821,
        "Net Income From Continuing And Discontinued Operation": -77172471.0,
        "Total Expenses": 17498189.0,
        "Total Operating Income As Reported": -80656965.0,
        "Diluted Average Shares": NaN,
        "Basic Average Shares": NaN,
        "Diluted EPS": NaN,
        "Basic EPS": NaN,
        "Diluted NI Availto Com Stockholders": -80456138.0,
        "Net Income Common Stockholders": -80456138.0,
        "Net Income": -77172471.0,
        "Net Income Including Noncontrolling Interests": -77172471.0,
        "Net Income Continuous Operations": -77172471.0,
        "Tax Provision": -1888560.0,
        "Pretax Income": -79061031.0,
        "Other Income Expense": -64716715.0,
        "Other Non Operating Income Expenses": 7594682.0,
        "Special Income Charges": -67185695.0,
        "Impairment Of Capital Assets": 65580140.0,
        "Restructuring And Mergern Acquisition": 1605555.0,
        "Gain On Sale Of Security": -5125702.0,
        "Net Non Operating Interest Income Expense": 831172.0,
        "Interest Expense Non Operating": 184754.0,
        "Operating Income": -15175488.0,
        "Operating Expense": 16531576.0,
        "Depreciation Amortization Depletion Income Statement": 3448546.0,
        "Depreciation And Amortization In Income Statement": 3448546.0,
        "Research And Development": 3997202.0,
        "Selling General And Administration": 7381610.0,
        "Selling And Marketing Expense": 423236.0,
        "General And Administrative Expense": 6958374.0,
        "Other Gand A": 6586794.0,
        "Salaries And Wages": 371580.0,
        "Gross Profit": 1356088.0,
        "Cost Of Revenue": 966613.0,
        "Total Revenue": 2322701.0,
        "Operating Revenue": 2322701.0
    },
    "2024-03-31": {
        "Tax Effect Of Unusual Items": 0.0,
        "Tax Rate For Calcs": 0.0,
        "Normalized EBITDA": -4687705.0,
        "Total Unusual Items": -1716645.0,
        "Total Unusual Items Excluding Goodwill": -1716645.0,
        "Net Income From Continuing Operation Net Minority Interest": -7508414.0,
        "Reconciled Depreciation": 995298.0,
        "Reconciled Cost Of Revenue": 729849.0,
        "EBITDA": -6404350.0,
        "EBIT": -7399648.0,
        "Net Interest Income": -108766.0,
        "Interest Expense": 108766.0,
        "Normalized Income": -5791769.0,
        "Net Income From Continuing And Discontinued Operation": -7508414.0,
        "Total Expenses": 8956574.0,
        "Total Operating Income As Reported": -5950352.0,
        "Diluted Average Shares": 6180363.0,
        "Basic Average Shares": 6180363.0,
        "Diluted EPS": -1.21,
        "Basic EPS": -1.21,
        "Diluted NI Availto Com Stockholders": -7508414.0,
        "Net Income Common Stockholders": -7508414.0,
        "Net Income": -7508414.0,
        "Net Income Including Noncontrolling Interests": -7508414.0,
        "Net Income Continuous Operations": -7508414.0,
        "Tax Provision": 0.0,
        "Pretax Income": -7508414.0,
        "Other Income Expense": -1715331.0,
        "Other Non Operating Income Expenses": 1314.0,
        "Special Income Charges": -266035.0,
        "Impairment Of Capital Assets": NaN,
        "Restructuring And Mergern Acquisition": 266035.0,
        "Gain On Sale Of Security": -1450610.0,
        "Net Non Operating Interest Income Expense": -108766.0,
        "Interest Expense Non Operating": 108766.0,
        "Operating Income": -5684317.0,
        "Operating Expense": 8223052.0,
        "Depreciation Amortization Depletion Income Statement": 991625.0,
        "Depreciation And Amortization In Income Statement": 991625.0,
        "Research And Development": 2660995.0,
        "Selling General And Administration": 4570432.0,
        "Selling And Marketing Expense": 332964.0,
        "General And Administrative Expense": 4237468.0,
        "Other Gand A": 3926643.0,
        "Salaries And Wages": 310825.0,
        "Gross Profit": 2538735.0,
        "Cost Of Revenue": 733522.0,
        "Total Revenue": 3272257.0,
        "Operating Revenue": 3272257.0
    }
}