{
    "2023-06-30": {
        "Tax Effect Of Unusual Items": 730491.32948,
        "Tax Rate For Calcs": 0.243497,
        "Normalized EBITDA": 1705000000.0,
        "Total Unusual Items": 3000000.0,
        "Total Unusual Items Excluding Goodwill": 3000000.0,
        "Net Income From Continuing Operation Net Minority Interest": 1035000000.0,
        "Reconciled Depreciation": 178000000.0,
        "Reconciled Cost Of Revenue": 3337000000.0,
        "EBITDA": 1708000000.0,
        "EBIT": 1530000000.0,
        "Net Interest Income": -136000000.0,
        "Interest Expense": 146000000.0,
        "Interest Income": 10000000.0,
        "Normalized Income": 1032730491.32948,
        "Net Income From Continuing And Discontinued Operation": 1035000000.0,
        "Total Expenses": 4419000000.0,
        "Total Operating Income As Reported": 1457000000.0,
        "Diluted Average Shares": 499000000.0,
        "Basic Average Shares": 495000000.0,
        "Diluted EPS": 2.07,
        "Basic EPS": 2.09,
        "Diluted NI Availto Com Stockholders": 1035000000.0,
        "Net Income Common Stockholders": 1035000000.0,
        "Minority Interests": -12000000.0,
        "Net Income Including Noncontrolling Interests": 1047000000.0,
        "Net Income Continuous Operations": 1047000000.0,
        "Tax Provision": 337000000.0,
        "Pretax Income": 1384000000.0,
        "Other Income Expense": 63000000.0,
        "Other Non Operating Income Expenses": 60000000.0,
        "Gain On Sale Of Security": 3000000.0,
        "Net Non Operating Interest Income Expense": -136000000.0,
        "Interest Expense Non Operating": 146000000.0,
        "Interest Income Non Operating": 10000000.0,
        "Operating Income": 1457000000.0,
        "Operating Expense": 1082000000.0,
        "Other Operating Expenses": 1082000000.0,
        "Gross Profit": 2539000000.0,
        "Cost Of Revenue": 3337000000.0,
        "Total Revenue": 5876000000.0,
        "Operating Revenue": 5894000000.0
    },
    "2023-03-31": {
        "Tax Effect Of Unusual Items": 495192.307692,
        "Tax Rate For Calcs": 0.247596,
        "Normalized EBITDA": 1967000000.0,
        "Total Unusual Items": 2000000.0,
        "Total Unusual Items Excluding Goodwill": 2000000.0,
        "Net Income From Continuing Operation Net Minority Interest": 1235000000.0,
        "Reconciled Depreciation": 169000000.0,
        "Reconciled Cost Of Revenue": 3207000000.0,
        "EBITDA": 1969000000.0,
        "EBIT": 1800000000.0,
        "Net Interest Income": -122000000.0,
        "Interest Expense": 136000000.0,
        "Interest Income": 14000000.0,
        "Normalized Income": 1233495192.307692,
        "Net Income From Continuing And Discontinued Operation": 1235000000.0,
        "Total Expenses": 4198000000.0,
        "Total Operating Income As Reported": 1726000000.0,
        "Diluted Average Shares": 500000000.0,
        "Basic Average Shares": 495000000.0,
        "Diluted EPS": 2.47,
        "Basic EPS": 2.5,
        "Diluted NI Availto Com Stockholders": 1235000000.0,
        "Net Income Common Stockholders": 1235000000.0,
        "Minority Interests": -17000000.0,
        "Net Income Including Noncontrolling Interests": 1252000000.0,
        "Net Income Continuous Operations": 1252000000.0,
        "Tax Provision": 412000000.0,
        "Pretax Income": 1664000000.0,
        "Other Income Expense": 60000000.0,
        "Other Non Operating Income Expenses": 58000000.0,
        "Gain On Sale Of Security": 2000000.0,
        "Net Non Operating Interest Income Expense": -122000000.0,
        "Interest Expense Non Operating": 136000000.0,
        "Interest Income Non Operating": 14000000.0,
        "Operating Income": 1726000000.0,
        "Operating Expense": 991000000.0,
        "Other Operating Expenses": 991000000.0,
        "Gross Profit": 2717000000.0,
        "Cost Of Revenue": 3207000000.0,
        "Total Revenue": 5924000000.0,
        "Operating Revenue": 5937000000.0
    },
    "2022-12-31": {
        "Tax Effect Of Unusual Items": -1389885.807504,
        "Tax Rate For Calcs": 0.231648,
        "Normalized EBITDA": 746000000.0,
        "Total Unusual Items": -6000000.0,
        "Total Unusual Items Excluding Goodwill": -6000000.0,
        "Net Income From Continuing Operation Net Minority Interest": 466000000.0,
        "Reconciled Depreciation": 202000000.0,
        "Reconciled Cost Of Revenue": 3038000000.0,
        "EBITDA": 740000000.0,
        "EBIT": 740000000.0,
        "Net Interest Income": -118000000.0,
        "Interest Expense": 127000000.0,
        "Interest Income": 9000000.0,
        "Normalized Income": 470610114.192496,
        "Net Income From Continuing And Discontinued Operation": 466000000.0,
        "Total Expenses": 4342000000.0,
        "Total Operating Income As Reported": 680000000.0,
        "Diluted Average Shares": 501000000.0,
        "Basic Average Shares": 496000000.0,
        "Diluted EPS": 0.93,
        "Basic EPS": 0.94,
        "Diluted NI Availto Com Stockholders": 466000000.0,
        "Net Income Common Stockholders": 466000000.0,
        "Minority Interests": -5000000.0,
        "Net Income Including Noncontrolling Interests": 471000000.0,
        "Net Income Continuous Operations": 471000000.0,
        "Tax Provision": 142000000.0,
        "Pretax Income": 613000000.0,
        "Other Income Expense": 51000000.0,
        "Other Non Operating Income Expenses": 57000000.0,
        "Gain On Sale Of Security": -6000000.0,
        "Net Non Operating Interest Income Expense": -118000000.0,
        "Interest Expense Non Operating": 127000000.0,
        "Interest Income Non Operating": 9000000.0,
        "Operating Income": 680000000.0,
        "Operating Expense": 1304000000.0,
        "Other Operating Expenses": 1304000000.0,
        "Gross Profit": 1984000000.0,
        "Cost Of Revenue": 3038000000.0,
        "Total Revenue": 5022000000.0,
        "Operating Revenue": 5039000000.0
    },
    "2022-09-30": {
        "Tax Effect Of Unusual Items": -246000.0,
        "Tax Rate For Calcs": 0.246,
        "Normalized EBITDA": 1021000000.0,
        "Total Unusual Items": -1000000.0,
        "Total Unusual Items Excluding Goodwill": -1000000.0,
        "Net Income From Continuing Operation Net Minority Interest": 546000000.0,
        "Reconciled Depreciation": 169000000.0,
        "Reconciled Cost Of Revenue": 2923000000.0,
        "EBITDA": 1020000000.0,
        "EBIT": 851000000.0,
        "Net Interest Income": -114000000.0,
        "Interest Expense": 118000000.0,
        "Interest Income": 4000000.0,
        "Normalized Income": 546754000.0,
        "Net Income From Continuing And Discontinued Operation": 546000000.0,
        "Total Expenses": 3979000000.0,
        "Total Operating Income As Reported": 791000000.0,
        "Diluted Average Shares": 503000000.0,
        "Basic Average Shares": 498000000.0,
        "Diluted EPS": 1.08,
        "Basic EPS": 1.1,
        "Diluted NI Availto Com Stockholders": 546000000.0,
        "Net Income Common Stockholders": 546000000.0,
        "Minority Interests": -6000000.0,
        "Net Income Including Noncontrolling Interests": 552000000.0,
        "Net Income Continuous Operations": 552000000.0,
        "Tax Provision": 181000000.0,
        "Pretax Income": 733000000.0,
        "Other Income Expense": 56000000.0,
        "Other Non Operating Income Expenses": 57000000.0,
        "Gain On Sale Of Security": -1000000.0,
        "Net Non Operating Interest Income Expense": -114000000.0,
        "Interest Expense Non Operating": 118000000.0,
        "Interest Income Non Operating": 4000000.0,
        "Operating Income": 791000000.0,
        "Operating Expense": 1056000000.0,
        "Other Operating Expenses": 1056000000.0,
        "Gross Profit": 1847000000.0,
        "Cost Of Revenue": 2923000000.0,
        "Total Revenue": 4770000000.0,
        "Operating Revenue": 4789000000.0
    },
    "2022-06-30": {
        "Tax Effect Of Unusual Items": 510000.0,
        "Tax Rate For Calcs": 0.255,
        "Normalized EBITDA": 1592000000.0,
        "Total Unusual Items": 2000000.0,
        "Total Unusual Items Excluding Goodwill": 2000000.0,
        "Net Income From Continuing Operation Net Minority Interest": 967000000.0,
        "Reconciled Depreciation": 168000000.0,
        "Reconciled Cost Of Revenue": 3010000000.0,
        "EBITDA": 1594000000.0,
        "EBIT": 1426000000.0,
        "Net Interest Income": -113000000.0,
        "Interest Expense": 114000000.0,
        "Interest Income": 1000000.0,
        "Normalized Income": 965510000.0,
        "Net Income From Continuing And Discontinued Operation": 967000000.0,
        "Total Expenses": 4015000000.0,
        "Total Operating Income As Reported": 1364000000.0,
        "Diluted Average Shares": 506000000.0,
        "Basic Average Shares": 501000000.0,
        "Diluted EPS": 1.91,
        "Basic EPS": 1.93,
        "Diluted NI Availto Com Stockholders": 967000000.0,
        "Net Income Common Stockholders": 967000000.0,
        "Net Income": 967000000.0,
        "Minority Interests": -11000000.0,
        "Net Income Including Noncontrolling Interests": 978000000.0,
        "Net Income Continuous Operations": 978000000.0,
        "Tax Provision": 334000000.0,
        "Pretax Income": 1312000000.0,
        "Other Income Expense": 61000000.0,
        "Other Non Operating Income Expenses": 59000000.0,
        "Gain On Sale Of Security": 2000000.0,
        "Net Non Operating Interest Income Expense": -113000000.0,
        "Interest Expense Non Operating": 114000000.0,
        "Interest Income Non Operating": 1000000.0,
        "Operating Income": 1364000000.0,
        "Operating Expense": 1005000000.0,
        "Other Operating Expenses": 1005000000.0,
        "Gross Profit": 2369000000.0,
        "Cost Of Revenue": 3010000000.0,
        "Total Revenue": 5379000000.0,
        "Operating Revenue": 5397000000.0
    },
    "2022-03-31": {
        "Diluted EPS": 2.1,
        "Total Revenue": NaN,
        "Gross Profit": NaN,
        "Operating Income": NaN,
        "EBIT": NaN,
        "Net Income": NaN
    },
    "2021-12-31": {
        "Diluted EPS": 1.57,
        "Total Revenue": NaN,
        "Gross Profit": NaN,
        "Operating Income": 986,
        "EBIT": NaN,
        "Net Income": 803
    },
    "2021-09-30": {
        "Diluted EPS": 1.05,
        "Total Revenue": NaN,
        "Gross Profit": NaN,
        "Operating Income": 740,
        "EBIT": 919,
        "Net Income": 537
    },
    "2021-06-30": {
        "Diluted EPS": 1.6,
        "Total Revenue": NaN,
        "Gross Profit": NaN,
        "Operating Income": NaN,
        "EBIT": NaN,
        "Net Income": 820
    },
    "2021-03-31": {
        "Diluted EPS": 1.91,
        "Total Revenue": NaN,
        "Gross Profit": NaN,
        "Operating Income": NaN,
        "EBIT": NaN,
        "Net Income": 983
    },
    "2020-12-31": {
        "Diluted EPS": 0.72,
        "Total Revenue": NaN,
        "Gross Profit": NaN,
        "Operating Income": 571,
        "EBIT": 765,
        "Net Income": 374
    },
    "2020-09-30": {
        "Diluted EPS": 0.62,
        "Total Revenue": NaN,
        "Gross Profit": NaN,
        "Operating Income": 540,
        "EBIT": 725,
        "Net Income": 316
    },
    "2020-06-30": {
        "Diluted EPS": 1.12,
        "Total Revenue": NaN,
        "Gross Profit": NaN,
        "Operating Income": 885,
        "EBIT": NaN,
        "Net Income": 572
    },
    "2020-03-31": {
        "Diluted EPS": 1.48,
        "Total Revenue": NaN,
        "Gross Profit": NaN,
        "Operating Income": NaN,
        "EBIT": NaN,
        "Net Income": 754
    },
    "2019-12-31": {
        "Diluted EPS": 0.77,
        "Total Revenue": NaN,
        "Gross Profit": NaN,
        "Operating Income": 592,
        "EBIT": 759,
        "Net Income": 391
    },
    "2019-09-30": {
        "Diluted EPS": 0.59,
        "Total Revenue": NaN,
        "Gross Profit": NaN,
        "Operating Income": 467,
        "EBIT": 637,
        "Net Income": 303
    },
    "2019-06-30": {
        "Diluted EPS": 0.65,
        "Total Revenue": NaN,
        "Gross Profit": NaN,
        "Operating Income": 680,
        "EBIT": 865,
        "Net Income": 332
    },
    "2019-03-31": {
        "Diluted EPS": 1.4,
        "Total Revenue": NaN,
        "Gross Profit": NaN,
        "Operating Income": 938,
        "EBIT": NaN,
        "Net Income": 716
    },
    "2018-12-31": {
        "Diluted EPS": 0.31,
        "Total Revenue": NaN,
        "Gross Profit": NaN,
        "Operating Income": 621,
        "EBIT": 744,
        "Net Income": 153
    },
    "2018-09-30": {
        "Diluted EPS": 0.54,
        "Total Revenue": NaN,
        "Gross Profit": NaN,
        "Operating Income": 541,
        "EBIT": 665,
        "Net Income": 276
    },
    "2018-06-30": {
        "Diluted EPS": 1.04,
        "Total Revenue": NaN,
        "Gross Profit": NaN,
        "Operating Income": 691,
        "EBIT": 813,
        "Net Income": 531
    },
    "2018-03-31": {
        "Diluted EPS": 1.34,
        "Total Revenue": NaN,
        "Gross Profit": NaN,
        "Operating Income": 908,
        "EBIT": NaN,
        "Net Income": 690
    },
    "2017-12-31": {
        "Diluted EPS": 0.06,
        "Total Revenue": NaN,
        "Gross Profit": NaN,
        "Operating Income": 670,
        "EBIT": 795,
        "Net Income": 29
    },
    "2017-09-30": {
        "Diluted EPS": 0.76,
        "Total Revenue": NaN,
        "Gross Profit": NaN,
        "Operating Income": 535,
        "EBIT": 655,
        "Net Income": 393
    },
    "2017-06-30": {
        "Diluted EPS": 0.96,
        "Total Revenue": NaN,
        "Gross Profit": NaN,
        "Operating Income": 701,
        "EBIT": 817,
        "Net Income": 501
    },
    "2017-03-31": {
        "Diluted EPS": 1.09,
        "Total Revenue": NaN,
        "Gross Profit": NaN,
        "Operating Income": 749,
        "EBIT": 869,
        "Net Income": 569
    },
    "2016-12-31": {
        "Diluted EPS": 0.84,
        "Total Revenue": NaN,
        "Gross Profit": NaN,
        "Operating Income": 400,
        "EBIT": 508,
        "Net Income": 436
    },
    "2016-09-30": {
        "Diluted EPS": 0.73,
        "Total Revenue": NaN,
        "Gross Profit": NaN,
        "Operating Income": 572,
        "EBIT": 681,
        "Net Income": 379
    },
    "2016-06-30": {
        "Diluted EPS": 0.9,
        "Total Revenue": NaN,
        "Gross Profit": NaN,
        "Operating Income": 726,
        "EBIT": 836,
        "Net Income": 472
    },
    "2016-03-31": {
        "Diluted EPS": 0.91,
        "Total Revenue": NaN,
        "Gross Profit": NaN,
        "Operating Income": 733,
        "EBIT": 844,
        "Net Income": 481
    },
    "2015-12-31": {
        "Diluted EPS": 0.72,
        "Total Revenue": NaN,
        "Gross Profit": NaN,
        "Operating Income": 594,
        "EBIT": 705,
        "Net Income": 375
    },
    "2015-09-30": {
        "Diluted EPS": 0.61,
        "Total Revenue": NaN,
        "Gross Profit": NaN,
        "Operating Income": 461,
        "EBIT": 569,
        "Net Income": 323
    },
    "2015-06-30": {
        "Diluted EPS": 0.77,
        "Total Revenue": NaN,
        "Gross Profit": NaN,
        "Operating Income": 629,
        "EBIT": 732,
        "Net Income": 419
    },
    "2015-03-31": {
        "Diluted EPS": 0.88,
        "Total Revenue": NaN,
        "Gross Profit": NaN,
        "Operating Income": 735,
        "EBIT": 836,
        "Net Income": 482
    },
    "2014-12-31": {
        "Diluted EPS": 0.54,
        "Total Revenue": NaN,
        "Gross Profit": NaN,
        "Operating Income": 536,
        "EBIT": 635,
        "Net Income": 294
    },
    "2014-09-30": {
        "Diluted EPS": 0.54,
        "Total Revenue": NaN,
        "Gross Profit": NaN,
        "Operating Income": 445,
        "EBIT": 543,
        "Net Income": 297
    },
    "2014-06-30": {
        "Diluted EPS": 0.77,
        "Total Revenue": NaN,
        "Gross Profit": NaN,
        "Operating Income": 647,
        "EBIT": 741,
        "Net Income": 431
    },
    "2014-03-31": {
        "Diluted EPS": 0.8,
        "Total Revenue": NaN,
        "Gross Profit": NaN,
        "Operating Income": 673,
        "EBIT": 770,
        "Net Income": 443
    },
    "2013-12-31": {
        "Diluted EPS": 0.55,
        "Total Revenue": NaN,
        "Gross Profit": NaN,
        "Operating Income": 489,
        "EBIT": 581,
        "Net Income": 303
    },
    "2013-09-30": {
        "Diluted EPS": 0.45,
        "Total Revenue": NaN,
        "Gross Profit": NaN,
        "Operating Income": 404,
        "EBIT": 493,
        "Net Income": 253
    },
    "2013-06-30": {
        "Diluted EPS": 0.69,
        "Total Revenue": NaN,
        "Gross Profit": NaN,
        "Operating Income": 577,
        "EBIT": 667,
        "Net Income": 388
    },
    "2013-03-31": {
        "Diluted EPS": 0.74,
        "Total Revenue": NaN,
        "Gross Profit": NaN,
        "Operating Income": 607,
        "EBIT": 694,
        "Net Income": 413
    },
    "2012-12-31": {
        "Diluted EPS": 0.47,
        "Total Revenue": NaN,
        "Gross Profit": NaN,
        "Operating Income": 406,
        "EBIT": 501,
        "Net Income": 259
    },
    "2012-09-30": {
        "Diluted EPS": 0.44,
        "Total Revenue": NaN,
        "Gross Profit": NaN,
        "Operating Income": 378,
        "EBIT": 465,
        "Net Income": 241
    },
    "2012-06-30": {
        "Diluted EPS": 0.59,
        "Total Revenue": NaN,
        "Gross Profit": NaN,
        "Operating Income": 518,
        "EBIT": 602,
        "Net Income": 329
    },
    "2012-03-31": {
        "Diluted EPS": 0.63,
        "Total Revenue": NaN,
        "Gross Profit": NaN,
        "Operating Income": 527,
        "EBIT": 610,
        "Net Income": 347
    },
    "2011-12-31": {
        "Diluted EPS": 0.47,
        "Total Revenue": NaN,
        "Gross Profit": NaN,
        "Operating Income": 391,
        "EBIT": 473,
        "Net Income": 262
    },
    "2011-09-30": {
        "Diluted EPS": 0.24,
        "Total Revenue": NaN,
        "Gross Profit": NaN,
        "Operating Income": 310,
        "EBIT": 395,
        "Net Income": 129
    },
    "2011-06-30": {
        "Diluted EPS": 0.5,
        "Total Revenue": NaN,
        "Gross Profit": NaN,
        "Operating Income": 465,
        "EBIT": 547,
        "Net Income": 280
    },
    "2011-03-31": {
        "Diluted EPS": 0.58,
        "Total Revenue": NaN,
        "Gross Profit": NaN,
        "Operating Income": 472,
        "EBIT": 555,
        "Net Income": 322
    },
    "2010-12-31": {
        "Diluted EPS": 0.37,
        "Total Revenue": NaN,
        "Gross Profit": NaN,
        "Operating Income": 325,
        "EBIT": 408,
        "Net Income": 195
    },
    "2010-09-30": {
        "Diluted EPS": 0.3,
        "Total Revenue": NaN,
        "Gross Profit": NaN,
        "Operating Income": 239,
        "EBIT": 323,
        "Net Income": 165
    },
    "2010-06-30": {
        "Diluted EPS": 0.43,
        "Total Revenue": NaN,
        "Gross Profit": NaN,
        "Operating Income": -50,
        "EBIT": 43,
        "Net Income": 236
    },
    "2010-03-31": {
        "Diluted EPS": 0.45,
        "Total Revenue": NaN,
        "Gross Profit": NaN,
        "Operating Income": 425,
        "EBIT": 522,
        "Net Income": 248
    },
    "2009-12-31": {
        "Diluted EPS": 0.05,
        "Total Revenue": NaN,
        "Gross Profit": NaN,
        "Operating Income": -35,
        "EBIT": 53,
        "Net Income": 19
    },
    "2009-09-30": {
        "Diluted EPS": 0.41,
        "Total Revenue": NaN,
        "Gross Profit": NaN,
        "Operating Income": 195,
        "EBIT": 289,
        "Net Income": 221
    },
    "2009-06-30": {
        "Diluted EPS": -0.37,
        "Total Revenue": NaN,
        "Gross Profit": NaN,
        "Operating Income": 294,
        "EBIT": 702,
        "Net Income": -193
    },
    "2009-03-31": {
        "Diluted EPS": 0.33,
        "Total Revenue": NaN,
        "Gross Profit": NaN,
        "Operating Income": 324,
        "EBIT": 414,
        "Net Income": 176
    },
    "2023-09-30": {
        "Tax Effect Of Unusual Items": 206451.612903,
        "Tax Rate For Calcs": 0.206452,
        "Normalized EBITDA": 1254000000.0,
        "Total Unusual Items": 1000000.0,
        "Total Unusual Items Excluding Goodwill": 1000000.0,
        "Net Income From Continuing Operation Net Minority Interest": 730000000.0,
        "Reconciled Depreciation": 180000000.0,
        "Reconciled Cost Of Revenue": 3287000000.0,
        "EBITDA": 1255000000.0,
        "EBIT": 1075000000.0,
        "Net Interest Income": -129000000.0,
        "Interest Expense": 145000000.0,
        "Interest Income": 16000000.0,
        "Normalized Income": 729206451.612903,
        "Net Income From Continuing And Discontinued Operation": 730000000.0,
        "Total Expenses": 4386000000.0,
        "Total Operating Income As Reported": 996000000.0,
        "Diluted Average Shares": 499000000.0,
        "Basic Average Shares": 494000000.0,
        "Diluted EPS": 1.47,
        "Basic EPS": 1.48,
        "Diluted NI Availto Com Stockholders": 730000000.0,
        "Net Income Common Stockholders": 730000000.0,
        "Minority Interests": -8000000.0,
        "Net Income Including Noncontrolling Interests": 738000000.0,
        "Net Income Continuous Operations": 738000000.0,
        "Tax Provision": 192000000.0,
        "Pretax Income": 930000000.0,
        "Other Income Expense": 63000000.0,
        "Other Non Operating Income Expenses": 62000000.0,
        "Gain On Sale Of Security": 1000000.0,
        "Net Non Operating Interest Income Expense": -129000000.0,
        "Interest Expense Non Operating": 145000000.0,
        "Interest Income Non Operating": 16000000.0,
        "Operating Income": 996000000.0,
        "Operating Expense": 1099000000.0,
        "Other Operating Expenses": 1099000000.0,
        "Gross Profit": 2095000000.0,
        "Cost Of Revenue": 3287000000.0,
        "Total Revenue": 5382000000.0,
        "Operating Revenue": 5396000000.0
    }
}