{
    "2023-06-30": {
        "Tax Effect Of Unusual Items": NaN,
        "Tax Rate For Calcs": NaN,
        "Normalized EBITDA": NaN,
        "Total Unusual Items": NaN,
        "Total Unusual Items Excluding Goodwill": NaN,
        "Net Income From Continuing Operation Net Minority Interest": NaN,
        "Reconciled Depreciation": NaN,
        "Reconciled Cost Of Revenue": NaN,
        "EBITDA": NaN,
        "EBIT": NaN,
        "Net Interest Income": NaN,
        "Interest Expense": NaN,
        "Interest Income": NaN,
        "Normalized Income": NaN,
        "Net Income From Continuing And Discontinued Operation": NaN,
        "Total Expenses": NaN,
        "Total Operating Income As Reported": NaN,
        "Diluted Average Shares": NaN,
        "Basic Average Shares": NaN,
        "Diluted EPS": NaN,
        "Basic EPS": NaN,
        "Diluted NI Availto Com Stockholders": NaN,
        "Net Income Common Stockholders": NaN,
        "Net Income": NaN,
        "Minority Interests": NaN,
        "Net Income Including Noncontrolling Interests": NaN,
        "Net Income Discontinuous Operations": 330000000.0,
        "Net Income Continuous Operations": NaN,
        "Earnings From Equity Interest Net Of Tax": NaN,
        "Tax Provision": NaN,
        "Pretax Income": NaN,
        "Other Income Expense": NaN,
        "Other Non Operating Income Expenses": NaN,
        "Special Income Charges": NaN,
        "Gain On Sale Of Business": NaN,
        "Restructuring And Mergern Acquisition": 0.0,
        "Gain On Sale Of Security": NaN,
        "Net Non Operating Interest Income Expense": NaN,
        "Interest Expense Non Operating": NaN,
        "Interest Income Non Operating": NaN,
        "Operating Income": NaN,
        "Operating Expense": NaN,
        "Research And Development": NaN,
        "Selling General And Administration": NaN,
        "General And Administrative Expense": 11615000000.0,
        "Other Gand A": 11615000000.0,
        "Salaries And Wages": -25000000.0,
        "Gross Profit": NaN,
        "Cost Of Revenue": NaN,
        "Total Revenue": NaN,
        "Operating Revenue": NaN
    },
    "2023-03-31": {
        "Tax Effect Of Unusual Items": 0.0,
        "Tax Rate For Calcs": 0.177,
        "Normalized EBITDA": 1778000000.0,
        "Total Unusual Items": NaN,
        "Total Unusual Items Excluding Goodwill": NaN,
        "Net Income From Continuing Operation Net Minority Interest": 976000000.0,
        "Reconciled Depreciation": 466000000.0,
        "Reconciled Cost Of Revenue": 4613000000.0,
        "EBITDA": 1778000000.0,
        "EBIT": 1312000000.0,
        "Net Interest Income": -83000000.0,
        "Interest Expense": 123000000.0,
        "Interest Income": 40000000.0,
        "Normalized Income": 976000000.0,
        "Net Income From Continuing And Discontinued Operation": 976000000.0,
        "Total Expenses": 6759000000.0,
        "Total Operating Income As Reported": 1241000000.0,
        "Diluted Average Shares": 553200000.0,
        "Basic Average Shares": 552700000.0,
        "Diluted EPS": 1.76,
        "Basic EPS": 1.77,
        "Diluted NI Availto Com Stockholders": 976000000.0,
        "Net Income Common Stockholders": 976000000.0,
        "Net Income": 976000000.0,
        "Minority Interests": -5000000.0,
        "Net Income Including Noncontrolling Interests": 981000000.0,
        "Net Income Continuous Operations": 981000000.0,
        "Earnings From Equity Interest Net Of Tax": 2000000.0,
        "Tax Provision": 210000000.0,
        "Pretax Income": 1189000000.0,
        "Other Income Expense": NaN,
        "Special Income Charges": NaN,
        "Gain On Sale Of Business": NaN,
        "Net Non Operating Interest Income Expense": -83000000.0,
        "Interest Expense Non Operating": 123000000.0,
        "Interest Income Non Operating": 40000000.0,
        "Operating Income": 1272000000.0,
        "Operating Expense": 2146000000.0,
        "Research And Development": 472000000.0,
        "Selling General And Administration": 1674000000.0,
        "General And Administrative Expense": 1674000000.0,
        "Other Gand A": 1705000000.0,
        "Salaries And Wages": -31000000.0,
        "Gross Profit": 3418000000.0,
        "Cost Of Revenue": 4613000000.0,
        "Total Revenue": 8031000000.0,
        "Operating Revenue": 8031000000.0
    },
    "2022-12-31": {
        "Tax Effect Of Unusual Items": NaN,
        "Tax Rate For Calcs": NaN,
        "Normalized EBITDA": NaN,
        "Total Unusual Items": -271000000.0,
        "Total Unusual Items Excluding Goodwill": -271000000.0,
        "Net Income From Continuing Operation Net Minority Interest": NaN,
        "Reconciled Depreciation": NaN,
        "Reconciled Cost Of Revenue": NaN,
        "EBITDA": NaN,
        "EBIT": NaN,
        "Net Interest Income": NaN,
        "Interest Expense": NaN,
        "Interest Income": NaN,
        "Normalized Income": NaN,
        "Net Income From Continuing And Discontinued Operation": NaN,
        "Total Expenses": NaN,
        "Total Operating Income As Reported": NaN,
        "Diluted Average Shares": NaN,
        "Basic Average Shares": NaN,
        "Diluted EPS": NaN,
        "Basic EPS": NaN,
        "Diluted NI Availto Com Stockholders": NaN,
        "Net Income Common Stockholders": NaN,
        "Net Income": NaN,
        "Minority Interests": NaN,
        "Net Income Including Noncontrolling Interests": NaN,
        "Net Income Discontinuous Operations": NaN,
        "Net Income Continuous Operations": NaN,
        "Earnings From Equity Interest Net Of Tax": NaN,
        "Tax Provision": NaN,
        "Pretax Income": NaN,
        "Other Income Expense": -470000000.0,
        "Special Income Charges": -271000000.0,
        "Gain On Sale Of Business": 0.0,
        "Restructuring And Mergern Acquisition": NaN,
        "Net Non Operating Interest Income Expense": NaN,
        "Interest Expense Non Operating": NaN,
        "Interest Income Non Operating": NaN,
        "Operating Income": NaN,
        "Operating Expense": NaN,
        "Research And Development": NaN,
        "Selling General And Administration": NaN,
        "General And Administrative Expense": NaN,
        "Other Gand A": NaN,
        "Salaries And Wages": NaN,
        "Gross Profit": NaN,
        "Cost Of Revenue": NaN,
        "Total Revenue": NaN,
        "Operating Revenue": NaN
    },
    "2022-09-30": {
        "Tax Effect Of Unusual Items": NaN,
        "Tax Rate For Calcs": NaN,
        "Normalized EBITDA": NaN,
        "Total Unusual Items": 2724000000.0,
        "Total Unusual Items Excluding Goodwill": 2724000000.0,
        "Net Income From Continuing Operation Net Minority Interest": NaN,
        "Reconciled Depreciation": NaN,
        "Reconciled Cost Of Revenue": NaN,
        "EBITDA": NaN,
        "EBIT": NaN,
        "Net Interest Income": NaN,
        "Interest Expense": NaN,
        "Interest Income": NaN,
        "Normalized Income": NaN,
        "Net Income From Continuing And Discontinued Operation": NaN,
        "Total Expenses": NaN,
        "Total Operating Income As Reported": NaN,
        "Diluted Average Shares": NaN,
        "Basic Average Shares": NaN,
        "Diluted EPS": NaN,
        "Basic EPS": NaN,
        "Diluted NI Availto Com Stockholders": NaN,
        "Net Income Common Stockholders": NaN,
        "Net Income": NaN,
        "Minority Interests": NaN,
        "Net Income Including Noncontrolling Interests": NaN,
        "Net Income Continuous Operations": NaN,
        "Earnings From Equity Interest Net Of Tax": NaN,
        "Tax Provision": NaN,
        "Pretax Income": NaN,
        "Other Income Expense": 2724000000.0,
        "Other Non Operating Income Expenses": 65000000.0,
        "Special Income Charges": 2724000000.0,
        "Gain On Sale Of Business": 2724000000.0,
        "Net Non Operating Interest Income Expense": NaN,
        "Interest Expense Non Operating": NaN,
        "Interest Income Non Operating": NaN,
        "Operating Income": NaN,
        "Operating Expense": NaN,
        "Research And Development": NaN,
        "Selling General And Administration": NaN,
        "General And Administrative Expense": NaN,
        "Other Gand A": NaN,
        "Salaries And Wages": NaN,
        "Gross Profit": NaN,
        "Cost Of Revenue": NaN,
        "Total Revenue": NaN,
        "Operating Revenue": NaN
    },
    "2022-06-30": {
        "Tax Effect Of Unusual Items": 0.0,
        "Tax Rate For Calcs": 0.199,
        "Normalized EBITDA": 110000000.0,
        "Total Unusual Items": NaN,
        "Total Unusual Items Excluding Goodwill": NaN,
        "Net Income From Continuing Operation Net Minority Interest": 78000000.0,
        "Reconciled Depreciation": 462000000.0,
        "Reconciled Cost Of Revenue": 5093000000.0,
        "EBITDA": 110000000.0,
        "EBIT": 110000000.0,
        "Net Interest Income": -117000000.0,
        "Interest Expense": 128000000.0,
        "Interest Income": 11000000.0,
        "Normalized Income": 78000000.0,
        "Net Income From Continuing And Discontinued Operation": 78000000.0,
        "Total Expenses": 8592000000.0,
        "Total Operating Income As Reported": 110000000.0,
        "Diluted Average Shares": 572700000.0,
        "Basic Average Shares": 571000000.0,
        "Diluted EPS": 0.14,
        "Basic EPS": 0.14,
        "Diluted NI Availto Com Stockholders": 78000000.0,
        "Net Income Common Stockholders": 78000000.0,
        "Net Income": 78000000.0,
        "Minority Interests": -4000000.0,
        "Net Income Including Noncontrolling Interests": 82000000.0,
        "Net Income Continuous Operations": 82000000.0,
        "Earnings From Equity Interest Net Of Tax": -1000000.0,
        "Tax Provision": -23000000.0,
        "Pretax Income": 60000000.0,
        "Other Income Expense": -50000000.0,
        "Other Non Operating Income Expenses": -50000000.0,
        "Special Income Charges": NaN,
        "Gain On Sale Of Business": NaN,
        "Impairment Of Capital Assets": NaN,
        "Net Non Operating Interest Income Expense": -117000000.0,
        "Interest Expense Non Operating": 128000000.0,
        "Interest Income Non Operating": 11000000.0,
        "Operating Income": 110000000.0,
        "Operating Expense": 3499000000.0,
        "Research And Development": 476000000.0,
        "Selling General And Administration": 3023000000.0,
        "General And Administrative Expense": NaN,
        "Other Gand A": NaN,
        "Salaries And Wages": NaN,
        "Gross Profit": 3609000000.0,
        "Cost Of Revenue": 5093000000.0,
        "Total Revenue": 8702000000.0,
        "Operating Revenue": 8702000000.0
    },
    "2022-03-31": {
        "Diluted EPS": 2.26,
        "Total Revenue": NaN,
        "Gross Profit": NaN,
        "Operating Income": NaN,
        "EBIT": NaN,
        "Net Income": NaN
    },
    "2021-12-31": {
        "Diluted EPS": 2.31,
        "Total Revenue": NaN,
        "Gross Profit": NaN,
        "Operating Income": NaN,
        "EBIT": NaN,
        "Net Income": NaN
    },
    "2021-09-30": {
        "Diluted EPS": 2.45,
        "Total Revenue": NaN,
        "Gross Profit": NaN,
        "Operating Income": NaN,
        "EBIT": NaN,
        "Net Income": NaN
    },
    "2021-06-30": {
        "Diluted EPS": 2.59,
        "Total Revenue": NaN,
        "Gross Profit": NaN,
        "Operating Income": NaN,
        "EBIT": NaN,
        "Net Income": NaN
    },
    "2021-03-31": {
        "Diluted EPS": 2.77,
        "Total Revenue": NaN,
        "Gross Profit": NaN,
        "Operating Income": NaN,
        "EBIT": NaN,
        "Net Income": NaN
    },
    "2020-12-31": {
        "Diluted EPS": 2.41,
        "Total Revenue": NaN,
        "Gross Profit": NaN,
        "Operating Income": NaN,
        "EBIT": NaN,
        "Net Income": NaN
    },
    "2020-09-30": {
        "Diluted EPS": 2.45,
        "Total Revenue": NaN,
        "Gross Profit": NaN,
        "Operating Income": NaN,
        "EBIT": NaN,
        "Net Income": NaN
    },
    "2020-06-30": {
        "Diluted EPS": 2.25,
        "Total Revenue": NaN,
        "Gross Profit": NaN,
        "Operating Income": NaN,
        "EBIT": NaN,
        "Net Income": NaN
    },
    "2020-03-31": {
        "Diluted EPS": 2.25,
        "Total Revenue": NaN,
        "Gross Profit": NaN,
        "Operating Income": NaN,
        "EBIT": NaN,
        "Net Income": NaN
    },
    "2019-12-31": {
        "Diluted EPS": 1.57,
        "Total Revenue": NaN,
        "Gross Profit": NaN,
        "Operating Income": NaN,
        "EBIT": NaN,
        "Net Income": 916
    },
    "2019-09-30": {
        "Diluted EPS": 2.72,
        "Total Revenue": NaN,
        "Gross Profit": NaN,
        "Operating Income": NaN,
        "EBIT": NaN,
        "Net Income": NaN
    },
    "2019-06-30": {
        "Diluted EPS": 1.92,
        "Total Revenue": NaN,
        "Gross Profit": NaN,
        "Operating Income": NaN,
        "EBIT": NaN,
        "Net Income": NaN
    },
    "2019-03-31": {
        "Diluted EPS": 1.51,
        "Total Revenue": NaN,
        "Gross Profit": NaN,
        "Operating Income": NaN,
        "EBIT": NaN,
        "Net Income": 891
    },
    "2018-12-31": {
        "Diluted EPS": 2.26,
        "Total Revenue": NaN,
        "Gross Profit": NaN,
        "Operating Income": NaN,
        "EBIT": NaN,
        "Net Income": NaN
    },
    "2018-09-30": {
        "Diluted EPS": 2.58,
        "Total Revenue": NaN,
        "Gross Profit": NaN,
        "Operating Income": NaN,
        "EBIT": NaN,
        "Net Income": NaN
    },
    "2018-06-30": {
        "Diluted EPS": 3.07,
        "Total Revenue": NaN,
        "Gross Profit": NaN,
        "Operating Income": NaN,
        "EBIT": NaN,
        "Net Income": NaN
    },
    "2018-03-31": {
        "Diluted EPS": 0.98,
        "Total Revenue": NaN,
        "Gross Profit": NaN,
        "Operating Income": NaN,
        "EBIT": NaN,
        "Net Income": 602
    },
    "2017-12-31": {
        "Diluted EPS": 0.86,
        "Total Revenue": NaN,
        "Gross Profit": NaN,
        "Operating Income": NaN,
        "EBIT": NaN,
        "Net Income": 523
    },
    "2017-09-30": {
        "Diluted EPS": 2.33,
        "Total Revenue": NaN,
        "Gross Profit": NaN,
        "Operating Income": NaN,
        "EBIT": NaN,
        "Net Income": NaN
    },
    "2017-06-30": {
        "Diluted EPS": 2.58,
        "Total Revenue": NaN,
        "Gross Profit": NaN,
        "Operating Income": NaN,
        "EBIT": NaN,
        "Net Income": NaN
    },
    "2017-03-31": {
        "Diluted EPS": 2.16,
        "Total Revenue": NaN,
        "Gross Profit": NaN,
        "Operating Income": NaN,
        "EBIT": NaN,
        "Net Income": NaN
    },
    "2016-12-31": {
        "Diluted EPS": 1.88,
        "Total Revenue": NaN,
        "Gross Profit": NaN,
        "Operating Income": NaN,
        "EBIT": NaN,
        "Net Income": NaN
    },
    "2016-09-30": {
        "Diluted EPS": 2.15,
        "Total Revenue": NaN,
        "Gross Profit": NaN,
        "Operating Income": NaN,
        "EBIT": NaN,
        "Net Income": NaN
    },
    "2016-06-30": {
        "Diluted EPS": 2.08,
        "Total Revenue": NaN,
        "Gross Profit": NaN,
        "Operating Income": NaN,
        "EBIT": NaN,
        "Net Income": NaN
    },
    "2016-03-31": {
        "Diluted EPS": 2.05,
        "Total Revenue": NaN,
        "Gross Profit": NaN,
        "Operating Income": NaN,
        "EBIT": NaN,
        "Net Income": NaN
    },
    "2015-12-31": {
        "Diluted EPS": 1.66,
        "Total Revenue": NaN,
        "Gross Profit": NaN,
        "Operating Income": NaN,
        "EBIT": NaN,
        "Net Income": NaN
    },
    "2015-09-30": {
        "Diluted EPS": 2.05,
        "Total Revenue": NaN,
        "Gross Profit": NaN,
        "Operating Income": NaN,
        "EBIT": NaN,
        "Net Income": NaN
    },
    "2015-06-30": {
        "Diluted EPS": 2.02,
        "Total Revenue": NaN,
        "Gross Profit": NaN,
        "Operating Income": NaN,
        "EBIT": NaN,
        "Net Income": NaN
    },
    "2015-03-31": {
        "Diluted EPS": 1.85,
        "Total Revenue": NaN,
        "Gross Profit": NaN,
        "Operating Income": NaN,
        "EBIT": NaN,
        "Net Income": NaN
    },
    "2014-12-31": {
        "Diluted EPS": 1.81,
        "Total Revenue": NaN,
        "Gross Profit": NaN,
        "Operating Income": NaN,
        "EBIT": NaN,
        "Net Income": NaN
    },
    "2014-09-30": {
        "Diluted EPS": 1.98,
        "Total Revenue": NaN,
        "Gross Profit": NaN,
        "Operating Income": NaN,
        "EBIT": NaN,
        "Net Income": NaN
    },
    "2014-06-30": {
        "Diluted EPS": 1.91,
        "Total Revenue": NaN,
        "Gross Profit": NaN,
        "Operating Income": NaN,
        "EBIT": NaN,
        "Net Income": NaN
    },
    "2014-03-31": {
        "Diluted EPS": 1.79,
        "Total Revenue": NaN,
        "Gross Profit": NaN,
        "Operating Income": NaN,
        "EBIT": NaN,
        "Net Income": NaN
    },
    "2013-12-31": {
        "Diluted EPS": 1.62,
        "Total Revenue": NaN,
        "Gross Profit": NaN,
        "Operating Income": NaN,
        "EBIT": NaN,
        "Net Income": NaN
    },
    "2013-09-30": {
        "Diluted EPS": 1.78,
        "Total Revenue": NaN,
        "Gross Profit": NaN,
        "Operating Income": NaN,
        "EBIT": NaN,
        "Net Income": NaN
    },
    "2013-06-30": {
        "Diluted EPS": 1.71,
        "Total Revenue": NaN,
        "Gross Profit": NaN,
        "Operating Income": NaN,
        "EBIT": NaN,
        "Net Income": NaN
    },
    "2013-03-31": {
        "Diluted EPS": 1.61,
        "Total Revenue": NaN,
        "Gross Profit": NaN,
        "Operating Income": NaN,
        "EBIT": NaN,
        "Net Income": NaN
    },
    "2012-12-31": {
        "Diluted EPS": 1.42,
        "Total Revenue": NaN,
        "Gross Profit": NaN,
        "Operating Income": NaN,
        "EBIT": NaN,
        "Net Income": 991
    },
    "2012-09-30": {
        "Diluted EPS": 1.65,
        "Total Revenue": NaN,
        "Gross Profit": NaN,
        "Operating Income": NaN,
        "EBIT": NaN,
        "Net Income": NaN
    },
    "2012-06-30": {
        "Diluted EPS": 1.66,
        "Total Revenue": NaN,
        "Gross Profit": NaN,
        "Operating Income": NaN,
        "EBIT": NaN,
        "Net Income": NaN
    },
    "2012-03-31": {
        "Diluted EPS": 1.59,
        "Total Revenue": NaN,
        "Gross Profit": NaN,
        "Operating Income": NaN,
        "EBIT": NaN,
        "Net Income": NaN
    },
    "2011-12-31": {
        "Diluted EPS": 1.35,
        "Total Revenue": NaN,
        "Gross Profit": NaN,
        "Operating Income": NaN,
        "EBIT": NaN,
        "Net Income": 954
    },
    "2011-09-30": {
        "Diluted EPS": 1.52,
        "Total Revenue": NaN,
        "Gross Profit": NaN,
        "Operating Income": NaN,
        "EBIT": NaN,
        "Net Income": NaN
    },
    "2011-06-30": {
        "Diluted EPS": 1.6,
        "Total Revenue": NaN,
        "Gross Profit": NaN,
        "Operating Income": NaN,
        "EBIT": NaN,
        "Net Income": NaN
    },
    "2011-03-31": {
        "Diluted EPS": 1.49,
        "Total Revenue": NaN,
        "Gross Profit": NaN,
        "Operating Income": NaN,
        "EBIT": NaN,
        "Net Income": NaN
    },
    "2010-12-31": {
        "Diluted EPS": 1.27,
        "Total Revenue": NaN,
        "Gross Profit": NaN,
        "Operating Income": NaN,
        "EBIT": NaN,
        "Net Income": 928
    },
    "2010-09-30": {
        "Diluted EPS": 1.53,
        "Total Revenue": NaN,
        "Gross Profit": NaN,
        "Operating Income": NaN,
        "EBIT": NaN,
        "Net Income": NaN
    },
    "2010-06-30": {
        "Diluted EPS": 1.54,
        "Total Revenue": NaN,
        "Gross Profit": NaN,
        "Operating Income": NaN,
        "EBIT": NaN,
        "Net Income": NaN
    },
    "2010-03-31": {
        "Diluted EPS": 1.29,
        "Total Revenue": NaN,
        "Gross Profit": NaN,
        "Operating Income": NaN,
        "EBIT": NaN,
        "Net Income": 930
    },
    "2009-12-31": {
        "Diluted EPS": 1.31,
        "Total Revenue": NaN,
        "Gross Profit": NaN,
        "Operating Income": NaN,
        "EBIT": NaN,
        "Net Income": 935
    },
    "2009-09-30": {
        "Diluted EPS": 1.35,
        "Total Revenue": NaN,
        "Gross Profit": NaN,
        "Operating Income": NaN,
        "EBIT": NaN,
        "Net Income": 957
    },
    "2009-06-30": {
        "Diluted EPS": 1.12,
        "Total Revenue": NaN,
        "Gross Profit": NaN,
        "Operating Income": NaN,
        "EBIT": NaN,
        "Net Income": 783
    },
    "2009-03-31": {
        "Diluted EPS": 0.74,
        "Total Revenue": NaN,
        "Gross Profit": NaN,
        "Operating Income": 803,
        "EBIT": NaN,
        "Net Income": 518
    },
    "2023-09-30": {
        "Tax Effect Of Unusual Items": NaN,
        "Tax Rate For Calcs": NaN,
        "Normalized EBITDA": NaN,
        "Total Unusual Items": 36000000.0,
        "Total Unusual Items Excluding Goodwill": 36000000.0,
        "Net Income From Continuing Operation Net Minority Interest": NaN,
        "Reconciled Depreciation": NaN,
        "Reconciled Cost Of Revenue": NaN,
        "EBITDA": NaN,
        "EBIT": NaN,
        "Net Interest Income": NaN,
        "Interest Expense": NaN,
        "Interest Income": NaN,
        "Normalized Income": NaN,
        "Net Income From Continuing And Discontinued Operation": NaN,
        "Total Expenses": NaN,
        "Total Operating Income As Reported": NaN,
        "Diluted Average Shares": 554300000.0,
        "Basic Average Shares": 554300000.0,
        "Diluted EPS": -3.74,
        "Basic EPS": -3.74,
        "Diluted NI Availto Com Stockholders": NaN,
        "Net Income Common Stockholders": NaN,
        "Net Income": NaN,
        "Minority Interests": NaN,
        "Net Income Including Noncontrolling Interests": NaN,
        "Net Income Discontinuous Operations": 452000000.0,
        "Net Income Continuous Operations": NaN,
        "Earnings From Equity Interest Net Of Tax": NaN,
        "Tax Provision": NaN,
        "Pretax Income": NaN,
        "Other Income Expense": NaN,
        "Other Non Operating Income Expenses": NaN,
        "Special Income Charges": 36000000.0,
        "Gain On Sale Of Business": 36000000.0,
        "Restructuring And Mergern Acquisition": 0.0,
        "Gain On Sale Of Security": NaN,
        "Net Non Operating Interest Income Expense": NaN,
        "Interest Expense Non Operating": NaN,
        "Interest Income Non Operating": NaN,
        "Operating Income": NaN,
        "Operating Expense": NaN,
        "Research And Development": NaN,
        "Selling General And Administration": NaN,
        "General And Administrative Expense": 5961000000.0,
        "Other Gand A": 5992000000.0,
        "Salaries And Wages": -31000000.0,
        "Gross Profit": NaN,
        "Cost Of Revenue": NaN,
        "Total Revenue": NaN,
        "Operating Revenue": NaN
    },
    "2023-12-31": {
        "Tax Effect Of Unusual Items": 0.0,
        "Tax Rate For Calcs": 0.064,
        "Normalized EBITDA": 1908000000.0,
        "Total Unusual Items": 0.0,
        "Total Unusual Items Excluding Goodwill": 0.0,
        "Net Income From Continuing Operation Net Minority Interest": 945000000.0,
        "Reconciled Depreciation": 537000000.0,
        "Reconciled Cost Of Revenue": 4678000000.0,
        "EBITDA": 1908000000.0,
        "EBIT": 1371000000.0,
        "Net Interest Income": -279000000.0,
        "Interest Expense": 371000000.0,
        "Interest Income": 92000000.0,
        "Normalized Income": 945000000.0,
        "Net Income From Continuing And Discontinued Operation": 945000000.0,
        "Total Expenses": 6770000000.0,
        "Total Operating Income As Reported": 1243000000.0,
        "Diluted Average Shares": 555400000.0,
        "Basic Average Shares": 554700000.0,
        "Diluted EPS": 1.7,
        "Basic EPS": 1.7,
        "Diluted NI Availto Com Stockholders": 945000000.0,
        "Net Income Common Stockholders": 945000000.0,
        "Net Income": 945000000.0,
        "Minority Interests": -2000000.0,
        "Net Income Including Noncontrolling Interests": 947000000.0,
        "Net Income Discontinuous Operations": NaN,
        "Net Income Continuous Operations": 947000000.0,
        "Earnings From Equity Interest Net Of Tax": 11000000.0,
        "Tax Provision": 64000000.0,
        "Pretax Income": 1000000000.0,
        "Other Income Expense": 36000000.0,
        "Other Non Operating Income Expenses": 36000000.0,
        "Special Income Charges": 0.0,
        "Gain On Sale Of Business": 0.0,
        "Restructuring And Mergern Acquisition": NaN,
        "Gain On Sale Of Security": NaN,
        "Net Non Operating Interest Income Expense": -279000000.0,
        "Interest Expense Non Operating": 371000000.0,
        "Interest Income Non Operating": 92000000.0,
        "Operating Income": 1243000000.0,
        "Operating Expense": 2092000000.0,
        "Research And Development": 467000000.0,
        "Selling General And Administration": 1625000000.0,
        "General And Administrative Expense": 1625000000.0,
        "Other Gand A": 1625000000.0,
        "Salaries And Wages": -36000000.0,
        "Gross Profit": 3335000000.0,
        "Cost Of Revenue": 4678000000.0,
        "Total Revenue": 8013000000.0,
        "Operating Revenue": 8013000000.0
    },
    "2024-03-31": {
        "Tax Effect Of Unusual Items": 0.0,
        "Tax Rate For Calcs": 0.247,
        "Normalized EBITDA": 2052000000.0,
        "Total Unusual Items": NaN,
        "Total Unusual Items Excluding Goodwill": NaN,
        "Net Income From Continuing Operation Net Minority Interest": 928000000.0,
        "Reconciled Depreciation": 430000000.0,
        "Reconciled Cost Of Revenue": 4329000000.0,
        "EBITDA": 2052000000.0,
        "EBIT": 1622000000.0,
        "Net Interest Income": -275000000.0,
        "Interest Expense": 385000000.0,
        "Interest Income": 110000000.0,
        "Normalized Income": 928000000.0,
        "Net Income From Continuing And Discontinued Operation": 928000000.0,
        "Total Expenses": 6502000000.0,
        "Total Operating Income As Reported": 1501000000.0,
        "Diluted Average Shares": 555900000.0,
        "Basic Average Shares": 555000000.0,
        "Diluted EPS": 1.67,
        "Basic EPS": 1.67,
        "Diluted NI Availto Com Stockholders": 928000000.0,
        "Net Income Common Stockholders": 928000000.0,
        "Net Income": 928000000.0,
        "Minority Interests": -5000000.0,
        "Net Income Including Noncontrolling Interests": 933000000.0,
        "Net Income Discontinuous Operations": NaN,
        "Net Income Continuous Operations": 933000000.0,
        "Earnings From Equity Interest Net Of Tax": 1000000.0,
        "Tax Provision": 305000000.0,
        "Pretax Income": 1237000000.0,
        "Other Income Expense": 11000000.0,
        "Other Non Operating Income Expenses": 11000000.0,
        "Special Income Charges": NaN,
        "Gain On Sale Of Business": NaN,
        "Restructuring And Mergern Acquisition": NaN,
        "Gain On Sale Of Security": NaN,
        "Net Non Operating Interest Income Expense": -275000000.0,
        "Interest Expense Non Operating": 385000000.0,
        "Interest Income Non Operating": 110000000.0,
        "Operating Income": 1501000000.0,
        "Operating Expense": 2173000000.0,
        "Research And Development": 437000000.0,
        "Selling General And Administration": 1736000000.0,
        "General And Administrative Expense": 1736000000.0,
        "Other Gand A": 1736000000.0,
        "Salaries And Wages": -11000000.0,
        "Gross Profit": 3674000000.0,
        "Cost Of Revenue": 4329000000.0,
        "Total Revenue": 8003000000.0,
        "Operating Revenue": 8003000000.0
    },
    "2024-06-30": {
        "Tax Effect Of Unusual Items": 160272000.0,
        "Tax Rate For Calcs": 0.144,
        "Normalized EBITDA": 920000000.0,
        "Total Unusual Items": 1113000000.0,
        "Total Unusual Items Excluding Goodwill": 1113000000.0,
        "Net Income From Continuing Operation Net Minority Interest": 1204000000.0,
        "Reconciled Depreciation": 301000000.0,
        "Reconciled Cost Of Revenue": 3571000000.0,
        "EBITDA": 2033000000.0,
        "EBIT": 1732000000.0,
        "Net Interest Income": -179000000.0,
        "Interest Expense": 322000000.0,
        "Interest Income": 143000000.0,
        "Normalized Income": 251272000.0,
        "Net Income From Continuing And Discontinued Operation": 1145000000.0,
        "Total Expenses": 4983000000.0,
        "Total Operating Income As Reported": 1272000000.0,
        "Diluted Average Shares": 554800000.0,
        "Basic Average Shares": 553800000.0,
        "Diluted EPS": 2.07,
        "Basic EPS": 2.07,
        "Diluted NI Availto Com Stockholders": 1145000000.0,
        "Net Income Common Stockholders": 1145000000.0,
        "Net Income": 1145000000.0,
        "Minority Interests": -6000000.0,
        "Net Income Including Noncontrolling Interests": 1151000000.0,
        "Net Income Discontinuous Operations": -59000000.0,
        "Net Income Continuous Operations": 1210000000.0,
        "Earnings From Equity Interest Net Of Tax": 3000000.0,
        "Tax Provision": 203000000.0,
        "Pretax Income": 1410000000.0,
        "Other Income Expense": 317000000.0,
        "Other Non Operating Income Expenses": -796000000.0,
        "Special Income Charges": 1113000000.0,
        "Gain On Sale Of Business": NaN,
        "Restructuring And Mergern Acquisition": -1113000000.0,
        "Gain On Sale Of Security": 1113000000.0,
        "Net Non Operating Interest Income Expense": -179000000.0,
        "Interest Expense Non Operating": 322000000.0,
        "Interest Income Non Operating": 143000000.0,
        "Operating Income": 1272000000.0,
        "Operating Expense": 1412000000.0,
        "Research And Development": 280000000.0,
        "Selling General And Administration": 1132000000.0,
        "General And Administrative Expense": 1132000000.0,
        "Other Gand A": 1132000000.0,
        "Salaries And Wages": 796000000.0,
        "Gross Profit": 2684000000.0,
        "Cost Of Revenue": 3571000000.0,
        "Total Revenue": 6255000000.0,
        "Operating Revenue": 6255000000.0
    },
    "2024-09-30": {
        "Tax Effect Of Unusual Items": 117943000.0,
        "Tax Rate For Calcs": 0.203,
        "Normalized EBITDA": 1726000000.0,
        "Total Unusual Items": 581000000.0,
        "Total Unusual Items Excluding Goodwill": 581000000.0,
        "Net Income From Continuing Operation Net Minority Interest": 1372000000.0,
        "Reconciled Depreciation": 310000000.0,
        "Reconciled Cost Of Revenue": 3647000000.0,
        "EBITDA": 2307000000.0,
        "EBIT": 1997000000.0,
        "Net Interest Income": -169000000.0,
        "Interest Expense": 276000000.0,
        "Interest Income": 107000000.0,
        "Normalized Income": 908943000.0,
        "Net Income From Continuing And Discontinued Operation": 1372000000.0,
        "Total Expenses": 4978000000.0,
        "Total Operating Income As Reported": 1316000000.0,
        "Diluted Average Shares": 552700000.0,
        "Basic Average Shares": 550600000.0,
        "Diluted EPS": 2.48,
        "Basic EPS": 2.49,
        "Diluted NI Availto Com Stockholders": 1372000000.0,
        "Net Income Common Stockholders": 1372000000.0,
        "Net Income": 1372000000.0,
        "Minority Interests": -4000000.0,
        "Net Income Including Noncontrolling Interests": 1376000000.0,
        "Net Income Discontinuous Operations": NaN,
        "Net Income Continuous Operations": 1376000000.0,
        "Earnings From Equity Interest Net Of Tax": 3000000.0,
        "Tax Provision": 348000000.0,
        "Pretax Income": 1721000000.0,
        "Other Income Expense": 574000000.0,
        "Other Non Operating Income Expenses": -7000000.0,
        "Special Income Charges": 0.0,
        "Gain On Sale Of Business": 0.0,
        "Restructuring And Mergern Acquisition": -581000000.0,
        "Gain On Sale Of Security": 581000000.0,
        "Net Non Operating Interest Income Expense": -169000000.0,
        "Interest Expense Non Operating": 276000000.0,
        "Interest Income Non Operating": 107000000.0,
        "Operating Income": 1316000000.0,
        "Operating Expense": 1331000000.0,
        "Research And Development": 269000000.0,
        "Selling General And Administration": 1062000000.0,
        "General And Administrative Expense": NaN,
        "Other Gand A": NaN,
        "Salaries And Wages": NaN,
        "Gross Profit": 2647000000.0,
        "Cost Of Revenue": 3647000000.0,
        "Total Revenue": 6294000000.0,
        "Operating Revenue": 6294000000.0
    },
    "2024-12-31": {
        "Tax Effect Of Unusual Items": -5652173.913043,
        "Tax Rate For Calcs": 0.043478,
        "Normalized EBITDA": 1463000000.0,
        "Total Unusual Items": -130000000.0,
        "Total Unusual Items Excluding Goodwill": -130000000.0,
        "Net Income From Continuing Operation Net Minority Interest": 728000000.0,
        "Reconciled Depreciation": 322000000.0,
        "Reconciled Cost Of Revenue": 3744000000.0,
        "EBITDA": 1333000000.0,
        "EBIT": 1011000000.0,
        "Net Interest Income": -160000000.0,
        "Interest Expense": 252000000.0,
        "Interest Income": 92000000.0,
        "Normalized Income": 852347826.086957,
        "Net Income From Continuing And Discontinued Operation": 728000000.0,
        "Total Expenses": 4925000000.0,
        "Total Operating Income As Reported": 1085000000.0,
        "Diluted Average Shares": NaN,
        "Basic Average Shares": NaN,
        "Diluted EPS": NaN,
        "Basic EPS": NaN,
        "Diluted NI Availto Com Stockholders": 728000000.0,
        "Net Income Common Stockholders": 728000000.0,
        "Net Income": 728000000.0,
        "Minority Interests": 0.0,
        "Net Income Including Noncontrolling Interests": 728000000.0,
        "Net Income Discontinuous Operations": 0.0,
        "Net Income Continuous Operations": 728000000.0,
        "Earnings From Equity Interest Net Of Tax": 2000000.0,
        "Tax Provision": 33000000.0,
        "Pretax Income": 759000000.0,
        "Other Income Expense": -166000000.0,
        "Other Non Operating Income Expenses": -36000000.0,
        "Special Income Charges": 0.0,
        "Gain On Sale Of Business": 0.0,
        "Restructuring And Mergern Acquisition": NaN,
        "Gain On Sale Of Security": -130000000.0,
        "Net Non Operating Interest Income Expense": -160000000.0,
        "Interest Expense Non Operating": 252000000.0,
        "Interest Income Non Operating": 92000000.0,
        "Operating Income": 1085000000.0,
        "Operating Expense": 1181000000.0,
        "Research And Development": 282000000.0,
        "Selling General And Administration": 899000000.0,
        "General And Administrative Expense": NaN,
        "Other Gand A": NaN,
        "Salaries And Wages": NaN,
        "Gross Profit": 2266000000.0,
        "Cost Of Revenue": 3744000000.0,
        "Total Revenue": 6010000000.0,
        "Operating Revenue": 6010000000.0
    }
}