{
    "2023-03-31": {
        "Tax Effect Of Unusual Items": 0.0,
        "Tax Rate For Calcs": 0.0,
        "Normalized EBITDA": -2959138.0,
        "Net Income From Continuing Operation Net Minority Interest": -2917504.0,
        "Reconciled Depreciation": 4105.0,
        "EBITDA": -2959138.0,
        "EBIT": -2963243.0,
        "Net Interest Income": 509046.0,
        "Interest Income": 509046.0,
        "Normalized Income": -2917504.0,
        "Net Income From Continuing And Discontinued Operation": -2917504.0,
        "Total Expenses": 2963243.0,
        "Total Operating Income As Reported": -2963243.0,
        "Diluted Average Shares": 49046246.0,
        "Basic Average Shares": 49046246.0,
        "Diluted EPS": -0.06,
        "Basic EPS": -0.06,
        "Diluted NI Availto Com Stockholders": -2917504.0,
        "Net Income Common Stockholders": -2917504.0,
        "Net Income": -2917504.0,
        "Net Income Including Noncontrolling Interests": -2917504.0,
        "Net Income Continuous Operations": -2917504.0,
        "Pretax Income": -2917504.0,
        "Other Income Expense": -463307.0,
        "Other Non Operating Income Expenses": -463307.0,
        "Net Non Operating Interest Income Expense": 509046.0,
        "Interest Income Non Operating": 509046.0,
        "Operating Income": -2963243.0,
        "Operating Expense": 2963243.0,
        "Research And Development": 1476676.0,
        "Selling General And Administration": 1486567.0,
        "General And Administrative Expense": 1486567.0,
        "Other Gand A": 1486567.0,
        "Total Revenue": 0.0,
        "Operating Revenue": 0.0
    },
    "2022-12-31": {
        "Tax Effect Of Unusual Items": 0.0,
        "Tax Rate For Calcs": 0.0,
        "Normalized EBITDA": -3226904.0,
        "Net Income From Continuing Operation Net Minority Interest": -3001484.0,
        "Reconciled Depreciation": 4331.0,
        "EBITDA": -3226904.0,
        "EBIT": -3231235.0,
        "Net Interest Income": 427304.0,
        "Interest Income": 427304.0,
        "Normalized Income": -3001484.0,
        "Net Income From Continuing And Discontinued Operation": -3001484.0,
        "Total Expenses": 3231235.0,
        "Total Operating Income As Reported": -3231235.0,
        "Diluted Average Shares": NaN,
        "Basic Average Shares": NaN,
        "Diluted EPS": NaN,
        "Basic EPS": NaN,
        "Diluted NI Availto Com Stockholders": -3001484.0,
        "Net Income Common Stockholders": -3001484.0,
        "Net Income": -3001484.0,
        "Net Income Including Noncontrolling Interests": -3001484.0,
        "Net Income Continuous Operations": -3001484.0,
        "Pretax Income": -2998662.0,
        "Other Income Expense": -194731.0,
        "Other Non Operating Income Expenses": -194731.0,
        "Net Non Operating Interest Income Expense": 427304.0,
        "Interest Income Non Operating": 427304.0,
        "Operating Income": -3231235.0,
        "Operating Expense": 3231235.0,
        "Research And Development": 2012624.0,
        "Selling General And Administration": 1218611.0,
        "General And Administrative Expense": 1218611.0,
        "Other Gand A": 1218611.0,
        "Total Revenue": 0.0,
        "Operating Revenue": 0.0
    },
    "2022-09-30": {
        "Tax Effect Of Unusual Items": NaN,
        "Tax Rate For Calcs": NaN,
        "Normalized EBITDA": NaN,
        "Net Income From Continuing Operation Net Minority Interest": NaN,
        "Reconciled Depreciation": NaN,
        "EBITDA": NaN,
        "EBIT": NaN,
        "Net Interest Income": NaN,
        "Interest Income": NaN,
        "Normalized Income": NaN,
        "Net Income From Continuing And Discontinued Operation": NaN,
        "Total Expenses": NaN,
        "Total Operating Income As Reported": NaN,
        "Diluted Average Shares": 49046246.0,
        "Basic Average Shares": 49046246.0,
        "Diluted EPS": -0.07,
        "Basic EPS": -0.07,
        "Diluted NI Availto Com Stockholders": NaN,
        "Net Income Common Stockholders": NaN,
        "Net Income": NaN,
        "Net Income Including Noncontrolling Interests": NaN,
        "Net Income Continuous Operations": NaN,
        "Pretax Income": NaN,
        "Other Income Expense": NaN,
        "Other Non Operating Income Expenses": NaN,
        "Net Non Operating Interest Income Expense": NaN,
        "Interest Income Non Operating": NaN,
        "Operating Income": NaN,
        "Operating Expense": NaN,
        "Research And Development": NaN,
        "Selling General And Administration": NaN,
        "General And Administrative Expense": NaN,
        "Other Gand A": NaN,
        "Total Revenue": NaN,
        "Operating Revenue": NaN
    },
    "2022-06-30": {
        "Tax Effect Of Unusual Items": 0.0,
        "Tax Rate For Calcs": 0.0,
        "Normalized EBITDA": -4085447.0,
        "Net Income From Continuing Operation Net Minority Interest": -4028998.0,
        "Reconciled Depreciation": 4488.0,
        "EBITDA": -4085447.0,
        "EBIT": -4089935.0,
        "Net Interest Income": 91275.0,
        "Interest Income": 91275.0,
        "Normalized Income": -4028998.0,
        "Net Income From Continuing And Discontinued Operation": -4028998.0,
        "Total Expenses": 4089935.0,
        "Total Operating Income As Reported": -4089935.0,
        "Diluted Average Shares": 49045587.0,
        "Basic Average Shares": 49045587.0,
        "Diluted EPS": -0.08,
        "Basic EPS": -0.08,
        "Diluted NI Availto Com Stockholders": -4028998.0,
        "Net Income Common Stockholders": -4028998.0,
        "Net Income": -4028998.0,
        "Net Income Including Noncontrolling Interests": -4028998.0,
        "Net Income Continuous Operations": -4028998.0,
        "Pretax Income": -4028998.0,
        "Other Income Expense": -30338.0,
        "Other Non Operating Income Expenses": -30338.0,
        "Net Non Operating Interest Income Expense": 91275.0,
        "Interest Income Non Operating": 91275.0,
        "Operating Income": -4089935.0,
        "Operating Expense": 4089935.0,
        "Research And Development": 2564969.0,
        "Selling General And Administration": 1524966.0,
        "General And Administrative Expense": 1524966.0,
        "Other Gand A": 1524966.0,
        "Total Revenue": 0.0,
        "Operating Revenue": 0.0
    },
    "2022-03-31": {
        "Diluted EPS": -0.07,
        "Total Revenue": NaN,
        "Gross Profit": NaN,
        "Operating Income": -3,
        "EBIT": -3,
        "Net Income": -3
    },
    "2021-12-31": {
        "Diluted EPS": -0.05,
        "Total Revenue": NaN,
        "Gross Profit": NaN,
        "Operating Income": -2,
        "EBIT": -2,
        "Net Income": -2
    },
    "2021-09-30": {
        "Diluted EPS": -0.07,
        "Total Revenue": 0,
        "Gross Profit": 0,
        "Operating Income": -4,
        "EBIT": -4,
        "Net Income": -4
    },
    "2021-06-30": {
        "Diluted EPS": -0.09,
        "Total Revenue": NaN,
        "Gross Profit": NaN,
        "Operating Income": -4,
        "EBIT": -4,
        "Net Income": -4
    },
    "2021-03-31": {
        "Diluted EPS": 0.0,
        "Total Revenue": 4,
        "Gross Profit": 4,
        "Operating Income": 0,
        "EBIT": 0,
        "Net Income": 0
    },
    "2020-12-31": {
        "Diluted EPS": -0.07,
        "Total Revenue": NaN,
        "Gross Profit": NaN,
        "Operating Income": -3,
        "EBIT": -3,
        "Net Income": -3
    },
    "2020-09-30": {
        "Diluted EPS": -0.08,
        "Total Revenue": NaN,
        "Gross Profit": NaN,
        "Operating Income": -4,
        "EBIT": -4,
        "Net Income": -4
    },
    "2020-06-30": {
        "Diluted EPS": -0.1,
        "Total Revenue": NaN,
        "Gross Profit": NaN,
        "Operating Income": -5,
        "EBIT": -5,
        "Net Income": -4
    },
    "2020-03-31": {
        "Diluted EPS": -0.06,
        "Total Revenue": NaN,
        "Gross Profit": NaN,
        "Operating Income": -3,
        "EBIT": -3,
        "Net Income": -3
    },
    "2019-12-31": {
        "Diluted EPS": -0.05,
        "Total Revenue": NaN,
        "Gross Profit": NaN,
        "Operating Income": -2,
        "EBIT": -2,
        "Net Income": -2
    },
    "2019-09-30": {
        "Diluted EPS": -0.05,
        "Total Revenue": NaN,
        "Gross Profit": NaN,
        "Operating Income": -3,
        "EBIT": -3,
        "Net Income": -2
    },
    "2019-06-30": {
        "Diluted EPS": -0.09,
        "Total Revenue": NaN,
        "Gross Profit": NaN,
        "Operating Income": -4,
        "EBIT": -4,
        "Net Income": -4
    },
    "2019-03-31": {
        "Diluted EPS": -0.11,
        "Total Revenue": NaN,
        "Gross Profit": NaN,
        "Operating Income": -5,
        "EBIT": -5,
        "Net Income": -5
    },
    "2018-12-31": {
        "Diluted EPS": 0.0,
        "Total Revenue": NaN,
        "Gross Profit": NaN,
        "Operating Income": 0,
        "EBIT": 0,
        "Net Income": 0
    },
    "2018-09-30": {
        "Diluted EPS": -0.16,
        "Total Revenue": NaN,
        "Gross Profit": NaN,
        "Operating Income": -7,
        "EBIT": -7,
        "Net Income": -7
    },
    "2018-06-30": {
        "Diluted EPS": -0.08,
        "Total Revenue": NaN,
        "Gross Profit": NaN,
        "Operating Income": -3,
        "EBIT": -3,
        "Net Income": -3
    },
    "2018-03-31": {
        "Diluted EPS": -0.12,
        "Total Revenue": NaN,
        "Gross Profit": NaN,
        "Operating Income": -5,
        "EBIT": -5,
        "Net Income": -5
    },
    "2017-12-31": {
        "Diluted EPS": -0.04,
        "Total Revenue": NaN,
        "Gross Profit": NaN,
        "Operating Income": -3,
        "EBIT": -3,
        "Net Income": -2
    },
    "2017-09-30": {
        "Diluted EPS": -0.11,
        "Total Revenue": NaN,
        "Gross Profit": NaN,
        "Operating Income": -4,
        "EBIT": -4,
        "Net Income": -4
    },
    "2017-06-30": {
        "Diluted EPS": -0.08,
        "Total Revenue": NaN,
        "Gross Profit": NaN,
        "Operating Income": -3,
        "EBIT": -3,
        "Net Income": -3
    },
    "2017-03-31": {
        "Diluted EPS": -0.09,
        "Total Revenue": NaN,
        "Gross Profit": NaN,
        "Operating Income": -3,
        "EBIT": -3,
        "Net Income": -3
    },
    "2016-12-31": {
        "Diluted EPS": -0.04,
        "Total Revenue": NaN,
        "Gross Profit": NaN,
        "Operating Income": -1,
        "EBIT": -1,
        "Net Income": -1
    },
    "2016-09-30": {
        "Diluted EPS": -0.08,
        "Total Revenue": NaN,
        "Gross Profit": NaN,
        "Operating Income": -3,
        "EBIT": -3,
        "Net Income": -3
    },
    "2016-06-30": {
        "Diluted EPS": -0.1,
        "Total Revenue": NaN,
        "Gross Profit": NaN,
        "Operating Income": -3,
        "EBIT": -3,
        "Net Income": -3
    },
    "2016-03-31": {
        "Diluted EPS": -0.11,
        "Total Revenue": NaN,
        "Gross Profit": NaN,
        "Operating Income": -3,
        "EBIT": -3,
        "Net Income": -3
    },
    "2015-12-31": {
        "Diluted EPS": -0.09,
        "Total Revenue": NaN,
        "Gross Profit": NaN,
        "Operating Income": -3,
        "EBIT": -3,
        "Net Income": -3
    },
    "2015-09-30": {
        "Diluted EPS": -0.06,
        "Total Revenue": NaN,
        "Gross Profit": NaN,
        "Operating Income": -2,
        "EBIT": -2,
        "Net Income": -2
    },
    "2015-06-30": {
        "Diluted EPS": -0.09,
        "Total Revenue": NaN,
        "Gross Profit": NaN,
        "Operating Income": -2,
        "EBIT": -2,
        "Net Income": -2
    },
    "2015-03-31": {
        "Diluted EPS": -0.09,
        "Total Revenue": NaN,
        "Gross Profit": NaN,
        "Operating Income": -2,
        "EBIT": -2,
        "Net Income": -2
    },
    "2014-12-31": {
        "Diluted EPS": -0.09,
        "Total Revenue": NaN,
        "Gross Profit": NaN,
        "Operating Income": -2,
        "EBIT": -2,
        "Net Income": -2
    },
    "2014-09-30": {
        "Diluted EPS": -0.1,
        "Total Revenue": NaN,
        "Gross Profit": NaN,
        "Operating Income": -2,
        "EBIT": -2,
        "Net Income": -2
    },
    "2014-06-30": {
        "Diluted EPS": -0.09,
        "Total Revenue": NaN,
        "Gross Profit": NaN,
        "Operating Income": -2,
        "EBIT": -2,
        "Net Income": -2
    },
    "2014-03-31": {
        "Diluted EPS": -0.1,
        "Total Revenue": NaN,
        "Gross Profit": NaN,
        "Operating Income": -2,
        "EBIT": -2,
        "Net Income": -2
    },
    "2013-12-31": {
        "Diluted EPS": 0.19,
        "Total Revenue": 6,
        "Gross Profit": 6,
        "Operating Income": 3,
        "EBIT": 3,
        "Net Income": 3
    },
    "2013-09-30": {
        "Diluted EPS": -0.1,
        "Total Revenue": NaN,
        "Gross Profit": NaN,
        "Operating Income": -2,
        "EBIT": -2,
        "Net Income": -2
    },
    "2013-06-30": {
        "Diluted EPS": -0.14,
        "Total Revenue": NaN,
        "Gross Profit": NaN,
        "Operating Income": -3,
        "EBIT": -3,
        "Net Income": -3
    },
    "2013-03-31": {
        "Diluted EPS": -0.14,
        "Total Revenue": 0,
        "Gross Profit": 0,
        "Operating Income": -2,
        "EBIT": -2,
        "Net Income": -2
    },
    "2012-12-31": {
        "Diluted EPS": -0.14,
        "Total Revenue": 0,
        "Gross Profit": 0,
        "Operating Income": -2,
        "EBIT": -2,
        "Net Income": -2
    },
    "2012-09-30": {
        "Diluted EPS": -0.14,
        "Total Revenue": 0,
        "Gross Profit": 0,
        "Operating Income": -2,
        "EBIT": -2,
        "Net Income": -2
    },
    "2012-06-30": {
        "Diluted EPS": -0.14,
        "Total Revenue": 0,
        "Gross Profit": 0,
        "Operating Income": -2,
        "EBIT": -3,
        "Net Income": -2
    },
    "2012-03-31": {
        "Diluted EPS": -0.24,
        "Total Revenue": 0,
        "Gross Profit": 0,
        "Operating Income": -4,
        "EBIT": -4,
        "Net Income": -4
    },
    "2011-12-31": {
        "Diluted EPS": -0.22,
        "Total Revenue": NaN,
        "Gross Profit": NaN,
        "Operating Income": -4,
        "EBIT": -3,
        "Net Income": -4
    },
    "2011-09-30": {
        "Diluted EPS": -0.25,
        "Total Revenue": NaN,
        "Gross Profit": NaN,
        "Operating Income": -4,
        "EBIT": -4,
        "Net Income": -4
    },
    "2011-06-30": {
        "Diluted EPS": -0.31,
        "Total Revenue": NaN,
        "Gross Profit": NaN,
        "Operating Income": -4,
        "EBIT": -4,
        "Net Income": -5
    },
    "2011-03-31": {
        "Diluted EPS": -0.45,
        "Total Revenue": NaN,
        "Gross Profit": NaN,
        "Operating Income": -5,
        "EBIT": -5,
        "Net Income": -6
    },
    "2010-12-31": {
        "Diluted EPS": -0.4,
        "Total Revenue": NaN,
        "Gross Profit": NaN,
        "Operating Income": -4,
        "EBIT": -4,
        "Net Income": -5
    },
    "2010-09-30": {
        "Diluted EPS": -0.46,
        "Total Revenue": NaN,
        "Gross Profit": NaN,
        "Operating Income": -4,
        "EBIT": -4,
        "Net Income": -6
    },
    "2010-06-30": {
        "Diluted EPS": -0.35,
        "Total Revenue": NaN,
        "Gross Profit": NaN,
        "Operating Income": -4,
        "EBIT": -4,
        "Net Income": -4
    },
    "2010-03-31": {
        "Diluted EPS": -0.42,
        "Total Revenue": NaN,
        "Gross Profit": NaN,
        "Operating Income": -5,
        "EBIT": -5,
        "Net Income": -5
    },
    "2009-12-31": {
        "Diluted EPS": -0.48,
        "Total Revenue": NaN,
        "Gross Profit": NaN,
        "Operating Income": -6,
        "EBIT": -6,
        "Net Income": -6
    },
    "2009-09-30": {
        "Diluted EPS": -0.4,
        "Total Revenue": NaN,
        "Gross Profit": NaN,
        "Operating Income": -5,
        "EBIT": -5,
        "Net Income": -5
    },
    "2009-06-30": {
        "Diluted EPS": -0.39,
        "Total Revenue": NaN,
        "Gross Profit": NaN,
        "Operating Income": -5,
        "EBIT": -5,
        "Net Income": -5
    },
    "2009-03-31": {
        "Diluted EPS": -0.41,
        "Total Revenue": NaN,
        "Gross Profit": NaN,
        "Operating Income": -5,
        "EBIT": -5,
        "Net Income": -5
    },
    "2023-06-30": {
        "Tax Effect Of Unusual Items": 0.0,
        "Tax Rate For Calcs": 0.0,
        "Normalized EBITDA": -3295035.0,
        "Net Income From Continuing Operation Net Minority Interest": -2871820.0,
        "Reconciled Depreciation": 4995.0,
        "EBITDA": -3295035.0,
        "EBIT": -3300030.0,
        "Net Interest Income": 451420.0,
        "Interest Income": 451420.0,
        "Normalized Income": -2871820.0,
        "Net Income From Continuing And Discontinued Operation": -2871820.0,
        "Total Expenses": 3300030.0,
        "Total Operating Income As Reported": -3300030.0,
        "Diluted Average Shares": 49046246.0,
        "Basic Average Shares": 49046246.0,
        "Diluted EPS": -0.06,
        "Basic EPS": -0.06,
        "Diluted NI Availto Com Stockholders": -2871820.0,
        "Net Income Common Stockholders": -2871820.0,
        "Net Income": -2871820.0,
        "Net Income Including Noncontrolling Interests": -2871820.0,
        "Net Income Continuous Operations": -2871820.0,
        "Pretax Income": -2871820.0,
        "Other Income Expense": -23210.0,
        "Other Non Operating Income Expenses": -23210.0,
        "Net Non Operating Interest Income Expense": 451420.0,
        "Interest Income Non Operating": 451420.0,
        "Operating Income": -3300030.0,
        "Operating Expense": 3300030.0,
        "Research And Development": 1735735.0,
        "Selling General And Administration": 1564295.0,
        "General And Administrative Expense": 1564295.0,
        "Other Gand A": 1564295.0,
        "Total Revenue": 0.0,
        "Operating Revenue": 0.0
    },
    "2023-09-30": {
        "Tax Effect Of Unusual Items": 0.0,
        "Tax Rate For Calcs": 0.0,
        "Normalized EBITDA": -1141185.0,
        "Net Income From Continuing Operation Net Minority Interest": -723107.0,
        "Reconciled Depreciation": 5703.0,
        "EBITDA": -1141185.0,
        "EBIT": -1146888.0,
        "Net Interest Income": 437934.0,
        "Interest Income": 437934.0,
        "Normalized Income": -723107.0,
        "Net Income From Continuing And Discontinued Operation": -723107.0,
        "Total Expenses": 2146888.0,
        "Total Operating Income As Reported": -1146888.0,
        "Diluted Average Shares": 49046246.0,
        "Basic Average Shares": 49046246.0,
        "Diluted EPS": -0.01,
        "Basic EPS": -0.01,
        "Diluted NI Availto Com Stockholders": -723107.0,
        "Net Income Common Stockholders": -723107.0,
        "Net Income": -723107.0,
        "Net Income Including Noncontrolling Interests": -723107.0,
        "Net Income Continuous Operations": -723107.0,
        "Pretax Income": -723107.0,
        "Other Income Expense": -14153.0,
        "Other Non Operating Income Expenses": -14153.0,
        "Net Non Operating Interest Income Expense": 437934.0,
        "Interest Income Non Operating": 437934.0,
        "Operating Income": -1146888.0,
        "Operating Expense": 2146888.0,
        "Research And Development": 794706.0,
        "Selling General And Administration": 1352182.0,
        "General And Administrative Expense": 1352182.0,
        "Other Gand A": 1352182.0,
        "Total Revenue": 1000000.0,
        "Operating Revenue": 1000000.0
    },
    "2023-12-31": {
        "Tax Effect Of Unusual Items": 0.0,
        "Tax Rate For Calcs": 0.0,
        "Normalized EBITDA": -2484612.0,
        "Net Income From Continuing Operation Net Minority Interest": -2059085.0,
        "Reconciled Depreciation": 5492.0,
        "EBITDA": -2484612.0,
        "EBIT": -2490104.0,
        "Net Interest Income": 436265.0,
        "Interest Income": 436265.0,
        "Normalized Income": -2059085.0,
        "Net Income From Continuing And Discontinued Operation": -2059085.0,
        "Total Expenses": 2490104.0,
        "Total Operating Income As Reported": -2490104.0,
        "Diluted Average Shares": NaN,
        "Basic Average Shares": NaN,
        "Diluted EPS": NaN,
        "Basic EPS": NaN,
        "Diluted NI Availto Com Stockholders": -2059085.0,
        "Net Income Common Stockholders": -2059085.0,
        "Net Income": -2059085.0,
        "Net Income Including Noncontrolling Interests": -2059085.0,
        "Net Income Continuous Operations": -2059085.0,
        "Pretax Income": -2056038.0,
        "Other Income Expense": -2199.0,
        "Other Non Operating Income Expenses": -2199.0,
        "Net Non Operating Interest Income Expense": 436265.0,
        "Interest Income Non Operating": 436265.0,
        "Operating Income": -2490104.0,
        "Operating Expense": 2490104.0,
        "Research And Development": 1650778.0,
        "Selling General And Administration": 839326.0,
        "General And Administrative Expense": 839326.0,
        "Other Gand A": 839326.0,
        "Total Revenue": 0.0,
        "Operating Revenue": 0.0
    },
    "2024-03-31": {
        "Tax Effect Of Unusual Items": 0.0,
        "Tax Rate For Calcs": 0.0,
        "Normalized EBITDA": -3130643.0,
        "Net Income From Continuing Operation Net Minority Interest": -2754518.0,
        "Reconciled Depreciation": 5350.0,
        "EBITDA": -3130643.0,
        "EBIT": -3135993.0,
        "Net Interest Income": 397510.0,
        "Interest Income": 397510.0,
        "Normalized Income": -2754518.0,
        "Net Income From Continuing And Discontinued Operation": -2754518.0,
        "Total Expenses": 3135993.0,
        "Total Operating Income As Reported": -3135993.0,
        "Diluted Average Shares": 49046246.0,
        "Basic Average Shares": 49046246.0,
        "Diluted EPS": -0.06,
        "Basic EPS": -0.06,
        "Diluted NI Availto Com Stockholders": -2754518.0,
        "Net Income Common Stockholders": -2754518.0,
        "Net Income": -2754518.0,
        "Net Income Including Noncontrolling Interests": -2754518.0,
        "Net Income Continuous Operations": -2754518.0,
        "Pretax Income": -2754518.0,
        "Other Income Expense": -16035.0,
        "Other Non Operating Income Expenses": -16035.0,
        "Net Non Operating Interest Income Expense": 397510.0,
        "Interest Income Non Operating": 397510.0,
        "Operating Income": -3135993.0,
        "Operating Expense": 3135993.0,
        "Research And Development": 1781869.0,
        "Selling General And Administration": 1354124.0,
        "General And Administrative Expense": 1354124.0,
        "Other Gand A": 1354124.0,
        "Total Revenue": 0.0,
        "Operating Revenue": 0.0
    }
}