{
    "2023-03-31": {
        "Tax Effect Of Unusual Items": NaN,
        "Tax Rate For Calcs": NaN,
        "Normalized EBITDA": NaN,
        "Net Income From Continuing Operation Net Minority Interest": NaN,
        "EBITDA": NaN,
        "EBIT": NaN,
        "Net Interest Income": NaN,
        "Interest Income": NaN,
        "Normalized Income": NaN,
        "Net Income From Continuing And Discontinued Operation": NaN,
        "Total Expenses": NaN,
        "Total Operating Income As Reported": NaN,
        "Diluted Average Shares": 2621166.0,
        "Basic Average Shares": 2621166.0,
        "Diluted EPS": -0.95,
        "Basic EPS": -0.95,
        "Diluted NI Availto Com Stockholders": NaN,
        "Net Income Common Stockholders": NaN,
        "Net Income": NaN,
        "Net Income Including Noncontrolling Interests": NaN,
        "Net Income Continuous Operations": NaN,
        "Pretax Income": NaN,
        "Net Non Operating Interest Income Expense": NaN,
        "Interest Income Non Operating": NaN,
        "Operating Income": NaN,
        "Operating Expense": NaN,
        "Research And Development": NaN,
        "Selling General And Administration": NaN,
        "General And Administrative Expense": NaN,
        "Other Gand A": NaN,
        "Total Revenue": NaN,
        "Operating Revenue": NaN
    },
    "2022-12-31": {
        "Tax Effect Of Unusual Items": 0.0,
        "Tax Rate For Calcs": 0.0,
        "Normalized EBITDA": -2908998.0,
        "Net Income From Continuing Operation Net Minority Interest": -2896338.0,
        "EBITDA": -2908998.0,
        "EBIT": -2908998.0,
        "Net Interest Income": 12660.0,
        "Interest Income": 12660.0,
        "Normalized Income": -2896338.0,
        "Net Income From Continuing And Discontinued Operation": -2896338.0,
        "Total Expenses": 2908998.0,
        "Total Operating Income As Reported": -2908998.0,
        "Diluted Average Shares": NaN,
        "Basic Average Shares": NaN,
        "Diluted EPS": NaN,
        "Basic EPS": NaN,
        "Diluted NI Availto Com Stockholders": -2896338.0,
        "Net Income Common Stockholders": -2896338.0,
        "Net Income": -2896338.0,
        "Net Income Including Noncontrolling Interests": -2896338.0,
        "Net Income Continuous Operations": -2896338.0,
        "Pretax Income": -2896338.0,
        "Net Non Operating Interest Income Expense": 12660.0,
        "Interest Income Non Operating": 12660.0,
        "Operating Income": -2908998.0,
        "Operating Expense": 2908998.0,
        "Research And Development": 2102968.0,
        "Selling General And Administration": 806030.0,
        "General And Administrative Expense": 806030.0,
        "Other Gand A": 806030.0,
        "Total Revenue": 0.0,
        "Operating Revenue": 0.0
    },
    "2022-09-30": {
        "Tax Effect Of Unusual Items": NaN,
        "Tax Rate For Calcs": NaN,
        "Normalized EBITDA": NaN,
        "Net Income From Continuing Operation Net Minority Interest": NaN,
        "EBITDA": NaN,
        "EBIT": NaN,
        "Net Interest Income": NaN,
        "Interest Income": NaN,
        "Normalized Income": NaN,
        "Net Income From Continuing And Discontinued Operation": NaN,
        "Total Expenses": NaN,
        "Total Operating Income As Reported": NaN,
        "Diluted Average Shares": 12754685.0,
        "Basic Average Shares": 12754685.0,
        "Diluted EPS": -0.19,
        "Basic EPS": -0.19,
        "Diluted NI Availto Com Stockholders": NaN,
        "Net Income Common Stockholders": NaN,
        "Net Income": NaN,
        "Net Income Including Noncontrolling Interests": NaN,
        "Net Income Continuous Operations": NaN,
        "Pretax Income": NaN,
        "Net Non Operating Interest Income Expense": NaN,
        "Interest Income Non Operating": NaN,
        "Operating Income": NaN,
        "Operating Expense": NaN,
        "Research And Development": NaN,
        "Selling General And Administration": NaN,
        "General And Administrative Expense": NaN,
        "Other Gand A": NaN,
        "Total Revenue": NaN,
        "Operating Revenue": NaN
    },
    "2022-06-30": {
        "Tax Effect Of Unusual Items": 0.0,
        "Tax Rate For Calcs": 0.0,
        "Normalized EBITDA": -2763348.0,
        "Net Income From Continuing Operation Net Minority Interest": -2762931.0,
        "EBITDA": -2763348.0,
        "EBIT": -2763348.0,
        "Net Interest Income": 417.0,
        "Interest Income": 417.0,
        "Normalized Income": -2762931.0,
        "Net Income From Continuing And Discontinued Operation": -2762931.0,
        "Total Expenses": 2763348.0,
        "Total Operating Income As Reported": -2763348.0,
        "Diluted Average Shares": 12632381.0,
        "Basic Average Shares": 12632381.0,
        "Diluted EPS": -0.22,
        "Basic EPS": -0.22,
        "Diluted NI Availto Com Stockholders": -2762931.0,
        "Net Income Common Stockholders": -2762931.0,
        "Net Income": -2762931.0,
        "Net Income Including Noncontrolling Interests": -2762931.0,
        "Net Income Continuous Operations": -2762931.0,
        "Pretax Income": -2762931.0,
        "Net Non Operating Interest Income Expense": 417.0,
        "Interest Income Non Operating": 417.0,
        "Operating Income": -2763348.0,
        "Operating Expense": 2763348.0,
        "Research And Development": 2078471.0,
        "Selling General And Administration": 684877.0,
        "General And Administrative Expense": 684877.0,
        "Other Gand A": 684877.0,
        "Total Revenue": 0.0,
        "Operating Revenue": 0.0
    },
    "2022-03-31": {
        "Diluted EPS": -0.19,
        "Total Revenue": NaN,
        "Gross Profit": NaN,
        "Operating Income": -2,
        "EBIT": -2,
        "Net Income": -2
    },
    "2021-12-31": {
        "Diluted EPS": -0.2,
        "Total Revenue": NaN,
        "Gross Profit": NaN,
        "Operating Income": -3,
        "EBIT": -3,
        "Net Income": -3
    },
    "2021-09-30": {
        "Diluted EPS": -0.2,
        "Total Revenue": NaN,
        "Gross Profit": NaN,
        "Operating Income": -2,
        "EBIT": -2,
        "Net Income": -2
    },
    "2021-06-30": {
        "Diluted EPS": -0.17,
        "Total Revenue": NaN,
        "Gross Profit": NaN,
        "Operating Income": -2,
        "EBIT": -2,
        "Net Income": -2
    },
    "2021-03-31": {
        "Diluted EPS": -0.16,
        "Total Revenue": NaN,
        "Gross Profit": NaN,
        "Operating Income": -2,
        "EBIT": -2,
        "Net Income": -2
    },
    "2020-12-31": {
        "Diluted EPS": -0.19,
        "Total Revenue": NaN,
        "Gross Profit": NaN,
        "Operating Income": -2,
        "EBIT": -2,
        "Net Income": -2
    },
    "2020-09-30": {
        "Diluted EPS": -0.15,
        "Total Revenue": NaN,
        "Gross Profit": NaN,
        "Operating Income": -2,
        "EBIT": -2,
        "Net Income": -2
    },
    "2020-06-30": {
        "Diluted EPS": -0.14,
        "Total Revenue": NaN,
        "Gross Profit": NaN,
        "Operating Income": -1,
        "EBIT": -1,
        "Net Income": -1
    },
    "2020-03-31": {
        "Diluted EPS": -0.1,
        "Total Revenue": NaN,
        "Gross Profit": NaN,
        "Operating Income": -1,
        "EBIT": -1,
        "Net Income": -1
    },
    "2019-12-31": {
        "Diluted EPS": -0.12,
        "Total Revenue": NaN,
        "Gross Profit": NaN,
        "Operating Income": -1,
        "EBIT": -1,
        "Net Income": -1
    },
    "2019-09-30": {
        "Diluted EPS": -0.08,
        "Total Revenue": NaN,
        "Gross Profit": NaN,
        "Operating Income": -1,
        "EBIT": -1,
        "Net Income": -1
    },
    "2019-06-30": {
        "Diluted EPS": -0.1,
        "Total Revenue": NaN,
        "Gross Profit": NaN,
        "Operating Income": -1,
        "EBIT": -1,
        "Net Income": -1
    },
    "2019-03-31": {
        "Diluted EPS": -0.15,
        "Total Revenue": NaN,
        "Gross Profit": NaN,
        "Operating Income": -1,
        "EBIT": -1,
        "Net Income": -1
    },
    "2018-12-31": {
        "Diluted EPS": -0.1,
        "Total Revenue": NaN,
        "Gross Profit": NaN,
        "Operating Income": -1,
        "EBIT": -1,
        "Net Income": -1
    },
    "2018-09-30": {
        "Diluted EPS": -0.07,
        "Total Revenue": NaN,
        "Gross Profit": NaN,
        "Operating Income": -1,
        "EBIT": -1,
        "Net Income": -1
    },
    "2018-06-30": {
        "Diluted EPS": -0.09,
        "Total Revenue": NaN,
        "Gross Profit": NaN,
        "Operating Income": -1,
        "EBIT": -1,
        "Net Income": -1
    },
    "2018-03-31": {
        "Diluted EPS": -0.09,
        "Total Revenue": NaN,
        "Gross Profit": NaN,
        "Operating Income": -1,
        "EBIT": -1,
        "Net Income": -1
    },
    "2017-12-31": {
        "Diluted EPS": 0.0,
        "Total Revenue": NaN,
        "Gross Profit": NaN,
        "Operating Income": NaN,
        "EBIT": NaN,
        "Net Income": NaN
    },
    "2023-06-30": {
        "Tax Effect Of Unusual Items": 0.0,
        "Tax Rate For Calcs": 0.0,
        "Normalized EBITDA": -2328209.0,
        "Net Income From Continuing Operation Net Minority Interest": -2199991.0,
        "EBITDA": -2328209.0,
        "EBIT": -2328209.0,
        "Net Interest Income": 128218.0,
        "Interest Income": 128218.0,
        "Normalized Income": -2199991.0,
        "Net Income From Continuing And Discontinued Operation": -2199991.0,
        "Total Expenses": 2328209.0,
        "Total Operating Income As Reported": -2328209.0,
        "Diluted Average Shares": 2684005.0,
        "Basic Average Shares": 2684005.0,
        "Diluted EPS": -0.8,
        "Basic EPS": -0.8,
        "Diluted NI Availto Com Stockholders": -2199991.0,
        "Net Income Common Stockholders": -2199991.0,
        "Net Income": -2199991.0,
        "Net Income Including Noncontrolling Interests": -2199991.0,
        "Net Income Continuous Operations": -2199991.0,
        "Pretax Income": -2199991.0,
        "Net Non Operating Interest Income Expense": 128218.0,
        "Interest Income Non Operating": 128218.0,
        "Operating Income": -2328209.0,
        "Operating Expense": 2328209.0,
        "Research And Development": 1594713.0,
        "Selling General And Administration": 733496.0,
        "General And Administrative Expense": 733496.0,
        "Other Gand A": 733496.0,
        "Total Revenue": 0.0,
        "Operating Revenue": 0.0
    },
    "2023-09-30": {
        "Tax Effect Of Unusual Items": 0.0,
        "Tax Rate For Calcs": 0.0,
        "Normalized EBITDA": -2065994.0,
        "Net Income From Continuing Operation Net Minority Interest": -1953734.0,
        "EBITDA": -2065994.0,
        "EBIT": -2065994.0,
        "Net Interest Income": 112260.0,
        "Interest Income": 112260.0,
        "Normalized Income": -1953734.0,
        "Net Income From Continuing And Discontinued Operation": -1953734.0,
        "Total Expenses": 2065994.0,
        "Total Operating Income As Reported": -2065994.0,
        "Diluted Average Shares": 2823679.0,
        "Basic Average Shares": 2823679.0,
        "Diluted EPS": -0.7,
        "Basic EPS": -0.7,
        "Diluted NI Availto Com Stockholders": -1953734.0,
        "Net Income Common Stockholders": -1953734.0,
        "Net Income": -1953734.0,
        "Net Income Including Noncontrolling Interests": -1953734.0,
        "Net Income Continuous Operations": -1953734.0,
        "Pretax Income": -1953734.0,
        "Net Non Operating Interest Income Expense": 112260.0,
        "Interest Income Non Operating": 112260.0,
        "Operating Income": -2065994.0,
        "Operating Expense": 2065994.0,
        "Research And Development": 1316520.0,
        "Selling General And Administration": 749474.0,
        "General And Administrative Expense": 749474.0,
        "Other Gand A": 749474.0,
        "Total Revenue": 0.0,
        "Operating Revenue": 0.0
    },
    "2023-12-31": {
        "Tax Effect Of Unusual Items": 0.0,
        "Tax Rate For Calcs": 0.0,
        "Normalized EBITDA": -1911988.0,
        "Net Income From Continuing Operation Net Minority Interest": -1813915.0,
        "EBITDA": -1911988.0,
        "EBIT": -1911988.0,
        "Net Interest Income": 98073.0,
        "Interest Income": 98073.0,
        "Normalized Income": -1813915.0,
        "Net Income From Continuing And Discontinued Operation": -1813915.0,
        "Total Expenses": 1911988.0,
        "Total Operating Income As Reported": -1911988.0,
        "Diluted Average Shares": NaN,
        "Basic Average Shares": NaN,
        "Diluted EPS": NaN,
        "Basic EPS": NaN,
        "Diluted NI Availto Com Stockholders": -1813915.0,
        "Net Income Common Stockholders": -1813915.0,
        "Net Income": -1813915.0,
        "Net Income Including Noncontrolling Interests": -1813915.0,
        "Net Income Continuous Operations": -1813915.0,
        "Pretax Income": -1813915.0,
        "Net Non Operating Interest Income Expense": 98073.0,
        "Interest Income Non Operating": 98073.0,
        "Operating Income": -1911988.0,
        "Operating Expense": 1911988.0,
        "Research And Development": 1035591.0,
        "Selling General And Administration": 876397.0,
        "General And Administrative Expense": 876397.0,
        "Other Gand A": 876397.0,
        "Total Revenue": 0.0,
        "Operating Revenue": 0.0
    },
    "2024-03-31": {
        "Tax Effect Of Unusual Items": 0.0,
        "Tax Rate For Calcs": 0.0,
        "Normalized EBITDA": -1723391.0,
        "Net Income From Continuing Operation Net Minority Interest": -1641226.0,
        "EBITDA": -1723391.0,
        "EBIT": -1723391.0,
        "Net Interest Income": 82165.0,
        "Interest Income": 82165.0,
        "Normalized Income": -1641226.0,
        "Net Income From Continuing And Discontinued Operation": -1641226.0,
        "Total Expenses": 1723391.0,
        "Total Operating Income As Reported": -1723391.0,
        "Diluted Average Shares": 3195963.0,
        "Basic Average Shares": 3195963.0,
        "Diluted EPS": -0.5,
        "Basic EPS": -0.5,
        "Diluted NI Availto Com Stockholders": -1641226.0,
        "Net Income Common Stockholders": -1641226.0,
        "Net Income": -1641226.0,
        "Net Income Including Noncontrolling Interests": -1641226.0,
        "Net Income Continuous Operations": -1641226.0,
        "Pretax Income": -1641226.0,
        "Net Non Operating Interest Income Expense": 82165.0,
        "Interest Income Non Operating": 82165.0,
        "Operating Income": -1723391.0,
        "Operating Expense": 1723391.0,
        "Research And Development": 966110.0,
        "Selling General And Administration": 757281.0,
        "General And Administrative Expense": 757281.0,
        "Other Gand A": 757281.0,
        "Total Revenue": 0.0,
        "Operating Revenue": 0.0
    },
    "2024-06-30": {
        "Tax Effect Of Unusual Items": 0.0,
        "Tax Rate For Calcs": 0.0,
        "Normalized EBITDA": -1788784.0,
        "Net Income From Continuing Operation Net Minority Interest": -1715309.0,
        "EBITDA": -1788784.0,
        "EBIT": -1788784.0,
        "Net Interest Income": 73475.0,
        "Interest Income": 73475.0,
        "Normalized Income": -1715309.0,
        "Net Income From Continuing And Discontinued Operation": -1715309.0,
        "Total Expenses": 1788784.0,
        "Total Operating Income As Reported": -1788784.0,
        "Diluted Average Shares": 3502927.0,
        "Basic Average Shares": 3502927.0,
        "Diluted EPS": -0.5,
        "Basic EPS": -0.5,
        "Diluted NI Availto Com Stockholders": -1715309.0,
        "Net Income Common Stockholders": -1715309.0,
        "Net Income": -1715309.0,
        "Net Income Including Noncontrolling Interests": -1715309.0,
        "Net Income Continuous Operations": -1715309.0,
        "Pretax Income": -1715309.0,
        "Net Non Operating Interest Income Expense": 73475.0,
        "Interest Income Non Operating": 73475.0,
        "Operating Income": -1788784.0,
        "Operating Expense": 1788784.0,
        "Research And Development": 1130978.0,
        "Selling General And Administration": 657806.0,
        "General And Administrative Expense": 657806.0,
        "Other Gand A": 657806.0,
        "Total Revenue": 0.0,
        "Operating Revenue": 0.0
    }
}