{
    "2023-03-31": {
        "Tax Effect Of Unusual Items": NaN,
        "Tax Rate For Calcs": NaN,
        "Normalized EBITDA": NaN,
        "Total Unusual Items": NaN,
        "Total Unusual Items Excluding Goodwill": NaN,
        "Net Income From Continuing Operation Net Minority Interest": NaN,
        "Reconciled Depreciation": NaN,
        "Reconciled Cost Of Revenue": NaN,
        "EBITDA": NaN,
        "EBIT": NaN,
        "Net Interest Income": NaN,
        "Interest Expense": NaN,
        "Interest Income": NaN,
        "Normalized Income": NaN,
        "Net Income From Continuing And Discontinued Operation": NaN,
        "Total Expenses": NaN,
        "Total Operating Income As Reported": NaN,
        "Diluted Average Shares": NaN,
        "Basic Average Shares": NaN,
        "Diluted EPS": NaN,
        "Basic EPS": NaN,
        "Diluted NI Availto Com Stockholders": NaN,
        "Net Income Common Stockholders": NaN,
        "Net Income": NaN,
        "Net Income Including Noncontrolling Interests": NaN,
        "Net Income Continuous Operations": NaN,
        "Pretax Income": NaN,
        "Other Income Expense": NaN,
        "Other Non Operating Income Expenses": 19000.0,
        "Special Income Charges": NaN,
        "Gain On Sale Of Ppe": NaN,
        "Gain On Sale Of Security": -112000.0,
        "Net Non Operating Interest Income Expense": NaN,
        "Interest Expense Non Operating": NaN,
        "Interest Income Non Operating": NaN,
        "Operating Income": NaN,
        "Operating Expense": NaN,
        "Research And Development": NaN,
        "Selling General And Administration": NaN,
        "Selling And Marketing Expense": NaN,
        "General And Administrative Expense": 10270000.0,
        "Other Gand A": 9026000.0,
        "Salaries And Wages": 1244000.0,
        "Gross Profit": NaN,
        "Cost Of Revenue": NaN,
        "Total Revenue": NaN,
        "Operating Revenue": NaN
    },
    "2022-12-31": {
        "Tax Effect Of Unusual Items": 0.0,
        "Tax Rate For Calcs": 0.0,
        "Normalized EBITDA": -20060000.0,
        "Total Unusual Items": -2751000.0,
        "Total Unusual Items Excluding Goodwill": -2751000.0,
        "Net Income From Continuing Operation Net Minority Interest": -24440000.0,
        "Reconciled Depreciation": 533000.0,
        "Reconciled Cost Of Revenue": 0.0,
        "EBITDA": -22811000.0,
        "EBIT": -23344000.0,
        "Net Interest Income": -607000.0,
        "Interest Expense": 1096000.0,
        "Interest Income": 489000.0,
        "Normalized Income": -21689000.0,
        "Net Income From Continuing And Discontinued Operation": -24440000.0,
        "Total Expenses": 21212000.0,
        "Total Operating Income As Reported": -21092000.0,
        "Diluted Average Shares": 1656107.0,
        "Basic Average Shares": 1656107.0,
        "Diluted EPS": -15.0,
        "Basic EPS": -15.0,
        "Diluted NI Availto Com Stockholders": -24440000.0,
        "Net Income Common Stockholders": -24440000.0,
        "Net Income": -24440000.0,
        "Net Income Including Noncontrolling Interests": -24440000.0,
        "Net Income Continuous Operations": -24440000.0,
        "Tax Provision": 0.0,
        "Pretax Income": -24440000.0,
        "Other Income Expense": -2741000.0,
        "Other Non Operating Income Expenses": 10000.0,
        "Special Income Charges": -4554000.0,
        "Gain On Sale Of Ppe": -54000.0,
        "Gain On Sale Of Security": 1803000.0,
        "Net Non Operating Interest Income Expense": -607000.0,
        "Interest Expense Non Operating": 1096000.0,
        "Interest Income Non Operating": 489000.0,
        "Operating Income": -21092000.0,
        "Operating Expense": 21212000.0,
        "Research And Development": 10283000.0,
        "Selling General And Administration": 10929000.0,
        "Selling And Marketing Expense": NaN,
        "General And Administrative Expense": NaN,
        "Other Gand A": NaN,
        "Salaries And Wages": NaN,
        "Gross Profit": 120000.0,
        "Cost Of Revenue": 0.0,
        "Total Revenue": 120000.0,
        "Operating Revenue": 120000.0
    },
    "2022-09-30": {
        "Tax Effect Of Unusual Items": NaN,
        "Tax Rate For Calcs": NaN,
        "Normalized EBITDA": NaN,
        "Total Unusual Items": NaN,
        "Total Unusual Items Excluding Goodwill": NaN,
        "Net Income From Continuing Operation Net Minority Interest": NaN,
        "Reconciled Depreciation": NaN,
        "Reconciled Cost Of Revenue": NaN,
        "EBITDA": NaN,
        "EBIT": NaN,
        "Net Interest Income": NaN,
        "Interest Expense": NaN,
        "Interest Income": NaN,
        "Normalized Income": NaN,
        "Net Income From Continuing And Discontinued Operation": NaN,
        "Total Expenses": NaN,
        "Total Operating Income As Reported": NaN,
        "Diluted Average Shares": 1641308.0,
        "Basic Average Shares": 1641308.0,
        "Diluted EPS": -12.98,
        "Basic EPS": -12.98,
        "Diluted NI Availto Com Stockholders": NaN,
        "Net Income Common Stockholders": NaN,
        "Net Income": NaN,
        "Net Income Including Noncontrolling Interests": NaN,
        "Net Income Continuous Operations": NaN,
        "Tax Provision": 0.0,
        "Pretax Income": NaN,
        "Other Income Expense": NaN,
        "Other Non Operating Income Expenses": 41000.0,
        "Special Income Charges": NaN,
        "Gain On Sale Of Ppe": NaN,
        "Gain On Sale Of Security": NaN,
        "Net Non Operating Interest Income Expense": NaN,
        "Interest Expense Non Operating": NaN,
        "Interest Income Non Operating": NaN,
        "Operating Income": NaN,
        "Operating Expense": NaN,
        "Research And Development": NaN,
        "Selling General And Administration": NaN,
        "Selling And Marketing Expense": NaN,
        "General And Administrative Expense": NaN,
        "Other Gand A": NaN,
        "Salaries And Wages": NaN,
        "Gross Profit": NaN,
        "Cost Of Revenue": NaN,
        "Total Revenue": NaN,
        "Operating Revenue": NaN
    },
    "2022-06-30": {
        "Tax Effect Of Unusual Items": 0.0,
        "Tax Rate For Calcs": 0.0,
        "Normalized EBITDA": -22817000.0,
        "Total Unusual Items": 2255000.0,
        "Total Unusual Items Excluding Goodwill": 2255000.0,
        "Net Income From Continuing Operation Net Minority Interest": -22872000.0,
        "Reconciled Depreciation": 897000.0,
        "Reconciled Cost Of Revenue": 12000.0,
        "EBITDA": -20562000.0,
        "EBIT": -21459000.0,
        "Net Interest Income": -1408000.0,
        "Interest Expense": 1413000.0,
        "Interest Income": 5000.0,
        "Normalized Income": -25127000.0,
        "Net Income From Continuing And Discontinued Operation": -22872000.0,
        "Total Expenses": 23769000.0,
        "Total Operating Income As Reported": -23719000.0,
        "Diluted Average Shares": 1626390.0,
        "Basic Average Shares": 1626390.0,
        "Diluted EPS": -14.0,
        "Basic EPS": -14.0,
        "Diluted NI Availto Com Stockholders": -22872000.0,
        "Net Income Common Stockholders": -22872000.0,
        "Net Income": -22872000.0,
        "Net Income Including Noncontrolling Interests": -22872000.0,
        "Net Income Continuous Operations": -22872000.0,
        "Tax Provision": 0.0,
        "Pretax Income": -22872000.0,
        "Other Income Expense": 2255000.0,
        "Other Non Operating Income Expenses": NaN,
        "Special Income Charges": 1000.0,
        "Gain On Sale Of Ppe": 1000.0,
        "Other Special Charges": NaN,
        "Gain On Sale Of Security": 2254000.0,
        "Net Non Operating Interest Income Expense": -1408000.0,
        "Interest Expense Non Operating": 1413000.0,
        "Interest Income Non Operating": 5000.0,
        "Operating Income": -23719000.0,
        "Operating Expense": 23757000.0,
        "Research And Development": 10896000.0,
        "Selling General And Administration": 12861000.0,
        "Selling And Marketing Expense": NaN,
        "General And Administrative Expense": NaN,
        "Other Gand A": NaN,
        "Salaries And Wages": NaN,
        "Gross Profit": 38000.0,
        "Cost Of Revenue": 12000.0,
        "Total Revenue": 50000.0,
        "Operating Revenue": 50000.0
    },
    "2022-03-31": {
        "Diluted EPS": -0.34,
        "Total Revenue": NaN,
        "Gross Profit": NaN,
        "Operating Income": -25,
        "EBIT": -23,
        "Net Income": -27
    },
    "2021-12-31": {
        "Diluted EPS": 2.66,
        "Total Revenue": 0,
        "Gross Profit": 0,
        "Operating Income": -25,
        "EBIT": -19,
        "Net Income": -3
    },
    "2021-09-30": {
        "Diluted EPS": -0.09,
        "Total Revenue": 0,
        "Gross Profit": 0,
        "Operating Income": -21,
        "EBIT": -17,
        "Net Income": -6
    },
    "2021-06-30": {
        "Diluted EPS": -0.59,
        "Total Revenue": NaN,
        "Gross Profit": NaN,
        "Operating Income": -31,
        "EBIT": -27,
        "Net Income": 64
    },
    "2021-03-31": {
        "Diluted EPS": -0.28,
        "Total Revenue": 0,
        "Gross Profit": 0,
        "Operating Income": -24,
        "EBIT": -23,
        "Net Income": 65
    },
    "2020-12-31": {
        "Diluted EPS": -3.48,
        "Total Revenue": NaN,
        "Gross Profit": NaN,
        "Operating Income": -25,
        "EBIT": -25,
        "Net Income": -199
    },
    "2020-09-30": {
        "Diluted EPS": -1.77,
        "Total Revenue": NaN,
        "Gross Profit": NaN,
        "Operating Income": -9,
        "EBIT": -9,
        "Net Income": -111
    },
    "2020-06-30": {
        "Diluted EPS": 0.19,
        "Total Revenue": NaN,
        "Gross Profit": NaN,
        "Operating Income": 0,
        "EBIT": 0,
        "Net Income": 1
    },
    "2020-03-31": {
        "Diluted EPS": 0.16,
        "Total Revenue": NaN,
        "Gross Profit": NaN,
        "Operating Income": 0,
        "EBIT": 0,
        "Net Income": 1
    },
    "2019-12-31": {
        "Diluted EPS": 0.0,
        "Total Revenue": NaN,
        "Gross Profit": NaN,
        "Operating Income": NaN,
        "EBIT": NaN,
        "Net Income": NaN
    },
    "2019-09-30": {
        "Diluted EPS": 0.0,
        "Total Revenue": NaN,
        "Gross Profit": NaN,
        "Operating Income": NaN,
        "EBIT": NaN,
        "Net Income": NaN
    },
    "2023-06-30": {
        "Tax Effect Of Unusual Items": NaN,
        "Tax Rate For Calcs": NaN,
        "Normalized EBITDA": NaN,
        "Total Unusual Items": 434000.0,
        "Total Unusual Items Excluding Goodwill": 434000.0,
        "Net Income From Continuing Operation Net Minority Interest": NaN,
        "Reconciled Depreciation": NaN,
        "Reconciled Cost Of Revenue": 388000.0,
        "EBITDA": NaN,
        "EBIT": NaN,
        "Net Interest Income": NaN,
        "Interest Expense": NaN,
        "Interest Income": NaN,
        "Normalized Income": NaN,
        "Net Income From Continuing And Discontinued Operation": NaN,
        "Total Expenses": NaN,
        "Total Operating Income As Reported": NaN,
        "Diluted Average Shares": 1919555.0,
        "Basic Average Shares": 1919555.0,
        "Diluted EPS": -9.81,
        "Basic EPS": -9.81,
        "Diluted NI Availto Com Stockholders": NaN,
        "Net Income Common Stockholders": NaN,
        "Net Income": NaN,
        "Net Income Including Noncontrolling Interests": NaN,
        "Net Income Continuous Operations": NaN,
        "Pretax Income": NaN,
        "Other Income Expense": NaN,
        "Other Non Operating Income Expenses": NaN,
        "Special Income Charges": -17000.0,
        "Gain On Sale Of Ppe": -17000.0,
        "Gain On Sale Of Security": 451000.0,
        "Net Non Operating Interest Income Expense": NaN,
        "Interest Expense Non Operating": NaN,
        "Interest Income Non Operating": NaN,
        "Operating Income": NaN,
        "Operating Expense": NaN,
        "Research And Development": NaN,
        "Selling General And Administration": NaN,
        "Selling And Marketing Expense": 10007000.0,
        "General And Administrative Expense": NaN,
        "Other Gand A": NaN,
        "Salaries And Wages": NaN,
        "Gross Profit": NaN,
        "Cost Of Revenue": 388000.0,
        "Total Revenue": NaN,
        "Operating Revenue": NaN
    },
    "2023-09-30": {
        "Tax Effect Of Unusual Items": 0.0,
        "Tax Rate For Calcs": 0.0,
        "Normalized EBITDA": -14360000.0,
        "Total Unusual Items": 221000.0,
        "Total Unusual Items Excluding Goodwill": 221000.0,
        "Net Income From Continuing Operation Net Minority Interest": -15159000.0,
        "Reconciled Depreciation": 490000.0,
        "Reconciled Cost Of Revenue": 119000.0,
        "EBITDA": -14139000.0,
        "EBIT": -14629000.0,
        "Net Interest Income": -314000.0,
        "Interest Expense": 530000.0,
        "Interest Income": 216000.0,
        "Normalized Income": -15380000.0,
        "Net Income From Continuing And Discontinued Operation": -15159000.0,
        "Total Expenses": 15405000.0,
        "Total Operating Income As Reported": -15066000.0,
        "Diluted Average Shares": 2106707.0,
        "Basic Average Shares": 2106707.0,
        "Diluted EPS": -7.2,
        "Basic EPS": -7.2,
        "Diluted NI Availto Com Stockholders": -15159000.0,
        "Net Income Common Stockholders": -15159000.0,
        "Net Income": -15159000.0,
        "Net Income Including Noncontrolling Interests": -15159000.0,
        "Net Income Continuous Operations": -15159000.0,
        "Pretax Income": -15159000.0,
        "Other Income Expense": 221000.0,
        "Other Non Operating Income Expenses": NaN,
        "Special Income Charges": 0.0,
        "Gain On Sale Of Ppe": 0.0,
        "Gain On Sale Of Security": 221000.0,
        "Net Non Operating Interest Income Expense": -314000.0,
        "Interest Expense Non Operating": 530000.0,
        "Interest Income Non Operating": 216000.0,
        "Operating Income": -15066000.0,
        "Operating Expense": 15286000.0,
        "Research And Development": 5992000.0,
        "Selling General And Administration": 9294000.0,
        "Selling And Marketing Expense": NaN,
        "General And Administrative Expense": NaN,
        "Other Gand A": NaN,
        "Salaries And Wages": NaN,
        "Gross Profit": 220000.0,
        "Cost Of Revenue": 119000.0,
        "Total Revenue": 339000.0,
        "Operating Revenue": 339000.0
    },
    "2023-12-31": {
        "Tax Effect Of Unusual Items": 0.0,
        "Tax Rate For Calcs": 0.0,
        "Normalized EBITDA": -13443000.0,
        "Total Unusual Items": 2000.0,
        "Total Unusual Items Excluding Goodwill": 2000.0,
        "Net Income From Continuing Operation Net Minority Interest": -14101000.0,
        "Reconciled Depreciation": 505000.0,
        "Reconciled Cost Of Revenue": 348000.0,
        "EBITDA": -13441000.0,
        "EBIT": -13946000.0,
        "Net Interest Income": -58000.0,
        "Interest Expense": 155000.0,
        "Interest Income": 97000.0,
        "Normalized Income": -14103000.0,
        "Net Income From Continuing And Discontinued Operation": -14101000.0,
        "Total Expenses": 14868000.0,
        "Total Operating Income As Reported": -13845000.0,
        "Diluted Average Shares": NaN,
        "Basic Average Shares": NaN,
        "Diluted EPS": NaN,
        "Basic EPS": NaN,
        "Diluted NI Availto Com Stockholders": -14101000.0,
        "Net Income Common Stockholders": -14101000.0,
        "Net Income": -14101000.0,
        "Net Income Including Noncontrolling Interests": -14101000.0,
        "Net Income Continuous Operations": -14101000.0,
        "Pretax Income": -14101000.0,
        "Other Income Expense": -198000.0,
        "Other Non Operating Income Expenses": -200000.0,
        "Special Income Charges": 0.0,
        "Gain On Sale Of Ppe": 0.0,
        "Gain On Sale Of Security": 2000.0,
        "Net Non Operating Interest Income Expense": -58000.0,
        "Interest Expense Non Operating": 155000.0,
        "Interest Income Non Operating": 97000.0,
        "Operating Income": -13845000.0,
        "Operating Expense": 14520000.0,
        "Research And Development": 8036000.0,
        "Selling General And Administration": 6484000.0,
        "Selling And Marketing Expense": NaN,
        "General And Administrative Expense": NaN,
        "Other Gand A": NaN,
        "Salaries And Wages": NaN,
        "Gross Profit": 675000.0,
        "Cost Of Revenue": 348000.0,
        "Total Revenue": 1023000.0,
        "Operating Revenue": 1023000.0
    },
    "2024-06-30": {
        "Tax Effect Of Unusual Items": 0.0,
        "Tax Rate For Calcs": 0.0,
        "Normalized EBITDA": -6453000.0,
        "Total Unusual Items": -55000.0,
        "Total Unusual Items Excluding Goodwill": -55000.0,
        "Net Income From Continuing Operation Net Minority Interest": -7016000.0,
        "Reconciled Depreciation": 508000.0,
        "Reconciled Cost Of Revenue": 0.0,
        "EBITDA": -6508000.0,
        "EBIT": -7016000.0,
        "Net Interest Income": 4000.0,
        "Interest Expense": 0.0,
        "Interest Income": 4000.0,
        "Normalized Income": -6961000.0,
        "Net Income From Continuing And Discontinued Operation": -7016000.0,
        "Total Expenses": 8173000.0,
        "Total Operating Income As Reported": -6964000.0,
        "Diluted Average Shares": 16597027.0,
        "Basic Average Shares": 16597027.0,
        "Diluted EPS": -0.42,
        "Basic EPS": -0.42,
        "Diluted NI Availto Com Stockholders": -7016000.0,
        "Net Income Common Stockholders": -7016000.0,
        "Net Income": -7016000.0,
        "Net Income Including Noncontrolling Interests": -7016000.0,
        "Net Income Continuous Operations": -7016000.0,
        "Pretax Income": -7016000.0,
        "Other Income Expense": -56000.0,
        "Other Non Operating Income Expenses": -1000.0,
        "Special Income Charges": -55000.0,
        "Gain On Sale Of Ppe": -55000.0,
        "Gain On Sale Of Security": NaN,
        "Net Non Operating Interest Income Expense": 4000.0,
        "Interest Expense Non Operating": 0.0,
        "Interest Income Non Operating": 4000.0,
        "Operating Income": -6964000.0,
        "Operating Expense": 8173000.0,
        "Research And Development": 2850000.0,
        "Selling General And Administration": 5323000.0,
        "Selling And Marketing Expense": 5323000.0,
        "General And Administrative Expense": NaN,
        "Other Gand A": NaN,
        "Salaries And Wages": NaN,
        "Gross Profit": 1209000.0,
        "Cost Of Revenue": 0.0,
        "Total Revenue": 1209000.0,
        "Operating Revenue": 1209000.0
    },
    "2024-03-31": {
        "Tax Effect Of Unusual Items": 0.0,
        "Tax Rate For Calcs": 0.0,
        "Normalized EBITDA": -7751000.0,
        "Total Unusual Items": NaN,
        "Total Unusual Items Excluding Goodwill": NaN,
        "Net Income From Continuing Operation Net Minority Interest": -8313000.0,
        "Reconciled Depreciation": 505000.0,
        "Reconciled Cost Of Revenue": NaN,
        "EBITDA": -7751000.0,
        "EBIT": -8256000.0,
        "Net Interest Income": -39000.0,
        "Interest Expense": 57000.0,
        "Interest Income": 18000.0,
        "Normalized Income": -8313000.0,
        "Net Income From Continuing And Discontinued Operation": -8313000.0,
        "Total Expenses": 8840000.0,
        "Total Operating Income As Reported": -8327000.0,
        "Diluted Average Shares": 12586953.0,
        "Basic Average Shares": 12586953.0,
        "Diluted EPS": -0.66,
        "Basic EPS": -0.66,
        "Diluted NI Availto Com Stockholders": -8313000.0,
        "Net Income Common Stockholders": -8313000.0,
        "Net Income": -8313000.0,
        "Net Income Including Noncontrolling Interests": -8313000.0,
        "Net Income Continuous Operations": -8313000.0,
        "Pretax Income": -8313000.0,
        "Other Income Expense": 53000.0,
        "Other Non Operating Income Expenses": 53000.0,
        "Special Income Charges": NaN,
        "Gain On Sale Of Ppe": NaN,
        "Gain On Sale Of Security": NaN,
        "Net Non Operating Interest Income Expense": -39000.0,
        "Interest Expense Non Operating": 57000.0,
        "Interest Income Non Operating": 18000.0,
        "Operating Income": -8327000.0,
        "Operating Expense": 8840000.0,
        "Research And Development": 2676000.0,
        "Selling General And Administration": 6164000.0,
        "Selling And Marketing Expense": NaN,
        "General And Administrative Expense": NaN,
        "Other Gand A": NaN,
        "Salaries And Wages": NaN,
        "Gross Profit": 513000.0,
        "Cost Of Revenue": NaN,
        "Total Revenue": 513000.0,
        "Operating Revenue": 513000.0
    },
    "2024-09-30": {
        "Tax Effect Of Unusual Items": 0.0,
        "Tax Rate For Calcs": 0.0,
        "Normalized EBITDA": -7076000.0,
        "Total Unusual Items": -133000.0,
        "Total Unusual Items Excluding Goodwill": -133000.0,
        "Net Income From Continuing Operation Net Minority Interest": -7758000.0,
        "Reconciled Depreciation": 506000.0,
        "Reconciled Cost Of Revenue": 66000.0,
        "EBITDA": -7209000.0,
        "EBIT": -7715000.0,
        "Net Interest Income": -41000.0,
        "Interest Expense": 43000.0,
        "Interest Income": 2000.0,
        "Normalized Income": -7625000.0,
        "Net Income From Continuing And Discontinued Operation": -7758000.0,
        "Total Expenses": 7700000.0,
        "Total Operating Income As Reported": -7593000.0,
        "Diluted Average Shares": 17357896.0,
        "Basic Average Shares": 17357896.0,
        "Diluted EPS": -0.45,
        "Basic EPS": -0.45,
        "Diluted NI Availto Com Stockholders": -7758000.0,
        "Net Income Common Stockholders": -7758000.0,
        "Net Income": -7758000.0,
        "Net Income Including Noncontrolling Interests": -7758000.0,
        "Net Income Continuous Operations": -7758000.0,
        "Pretax Income": -7758000.0,
        "Other Income Expense": -124000.0,
        "Other Non Operating Income Expenses": 9000.0,
        "Special Income Charges": -133000.0,
        "Gain On Sale Of Ppe": -133000.0,
        "Gain On Sale Of Security": NaN,
        "Net Non Operating Interest Income Expense": -41000.0,
        "Interest Expense Non Operating": 43000.0,
        "Interest Income Non Operating": 2000.0,
        "Operating Income": -7593000.0,
        "Operating Expense": 7634000.0,
        "Research And Development": 2205000.0,
        "Selling General And Administration": 5429000.0,
        "Selling And Marketing Expense": NaN,
        "General And Administrative Expense": NaN,
        "Other Gand A": NaN,
        "Salaries And Wages": NaN,
        "Gross Profit": 41000.0,
        "Cost Of Revenue": 66000.0,
        "Total Revenue": 107000.0,
        "Operating Revenue": 107000.0
    }
}