{
    "2023-06-30": {
        "Tax Effect Of Unusual Items": -10425930.0,
        "Tax Rate For Calcs": 0.17,
        "Normalized EBITDA": -5416000.0,
        "Total Unusual Items": -61329000.0,
        "Total Unusual Items Excluding Goodwill": -61329000.0,
        "Net Income From Continuing Operation Net Minority Interest": -68571000.0,
        "Reconciled Cost Of Revenue": 7178000.0,
        "EBITDA": -66745000.0,
        "EBIT": -66745000.0,
        "Net Interest Income": -1803000.0,
        "Interest Expense": 1803000.0,
        "Normalized Income": -17667930.0,
        "Net Income From Continuing And Discontinued Operation": -68571000.0,
        "Total Expenses": 22166000.0,
        "Total Operating Income As Reported": -8808000.0,
        "Diluted Average Shares": 37226906.0,
        "Basic Average Shares": 37226906.0,
        "Diluted EPS": -1.841974,
        "Basic EPS": -1.841974,
        "Diluted NI Availto Com Stockholders": -68571000.0,
        "Net Income Common Stockholders": -68571000.0,
        "Net Income": -68571000.0,
        "Net Income Including Noncontrolling Interests": -68572000.0,
        "Net Income Continuous Operations": -68572000.0,
        "Tax Provision": 24000.0,
        "Pretax Income": -68548000.0,
        "Other Income Expense": -61227000.0,
        "Other Non Operating Income Expenses": 102000.0,
        "Gain On Sale Of Security": -61329000.0,
        "Net Non Operating Interest Income Expense": -1803000.0,
        "Interest Expense Non Operating": 1803000.0,
        "Operating Income": -5516000.0,
        "Operating Expense": 14988000.0,
        "Other Operating Expenses": 1722000.0,
        "Selling General And Administration": 13266000.0,
        "Selling And Marketing Expense": 3925000.0,
        "General And Administrative Expense": 9341000.0,
        "Other Gand A": 4867000.0,
        "Salaries And Wages": 4474000.0,
        "Gross Profit": 9472000.0,
        "Cost Of Revenue": 7178000.0,
        "Total Revenue": 16650000.0,
        "Operating Revenue": 16650000.0
    },
    "2023-09-30": {
        "Tax Effect Of Unusual Items": -254150.0,
        "Tax Rate For Calcs": 0.17,
        "Normalized EBITDA": -3881000.0,
        "Total Unusual Items": -1495000.0,
        "Total Unusual Items Excluding Goodwill": -1495000.0,
        "Net Income From Continuing Operation Net Minority Interest": -7204000.0,
        "Reconciled Cost Of Revenue": 10675000.0,
        "EBITDA": -5376000.0,
        "EBIT": -5376000.0,
        "Net Interest Income": -1802000.0,
        "Interest Expense": 1802000.0,
        "Normalized Income": -5963150.0,
        "Net Income From Continuing And Discontinued Operation": -7204000.0,
        "Total Expenses": 23671000.0,
        "Total Operating Income As Reported": -5925000.0,
        "Diluted Average Shares": 37226906.0,
        "Basic Average Shares": 37226906.0,
        "Diluted EPS": -0.193516,
        "Basic EPS": -0.193516,
        "Diluted NI Availto Com Stockholders": -7204000.0,
        "Net Income Common Stockholders": -7204000.0,
        "Net Income": -7204000.0,
        "Net Income Including Noncontrolling Interests": -7203000.0,
        "Net Income Continuous Operations": -7203000.0,
        "Tax Provision": 25000.0,
        "Pretax Income": -7178000.0,
        "Other Income Expense": -1427000.0,
        "Other Non Operating Income Expenses": 68000.0,
        "Gain On Sale Of Security": -1495000.0,
        "Net Non Operating Interest Income Expense": -1802000.0,
        "Interest Expense Non Operating": 1802000.0,
        "Operating Income": -3950000.0,
        "Operating Expense": 12996000.0,
        "Other Operating Expenses": 1815000.0,
        "Selling General And Administration": 11181000.0,
        "Selling And Marketing Expense": 3646000.0,
        "General And Administrative Expense": 7535000.0,
        "Other Gand A": 2747000.0,
        "Salaries And Wages": 4788000.0,
        "Gross Profit": 9046000.0,
        "Cost Of Revenue": 10675000.0,
        "Total Revenue": 19721000.0,
        "Operating Revenue": 19721000.0
    },
    "2022-09-30": {
        "Tax Effect Of Unusual Items": -62136.694021,
        "Tax Rate For Calcs": 0.015358,
        "Normalized EBITDA": -11687000.0,
        "Total Unusual Items": -4046000.0,
        "Total Unusual Items Excluding Goodwill": -4046000.0,
        "Net Income From Continuing Operation Net Minority Interest": -16798000.0,
        "Reconciled Cost Of Revenue": 8967000.0,
        "EBITDA": -15733000.0,
        "EBIT": -15733000.0,
        "Net Interest Income": -1327000.0,
        "Interest Expense": 1327000.0,
        "Normalized Income": -12814136.694021,
        "Net Income From Continuing And Discontinued Operation": -16798000.0,
        "Total Expenses": 29288000.0,
        "Total Operating Income As Reported": -17509000.0,
        "Diluted Average Shares": 37226906.0,
        "Basic Average Shares": 37226906.0,
        "Diluted EPS": -0.451233,
        "Basic EPS": -0.451233,
        "Diluted NI Availto Com Stockholders": -16798000.0,
        "Net Income Common Stockholders": -16798000.0,
        "Net Income": -16798000.0,
        "Net Income Including Noncontrolling Interests": -16798000.0,
        "Net Income Continuous Operations": -16798000.0,
        "Tax Provision": -262000.0,
        "Pretax Income": -17060000.0,
        "Other Income Expense": -3777000.0,
        "Other Non Operating Income Expenses": 269000.0,
        "Gain On Sale Of Security": -4046000.0,
        "Net Non Operating Interest Income Expense": -1327000.0,
        "Interest Expense Non Operating": 1327000.0,
        "Operating Income": -11956000.0,
        "Operating Expense": 20321000.0,
        "Other Operating Expenses": 1575000.0,
        "Selling General And Administration": 18746000.0,
        "Selling And Marketing Expense": 3251000.0,
        "General And Administrative Expense": 15495000.0,
        "Other Gand A": 7110000.0,
        "Salaries And Wages": 8385000.0,
        "Gross Profit": 8365000.0,
        "Cost Of Revenue": 8967000.0,
        "Total Revenue": 17332000.0,
        "Operating Revenue": 17332000.0
    },
    "2023-12-31": {
        "Tax Effect Of Unusual Items": 837736.71,
        "Tax Rate For Calcs": 0.17,
        "Normalized EBITDA": -85567395.0,
        "Total Unusual Items": 4927863.0,
        "Total Unusual Items Excluding Goodwill": 4927863.0,
        "Net Income From Continuing Operation Net Minority Interest": -94295513.0,
        "Reconciled Cost Of Revenue": 16732982.0,
        "EBITDA": -80639532.0,
        "EBIT": -80639532.0,
        "Net Interest Income": -12784504.0,
        "Interest Expense": 13652998.0,
        "Normalized Income": -98385639.29,
        "Net Income From Continuing And Discontinued Operation": -94295513.0,
        "Total Expenses": 111720291.0,
        "Total Operating Income As Reported": -14361427.0,
        "Diluted Average Shares": 33677143.0,
        "Basic Average Shares": 33677143.0,
        "Diluted EPS": -2.8,
        "Basic EPS": -2.8,
        "Diluted NI Availto Com Stockholders": -94295513.0,
        "Net Income Common Stockholders": -94295513.0,
        "Net Income": -94295513.0,
        "Net Income Including Noncontrolling Interests": -94295513.0,
        "Net Income Continuous Operations": -94295513.0,
        "Tax Provision": 2983.0,
        "Pretax Income": -94292530.0,
        "Other Income Expense": 4682184.0,
        "Other Non Operating Income Expenses": -245679.0,
        "Gain On Sale Of Security": 4924173.0,
        "Net Non Operating Interest Income Expense": -12784504.0,
        "Interest Expense Non Operating": 13652998.0,
        "Operating Income": -86191210.0,
        "Operating Expense": 94987309.0,
        "Other Operating Expenses": 4450437.0,
        "Selling General And Administration": 90536872.0,
        "Selling And Marketing Expense": 5110958.0,
        "General And Administrative Expense": 85425914.0,
        "Other Gand A": 7863243.0,
        "Salaries And Wages": 77562671.0,
        "Gross Profit": 8796099.0,
        "Cost Of Revenue": 16732982.0,
        "Total Revenue": 25529081.0,
        "Operating Revenue": 25529081.0
    },
    "2022-12-31": {
        "Tax Effect Of Unusual Items": NaN,
        "Tax Rate For Calcs": NaN,
        "Normalized EBITDA": NaN,
        "Total Unusual Items": 7438376.0,
        "Total Unusual Items Excluding Goodwill": 7438376.0,
        "Net Income From Continuing Operation Net Minority Interest": NaN,
        "Reconciled Cost Of Revenue": 8120248.0,
        "EBITDA": NaN,
        "EBIT": NaN,
        "Net Interest Income": -974554.0,
        "Interest Expense": 998413.0,
        "Normalized Income": NaN,
        "Net Income From Continuing And Discontinued Operation": NaN,
        "Total Expenses": NaN,
        "Total Operating Income As Reported": -1355022.0,
        "Diluted Average Shares": NaN,
        "Basic Average Shares": NaN,
        "Diluted EPS": NaN,
        "Basic EPS": NaN,
        "Diluted NI Availto Com Stockholders": NaN,
        "Net Income Common Stockholders": NaN,
        "Net Income": NaN,
        "Net Income Including Noncontrolling Interests": NaN,
        "Net Income Continuous Operations": NaN,
        "Tax Provision": NaN,
        "Pretax Income": NaN,
        "Other Income Expense": 6651272.0,
        "Other Non Operating Income Expenses": -787104.0,
        "Gain On Sale Of Security": 7298806.0,
        "Net Non Operating Interest Income Expense": -974554.0,
        "Interest Expense Non Operating": 998413.0,
        "Operating Income": NaN,
        "Operating Expense": NaN,
        "Other Operating Expenses": 1875254.0,
        "Selling General And Administration": NaN,
        "Selling And Marketing Expense": 3246378.0,
        "General And Administrative Expense": NaN,
        "Other Gand A": NaN,
        "Salaries And Wages": 9080879.0,
        "Gross Profit": 9117008.0,
        "Cost Of Revenue": 8120248.0,
        "Total Revenue": NaN,
        "Operating Revenue": NaN
    },
    "2024-03-31": {
        "Tax Effect Of Unusual Items": -927860.0,
        "Tax Rate For Calcs": 0.17,
        "Normalized EBITDA": -7582000.0,
        "Total Unusual Items": -5458000.0,
        "Total Unusual Items Excluding Goodwill": -5458000.0,
        "Net Income From Continuing Operation Net Minority Interest": -13100000.0,
        "Reconciled Cost Of Revenue": 14106000.0,
        "EBITDA": -13040000.0,
        "EBIT": -13040000.0,
        "Net Interest Income": -8000.0,
        "Interest Expense": 8000.0,
        "Normalized Income": -8569860.0,
        "Net Income From Continuing And Discontinued Operation": -13100000.0,
        "Total Expenses": 30354000.0,
        "Total Operating Income As Reported": -12291000.0,
        "Diluted Average Shares": 43666667.0,
        "Basic Average Shares": 43666667.0,
        "Diluted EPS": -0.3,
        "Basic EPS": -0.3,
        "Diluted NI Availto Com Stockholders": -13100000.0,
        "Net Income Common Stockholders": -13100000.0,
        "Net Income": -13100000.0,
        "Net Income Including Noncontrolling Interests": -13100000.0,
        "Net Income Continuous Operations": -13100000.0,
        "Tax Provision": 52000.0,
        "Pretax Income": -13048000.0,
        "Other Income Expense": -4861000.0,
        "Other Non Operating Income Expenses": 597000.0,
        "Gain On Sale Of Security": -5458000.0,
        "Net Non Operating Interest Income Expense": -8000.0,
        "Interest Expense Non Operating": 8000.0,
        "Operating Income": -8179000.0,
        "Operating Expense": 16248000.0,
        "Other Operating Expenses": 1851000.0,
        "Selling General And Administration": 14397000.0,
        "Selling And Marketing Expense": 6132000.0,
        "General And Administrative Expense": 8265000.0,
        "Other Gand A": 2387000.0,
        "Salaries And Wages": 5878000.0,
        "Gross Profit": 8069000.0,
        "Cost Of Revenue": 14106000.0,
        "Total Revenue": 22175000.0,
        "Operating Revenue": 22175000.0
    },
    "2023-03-31": {
        "Tax Effect Of Unusual Items": 207910.0,
        "Tax Rate For Calcs": 0.17,
        "Normalized EBITDA": -1976000.0,
        "Total Unusual Items": 1223000.0,
        "Total Unusual Items Excluding Goodwill": 1223000.0,
        "Net Income From Continuing Operation Net Minority Interest": -2530000.0,
        "Reconciled Cost Of Revenue": 8476000.0,
        "EBITDA": -753000.0,
        "EBIT": -753000.0,
        "Net Interest Income": -1766000.0,
        "Interest Expense": 1766000.0,
        "Normalized Income": -3545090.0,
        "Net Income From Continuing And Discontinued Operation": -2530000.0,
        "Total Expenses": 19907000.0,
        "Total Operating Income As Reported": -883000.0,
        "Diluted Average Shares": 37226906.0,
        "Basic Average Shares": 37226906.0,
        "Diluted EPS": -0.067962,
        "Basic EPS": -0.067962,
        "Diluted NI Availto Com Stockholders": -2530000.0,
        "Net Income Common Stockholders": -2530000.0,
        "Net Income": -2530000.0,
        "Net Income Including Noncontrolling Interests": -2530000.0,
        "Net Income Continuous Operations": -2530000.0,
        "Tax Provision": 11000.0,
        "Pretax Income": -2519000.0,
        "Other Income Expense": 1252000.0,
        "Other Non Operating Income Expenses": 29000.0,
        "Gain On Sale Of Security": 1223000.0,
        "Net Non Operating Interest Income Expense": -1766000.0,
        "Interest Expense Non Operating": 1766000.0,
        "Operating Income": -2005000.0,
        "Operating Expense": 11431000.0,
        "Other Operating Expenses": 1534000.0,
        "Selling General And Administration": 9897000.0,
        "Selling And Marketing Expense": 3563000.0,
        "General And Administrative Expense": 6334000.0,
        "Other Gand A": 1249000.0,
        "Salaries And Wages": 5085000.0,
        "Gross Profit": 9426000.0,
        "Cost Of Revenue": 8476000.0,
        "Total Revenue": 17902000.0,
        "Operating Revenue": 17902000.0
    },
    "2024-06-30": {
        "Tax Effect Of Unusual Items": -125630.0,
        "Tax Rate For Calcs": 0.17,
        "Normalized EBITDA": -11473000.0,
        "Total Unusual Items": -739000.0,
        "Total Unusual Items Excluding Goodwill": -739000.0,
        "Net Income From Continuing Operation Net Minority Interest": -12223000.0,
        "Reconciled Cost Of Revenue": 13795000.0,
        "EBITDA": -12212000.0,
        "EBIT": -12212000.0,
        "Net Interest Income": -5000.0,
        "Interest Expense": 5000.0,
        "Normalized Income": -11609630.0,
        "Net Income From Continuing And Discontinued Operation": -12223000.0,
        "Total Expenses": 32504000.0,
        "Total Operating Income As Reported": -13679000.0,
        "Diluted Average Shares": 40743333.0,
        "Basic Average Shares": 40743333.0,
        "Diluted EPS": -0.3,
        "Basic EPS": -0.3,
        "Diluted NI Availto Com Stockholders": -12223000.0,
        "Net Income Common Stockholders": -12223000.0,
        "Net Income": -12223000.0,
        "Net Income Including Noncontrolling Interests": -12222000.0,
        "Net Income Continuous Operations": -12222000.0,
        "Tax Provision": 5000.0,
        "Pretax Income": -12217000.0,
        "Other Income Expense": -382000.0,
        "Other Non Operating Income Expenses": 357000.0,
        "Gain On Sale Of Security": -739000.0,
        "Net Non Operating Interest Income Expense": -5000.0,
        "Interest Expense Non Operating": 5000.0,
        "Operating Income": -11830000.0,
        "Operating Expense": 18709000.0,
        "Other Operating Expenses": 2194000.0,
        "Selling General And Administration": 16515000.0,
        "Selling And Marketing Expense": 6581000.0,
        "General And Administrative Expense": 9934000.0,
        "Other Gand A": 3222000.0,
        "Salaries And Wages": 6712000.0,
        "Gross Profit": 6879000.0,
        "Cost Of Revenue": 13795000.0,
        "Total Revenue": 20674000.0,
        "Operating Revenue": 20674000.0
    },
    "2024-09-30": {
        "Tax Effect Of Unusual Items": 64835.766423,
        "Tax Rate For Calcs": 0.005735,
        "Normalized EBITDA": -5547000.0,
        "Total Unusual Items": 11305000.0,
        "Total Unusual Items Excluding Goodwill": 11305000.0,
        "Net Income From Continuing Operation Net Minority Interest": 5721000.0,
        "Reconciled Cost Of Revenue": 12246000.0,
        "EBITDA": 5758000.0,
        "EBIT": 5758000.0,
        "Net Interest Income": -4000.0,
        "Interest Expense": 4000.0,
        "Normalized Income": -5519164.233577,
        "Net Income From Continuing And Discontinued Operation": 5721000.0,
        "Total Expenses": 27384000.0,
        "Total Operating Income As Reported": 3652000.0,
        "Diluted Average Shares": 40960787.0,
        "Basic Average Shares": 40960787.0,
        "Diluted EPS": 0.1,
        "Basic EPS": 0.1,
        "Diluted NI Availto Com Stockholders": 5721000.0,
        "Net Income Common Stockholders": 5721000.0,
        "Net Income": 5721000.0,
        "Net Income Including Noncontrolling Interests": 5721000.0,
        "Net Income Continuous Operations": 5721000.0,
        "Tax Provision": 33000.0,
        "Pretax Income": 5754000.0,
        "Other Income Expense": 12202000.0,
        "Other Non Operating Income Expenses": 897000.0,
        "Gain On Sale Of Security": 11305000.0,
        "Net Non Operating Interest Income Expense": -4000.0,
        "Interest Expense Non Operating": 4000.0,
        "Operating Income": -6445000.0,
        "Operating Expense": 15138000.0,
        "Other Operating Expenses": 1984000.0,
        "Selling General And Administration": 13154000.0,
        "Selling And Marketing Expense": 4951000.0,
        "General And Administrative Expense": 8203000.0,
        "Other Gand A": 2480000.0,
        "Salaries And Wages": 5723000.0,
        "Gross Profit": 8693000.0,
        "Cost Of Revenue": 12246000.0,
        "Total Revenue": 20939000.0,
        "Operating Revenue": 20939000.0
    }
}