{
    "2023-03-31": {
        "Tax Effect Of Unusual Items": NaN,
        "Tax Rate For Calcs": NaN,
        "Normalized EBITDA": NaN,
        "Total Unusual Items": NaN,
        "Total Unusual Items Excluding Goodwill": NaN,
        "Net Income From Continuing Operation Net Minority Interest": NaN,
        "Reconciled Depreciation": NaN,
        "Reconciled Cost Of Revenue": NaN,
        "EBITDA": NaN,
        "EBIT": NaN,
        "Net Interest Income": NaN,
        "Interest Expense": NaN,
        "Normalized Income": NaN,
        "Net Income From Continuing And Discontinued Operation": NaN,
        "Total Expenses": NaN,
        "Total Operating Income As Reported": NaN,
        "Diluted Average Shares": NaN,
        "Basic Average Shares": NaN,
        "Diluted EPS": NaN,
        "Basic EPS": NaN,
        "Diluted NI Availto Com Stockholders": NaN,
        "Net Income Common Stockholders": NaN,
        "Otherunder Preferred Stock Dividend": NaN,
        "Net Income": NaN,
        "Net Income Including Noncontrolling Interests": NaN,
        "Net Income Continuous Operations": NaN,
        "Tax Provision": NaN,
        "Pretax Income": NaN,
        "Other Income Expense": NaN,
        "Other Non Operating Income Expenses": 31000000.0,
        "Special Income Charges": NaN,
        "Write Off": NaN,
        "Restructuring And Mergern Acquisition": NaN,
        "Earnings From Equity Interest": NaN,
        "Net Non Operating Interest Income Expense": NaN,
        "Interest Expense Non Operating": NaN,
        "Operating Income": NaN,
        "Operating Expense": NaN,
        "Selling General And Administration": NaN,
        "Selling And Marketing Expense": NaN,
        "General And Administrative Expense": 541000000.0,
        "Other Gand A": 572000000.0,
        "Salaries And Wages": -31000000.0,
        "Gross Profit": NaN,
        "Cost Of Revenue": NaN,
        "Total Revenue": NaN,
        "Excise Taxes": NaN,
        "Operating Revenue": NaN
    },
    "2022-12-31": {
        "Tax Effect Of Unusual Items": NaN,
        "Tax Rate For Calcs": NaN,
        "Normalized EBITDA": NaN,
        "Total Unusual Items": -1000000.0,
        "Total Unusual Items Excluding Goodwill": -1000000.0,
        "Net Income From Continuing Operation Net Minority Interest": NaN,
        "Reconciled Depreciation": NaN,
        "Reconciled Cost Of Revenue": NaN,
        "EBITDA": NaN,
        "EBIT": NaN,
        "Net Interest Income": NaN,
        "Interest Expense": NaN,
        "Normalized Income": NaN,
        "Net Income From Continuing And Discontinued Operation": NaN,
        "Total Expenses": NaN,
        "Total Operating Income As Reported": NaN,
        "Diluted Average Shares": NaN,
        "Basic Average Shares": NaN,
        "Diluted EPS": NaN,
        "Basic EPS": NaN,
        "Diluted NI Availto Com Stockholders": NaN,
        "Net Income Common Stockholders": NaN,
        "Otherunder Preferred Stock Dividend": NaN,
        "Net Income": NaN,
        "Minority Interests": 0.0,
        "Net Income Including Noncontrolling Interests": NaN,
        "Net Income Continuous Operations": NaN,
        "Tax Provision": NaN,
        "Pretax Income": NaN,
        "Other Income Expense": NaN,
        "Other Non Operating Income Expenses": 47000000.0,
        "Special Income Charges": 0.0,
        "Write Off": NaN,
        "Restructuring And Mergern Acquisition": NaN,
        "Earnings From Equity Interest": NaN,
        "Gain On Sale Of Security": -1000000.0,
        "Net Non Operating Interest Income Expense": NaN,
        "Interest Expense Non Operating": NaN,
        "Operating Income": NaN,
        "Operating Expense": NaN,
        "Selling General And Administration": NaN,
        "Selling And Marketing Expense": NaN,
        "General And Administrative Expense": NaN,
        "Other Gand A": NaN,
        "Salaries And Wages": NaN,
        "Gross Profit": NaN,
        "Cost Of Revenue": NaN,
        "Total Revenue": NaN,
        "Excise Taxes": NaN,
        "Operating Revenue": NaN
    },
    "2022-09-30": {
        "Tax Effect Of Unusual Items": NaN,
        "Tax Rate For Calcs": NaN,
        "Normalized EBITDA": NaN,
        "Total Unusual Items": 0.0,
        "Total Unusual Items Excluding Goodwill": 0.0,
        "Net Income From Continuing Operation Net Minority Interest": NaN,
        "Reconciled Depreciation": NaN,
        "Reconciled Cost Of Revenue": NaN,
        "EBITDA": NaN,
        "EBIT": NaN,
        "Net Interest Income": NaN,
        "Interest Expense": NaN,
        "Normalized Income": NaN,
        "Net Income From Continuing And Discontinued Operation": NaN,
        "Total Expenses": NaN,
        "Total Operating Income As Reported": NaN,
        "Diluted Average Shares": 1799000000.0,
        "Basic Average Shares": 1799000000.0,
        "Diluted EPS": 0.12,
        "Basic EPS": 0.12,
        "Diluted NI Availto Com Stockholders": NaN,
        "Net Income Common Stockholders": NaN,
        "Otherunder Preferred Stock Dividend": NaN,
        "Net Income": NaN,
        "Minority Interests": 0.0,
        "Net Income Including Noncontrolling Interests": NaN,
        "Net Income Continuous Operations": NaN,
        "Tax Provision": NaN,
        "Pretax Income": NaN,
        "Other Income Expense": NaN,
        "Other Non Operating Income Expenses": 44000000.0,
        "Special Income Charges": 0.0,
        "Earnings From Equity Interest": NaN,
        "Gain On Sale Of Security": NaN,
        "Net Non Operating Interest Income Expense": NaN,
        "Interest Expense Non Operating": NaN,
        "Operating Income": NaN,
        "Operating Expense": NaN,
        "Selling General And Administration": NaN,
        "Selling And Marketing Expense": 585000000.0,
        "General And Administrative Expense": -44000000.0,
        "Other Gand A": NaN,
        "Salaries And Wages": -44000000.0,
        "Gross Profit": NaN,
        "Cost Of Revenue": NaN,
        "Total Revenue": NaN,
        "Excise Taxes": NaN,
        "Operating Revenue": NaN
    },
    "2022-06-30": {
        "Tax Effect Of Unusual Items": -1600000.0,
        "Tax Rate For Calcs": 0.4,
        "Normalized EBITDA": 1946000000.0,
        "Total Unusual Items": -4000000.0,
        "Total Unusual Items Excluding Goodwill": -4000000.0,
        "Net Income From Continuing Operation Net Minority Interest": 891000000.0,
        "Reconciled Depreciation": 57000000.0,
        "Reconciled Cost Of Revenue": 1708000000.0,
        "EBITDA": 1942000000.0,
        "EBIT": 1885000000.0,
        "Net Interest Income": -280000000.0,
        "Interest Expense": 280000000.0,
        "Normalized Income": 893400000.0,
        "Net Income From Continuing And Discontinued Operation": 891000000.0,
        "Total Expenses": 2269000000.0,
        "Total Operating Income As Reported": 3105000000.0,
        "Diluted Average Shares": 1809000000.0,
        "Basic Average Shares": 1809000000.0,
        "Diluted EPS": 0.49,
        "Basic EPS": 0.49,
        "Diluted NI Availto Com Stockholders": 889000000.0,
        "Net Income Common Stockholders": 889000000.0,
        "Otherunder Preferred Stock Dividend": 2000000.0,
        "Net Income": 891000000.0,
        "Minority Interests": 0.0,
        "Net Income Including Noncontrolling Interests": 891000000.0,
        "Net Income Continuous Operations": 891000000.0,
        "Tax Provision": 714000000.0,
        "Pretax Income": 1605000000.0,
        "Other Income Expense": -1220000000.0,
        "Other Non Operating Income Expenses": 47000000.0,
        "Special Income Charges": 0.0,
        "Earnings From Equity Interest": -1263000000.0,
        "Gain On Sale Of Security": -4000000.0,
        "Net Non Operating Interest Income Expense": -280000000.0,
        "Interest Expense Non Operating": 280000000.0,
        "Operating Income": 3105000000.0,
        "Operating Expense": 561000000.0,
        "Depreciation Amortization Depletion Income Statement": NaN,
        "Depreciation And Amortization In Income Statement": NaN,
        "Amortization": NaN,
        "Amortization Of Intangibles Income Statement": NaN,
        "Selling General And Administration": 561000000.0,
        "Selling And Marketing Expense": NaN,
        "General And Administrative Expense": NaN,
        "Other Gand A": NaN,
        "Gross Profit": 3666000000.0,
        "Cost Of Revenue": 1708000000.0,
        "Total Revenue": 5374000000.0,
        "Excise Taxes": 1169000000.0,
        "Operating Revenue": 6538000000.0
    },
    "2023-06-30": {
        "Tax Effect Of Unusual Items": NaN,
        "Tax Rate For Calcs": NaN,
        "Normalized EBITDA": NaN,
        "Total Unusual Items": 0.0,
        "Total Unusual Items Excluding Goodwill": 0.0,
        "Net Income From Continuing Operation Net Minority Interest": NaN,
        "Reconciled Depreciation": NaN,
        "Reconciled Cost Of Revenue": NaN,
        "EBITDA": NaN,
        "EBIT": NaN,
        "Net Interest Income": NaN,
        "Interest Expense": NaN,
        "Normalized Income": NaN,
        "Net Income From Continuing And Discontinued Operation": NaN,
        "Total Expenses": NaN,
        "Total Operating Income As Reported": NaN,
        "Diluted Average Shares": 1782000000.0,
        "Basic Average Shares": 1782000000.0,
        "Diluted EPS": 1.19,
        "Basic EPS": 1.19,
        "Diluted NI Availto Com Stockholders": NaN,
        "Net Income Common Stockholders": NaN,
        "Otherunder Preferred Stock Dividend": NaN,
        "Net Income": NaN,
        "Net Income Including Noncontrolling Interests": NaN,
        "Net Income Continuous Operations": NaN,
        "Tax Provision": NaN,
        "Pretax Income": NaN,
        "Other Income Expense": NaN,
        "Other Non Operating Income Expenses": 31000000.0,
        "Special Income Charges": 0.0,
        "Write Off": 0.0,
        "Restructuring And Mergern Acquisition": 0.0,
        "Earnings From Equity Interest": NaN,
        "Net Non Operating Interest Income Expense": NaN,
        "Interest Expense Non Operating": NaN,
        "Operating Income": NaN,
        "Operating Expense": NaN,
        "Selling General And Administration": NaN,
        "Selling And Marketing Expense": 852000000.0,
        "General And Administrative Expense": -31000000.0,
        "Salaries And Wages": -31000000.0,
        "Gross Profit": NaN,
        "Cost Of Revenue": NaN,
        "Total Revenue": NaN,
        "Excise Taxes": NaN,
        "Operating Revenue": NaN
    },
    "2023-09-30": {
        "Tax Effect Of Unusual Items": 0.0,
        "Tax Rate For Calcs": 0.255,
        "Normalized EBITDA": 3260000000.0,
        "Total Unusual Items": 0.0,
        "Total Unusual Items Excluding Goodwill": 0.0,
        "Net Income From Continuing Operation Net Minority Interest": 2166000000.0,
        "Reconciled Depreciation": 80000000.0,
        "Reconciled Cost Of Revenue": 1578000000.0,
        "EBITDA": 3260000000.0,
        "EBIT": 3180000000.0,
        "Net Interest Income": -272000000.0,
        "Interest Expense": 272000000.0,
        "Normalized Income": 2166000000.0,
        "Net Income From Continuing And Discontinued Operation": 2166000000.0,
        "Total Expenses": 2155000000.0,
        "Total Operating Income As Reported": 3089000000.0,
        "Diluted Average Shares": 1773000000.0,
        "Basic Average Shares": 1769880820.0,
        "Diluted EPS": 1.22,
        "Basic EPS": 1.223811,
        "Diluted NI Availto Com Stockholders": 2161000000.0,
        "Net Income Common Stockholders": 2161000000.0,
        "Otherunder Preferred Stock Dividend": 5000000.0,
        "Net Income": 2166000000.0,
        "Net Income Including Noncontrolling Interests": 2166000000.0,
        "Net Income Continuous Operations": 2166000000.0,
        "Tax Provision": 742000000.0,
        "Pretax Income": 2908000000.0,
        "Other Income Expense": 58000000.0,
        "Other Non Operating Income Expenses": NaN,
        "Special Income Charges": 0.0,
        "Write Off": 0.0,
        "Restructuring And Mergern Acquisition": 0.0,
        "Earnings From Equity Interest": 58000000.0,
        "Net Non Operating Interest Income Expense": -272000000.0,
        "Interest Expense Non Operating": 272000000.0,
        "Operating Income": 3122000000.0,
        "Operating Expense": 577000000.0,
        "Selling General And Administration": 577000000.0,
        "Selling And Marketing Expense": 610000000.0,
        "General And Administrative Expense": -33000000.0,
        "Salaries And Wages": -33000000.0,
        "Gross Profit": 3699000000.0,
        "Cost Of Revenue": 1578000000.0,
        "Total Revenue": 5277000000.0,
        "Excise Taxes": 1004000000.0,
        "Operating Revenue": 6257000000.0
    },
    "2023-12-31": {
        "Tax Effect Of Unusual Items": 0.0,
        "Tax Rate For Calcs": 0.246801,
        "Normalized EBITDA": 3204000000.0,
        "Total Unusual Items": NaN,
        "Total Unusual Items Excluding Goodwill": NaN,
        "Net Income From Continuing Operation Net Minority Interest": 2060000000.0,
        "Reconciled Depreciation": 78000000.0,
        "Reconciled Cost Of Revenue": 1525000000.0,
        "EBITDA": 3204000000.0,
        "EBIT": 3126000000.0,
        "Net Interest Income": -231000000.0,
        "Interest Expense": 391000000.0,
        "Normalized Income": 2060000000.0,
        "Net Income From Continuing And Discontinued Operation": 2060000000.0,
        "Total Expenses": 2323000000.0,
        "Total Operating Income As Reported": 2796000000.0,
        "Diluted Average Shares": NaN,
        "Basic Average Shares": NaN,
        "Diluted EPS": NaN,
        "Basic EPS": NaN,
        "Diluted NI Availto Com Stockholders": 2055000000.0,
        "Net Income Common Stockholders": 2055000000.0,
        "Otherunder Preferred Stock Dividend": 5000000.0,
        "Net Income": 2060000000.0,
        "Net Income Including Noncontrolling Interests": 2060000000.0,
        "Net Income Continuous Operations": 2060000000.0,
        "Tax Provision": 675000000.0,
        "Pretax Income": 2735000000.0,
        "Other Income Expense": 265000000.0,
        "Other Non Operating Income Expenses": NaN,
        "Special Income Charges": NaN,
        "Write Off": NaN,
        "Restructuring And Mergern Acquisition": NaN,
        "Earnings From Equity Interest": 138000000.0,
        "Net Non Operating Interest Income Expense": -231000000.0,
        "Interest Expense Non Operating": 391000000.0,
        "Operating Income": 2701000000.0,
        "Operating Expense": 798000000.0,
        "Selling General And Administration": 798000000.0,
        "Selling And Marketing Expense": NaN,
        "General And Administrative Expense": NaN,
        "Salaries And Wages": NaN,
        "Gross Profit": 3499000000.0,
        "Cost Of Revenue": 1525000000.0,
        "Total Revenue": 5024000000.0,
        "Excise Taxes": 951000000.0,
        "Operating Revenue": 6008000000.0
    },
    "2024-03-31": {
        "Tax Effect Of Unusual Items": 0.0,
        "Tax Rate For Calcs": 0.223,
        "Normalized EBITDA": 3058000000.0,
        "Total Unusual Items": NaN,
        "Total Unusual Items Excluding Goodwill": NaN,
        "Net Income From Continuing Operation Net Minority Interest": 2129000000.0,
        "Reconciled Depreciation": 65000000.0,
        "Reconciled Cost Of Revenue": 1437000000.0,
        "EBITDA": 3058000000.0,
        "EBIT": 2993000000.0,
        "Net Interest Income": -254000000.0,
        "Interest Expense": 254000000.0,
        "Normalized Income": 2129000000.0,
        "Net Income From Continuing And Discontinued Operation": 2129000000.0,
        "Total Expenses": 2043000000.0,
        "Total Operating Income As Reported": 2674000000.0,
        "Diluted Average Shares": 1758000000.0,
        "Basic Average Shares": 1758000000.0,
        "Diluted EPS": 1.21,
        "Basic EPS": 1.21,
        "Diluted NI Availto Com Stockholders": 2124000000.0,
        "Net Income Common Stockholders": 2124000000.0,
        "Otherunder Preferred Stock Dividend": 5000000.0,
        "Net Income": 2129000000.0,
        "Net Income Including Noncontrolling Interests": 2129000000.0,
        "Net Income Continuous Operations": 2129000000.0,
        "Tax Provision": 610000000.0,
        "Pretax Income": 2739000000.0,
        "Other Income Expense": 319000000.0,
        "Other Non Operating Income Expenses": 24000000.0,
        "Special Income Charges": NaN,
        "Write Off": NaN,
        "Restructuring And Mergern Acquisition": NaN,
        "Earnings From Equity Interest": 295000000.0,
        "Net Non Operating Interest Income Expense": -254000000.0,
        "Interest Expense Non Operating": 254000000.0,
        "Operating Income": 2674000000.0,
        "Operating Expense": 606000000.0,
        "Selling General And Administration": 606000000.0,
        "Selling And Marketing Expense": 606000000.0,
        "General And Administrative Expense": NaN,
        "Salaries And Wages": NaN,
        "Gross Profit": 3280000000.0,
        "Cost Of Revenue": 1437000000.0,
        "Total Revenue": 4717000000.0,
        "Excise Taxes": 859000000.0,
        "Operating Revenue": 5557000000.0
    },
    "2024-06-30": {
        "Tax Effect Of Unusual Items": 602922000.0,
        "Tax Rate For Calcs": 0.257,
        "Normalized EBITDA": 3105000000.0,
        "Total Unusual Items": 2346000000.0,
        "Total Unusual Items Excluding Goodwill": 2346000000.0,
        "Net Income From Continuing Operation Net Minority Interest": 3803000000.0,
        "Reconciled Depreciation": 74000000.0,
        "Reconciled Cost Of Revenue": 1602000000.0,
        "EBITDA": 5451000000.0,
        "EBIT": 5377000000.0,
        "Net Interest Income": -261000000.0,
        "Interest Expense": 261000000.0,
        "Normalized Income": 2059922000.0,
        "Net Income From Continuing And Discontinued Operation": 3803000000.0,
        "Total Expenses": 2365000000.0,
        "Total Operating Income As Reported": 2533000000.0,
        "Diluted Average Shares": 1718000000.0,
        "Basic Average Shares": 1718000000.0,
        "Diluted EPS": 2.21,
        "Basic EPS": 2.21,
        "Diluted NI Availto Com Stockholders": 3794000000.0,
        "Net Income Common Stockholders": 3794000000.0,
        "Otherunder Preferred Stock Dividend": 9000000.0,
        "Net Income": 3803000000.0,
        "Net Income Including Noncontrolling Interests": 3803000000.0,
        "Net Income Continuous Operations": 3803000000.0,
        "Tax Provision": 1313000000.0,
        "Pretax Income": 5116000000.0,
        "Other Income Expense": 2465000000.0,
        "Other Non Operating Income Expenses": NaN,
        "Special Income Charges": 2346000000.0,
        "Write Off": 354000000.0,
        "Restructuring And Mergern Acquisition": -2700000000.0,
        "Earnings From Equity Interest": 119000000.0,
        "Net Non Operating Interest Income Expense": -261000000.0,
        "Interest Expense Non Operating": 261000000.0,
        "Operating Income": 2912000000.0,
        "Operating Expense": 763000000.0,
        "Selling General And Administration": 763000000.0,
        "Selling And Marketing Expense": 788000000.0,
        "General And Administrative Expense": -25000000.0,
        "Salaries And Wages": -25000000.0,
        "Gross Profit": 3675000000.0,
        "Cost Of Revenue": 1602000000.0,
        "Total Revenue": 5277000000.0,
        "Excise Taxes": 932000000.0,
        "Operating Revenue": 6206000000.0
    },
    "2024-09-30": {
        "Tax Effect Of Unusual Items": 0.0,
        "Tax Rate For Calcs": 0.242,
        "Normalized EBITDA": 3367000000.0,
        "Total Unusual Items": 0.0,
        "Total Unusual Items Excluding Goodwill": 0.0,
        "Net Income From Continuing Operation Net Minority Interest": 2293000000.0,
        "Reconciled Depreciation": 74000000.0,
        "Reconciled Cost Of Revenue": 1536000000.0,
        "EBITDA": 3367000000.0,
        "EBIT": 3293000000.0,
        "Net Interest Income": -267000000.0,
        "Interest Expense": 267000000.0,
        "Normalized Income": 2293000000.0,
        "Net Income From Continuing And Discontinued Operation": 2293000000.0,
        "Total Expenses": 2167000000.0,
        "Total Operating Income As Reported": 3152000000.0,
        "Diluted Average Shares": 1703000000.0,
        "Basic Average Shares": 1703000000.0,
        "Diluted EPS": 1.34,
        "Basic EPS": 1.34,
        "Diluted NI Availto Com Stockholders": 2287000000.0,
        "Net Income Common Stockholders": 2287000000.0,
        "Otherunder Preferred Stock Dividend": 6000000.0,
        "Net Income": 2293000000.0,
        "Net Income Including Noncontrolling Interests": 2293000000.0,
        "Net Income Continuous Operations": 2293000000.0,
        "Tax Provision": 733000000.0,
        "Pretax Income": 3026000000.0,
        "Other Income Expense": 116000000.0,
        "Other Non Operating Income Expenses": NaN,
        "Special Income Charges": 0.0,
        "Write Off": 0.0,
        "Restructuring And Mergern Acquisition": 0.0,
        "Earnings From Equity Interest": 116000000.0,
        "Net Non Operating Interest Income Expense": -267000000.0,
        "Interest Expense Non Operating": 267000000.0,
        "Operating Income": 3177000000.0,
        "Operating Expense": 631000000.0,
        "Selling General And Administration": 631000000.0,
        "Selling And Marketing Expense": 656000000.0,
        "General And Administrative Expense": -25000000.0,
        "Salaries And Wages": -25000000.0,
        "Gross Profit": 3808000000.0,
        "Cost Of Revenue": 1536000000.0,
        "Total Revenue": 5344000000.0,
        "Excise Taxes": 915000000.0,
        "Operating Revenue": 6262000000.0
    }
}