{
    "2023-03-31": {
        "Tax Effect Of Unusual Items": 0.0,
        "Tax Rate For Calcs": 0.0,
        "Normalized EBITDA": -3571254.0,
        "Total Unusual Items": 0.0,
        "Total Unusual Items Excluding Goodwill": 0.0,
        "Net Income From Continuing Operation Net Minority Interest": -3571254.0,
        "Reconciled Depreciation": -9598.0,
        "EBITDA": -3571254.0,
        "EBIT": -3571254.0,
        "Net Interest Income": 0.0,
        "Interest Expense": 0.0,
        "Normalized Income": -3571254.0,
        "Net Income From Continuing And Discontinued Operation": -3571254.0,
        "Total Expenses": 3572213.0,
        "Total Operating Income As Reported": -3572213.0,
        "Diluted Average Shares": NaN,
        "Basic Average Shares": NaN,
        "Diluted EPS": NaN,
        "Basic EPS": NaN,
        "Diluted NI Availto Com Stockholders": -3571254.0,
        "Net Income Common Stockholders": -3571254.0,
        "Net Income": -3571254.0,
        "Net Income Including Noncontrolling Interests": -3571254.0,
        "Net Income Continuous Operations": -3571254.0,
        "Tax Provision": 0.0,
        "Pretax Income": -3571254.0,
        "Other Income Expense": 959.0,
        "Other Non Operating Income Expenses": 959.0,
        "Special Income Charges": 0.0,
        "Net Non Operating Interest Income Expense": 0.0,
        "Interest Expense Non Operating": 0.0,
        "Operating Income": -3572213.0,
        "Operating Expense": 3572213.0,
        "Research And Development": 2257675.0,
        "Selling General And Administration": 1314538.0,
        "General And Administrative Expense": 1314538.0,
        "Other Gand A": 1314538.0,
        "Total Revenue": 0.0,
        "Operating Revenue": 0.0
    },
    "2022-12-31": {
        "Tax Effect Of Unusual Items": 0.0,
        "Tax Rate For Calcs": 0.0,
        "Normalized EBITDA": -3325000.0,
        "Total Unusual Items": 0.0,
        "Total Unusual Items Excluding Goodwill": 0.0,
        "Net Income From Continuing Operation Net Minority Interest": -3358000.0,
        "Reconciled Depreciation": 33000.0,
        "EBITDA": -3325000.0,
        "EBIT": -3358000.0,
        "Net Interest Income": 0.0,
        "Interest Expense": 0.0,
        "Normalized Income": -3358000.0,
        "Net Income From Continuing And Discontinued Operation": -3358000.0,
        "Total Expenses": 3358000.0,
        "Total Operating Income As Reported": -3358000.0,
        "Diluted Average Shares": 12274000.0,
        "Basic Average Shares": 12274000.0,
        "Diluted EPS": -0.27,
        "Basic EPS": -0.27,
        "Diluted NI Availto Com Stockholders": -3358000.0,
        "Net Income Common Stockholders": -3358000.0,
        "Net Income": -3358000.0,
        "Net Income Including Noncontrolling Interests": -3358000.0,
        "Net Income Continuous Operations": -3358000.0,
        "Tax Provision": 0.0,
        "Pretax Income": -3358000.0,
        "Other Income Expense": -587.0,
        "Other Non Operating Income Expenses": -587.0,
        "Special Income Charges": 0.0,
        "Net Non Operating Interest Income Expense": 0.0,
        "Interest Expense Non Operating": 0.0,
        "Operating Income": -3358000.0,
        "Operating Expense": 3358000.0,
        "Research And Development": 2197000.0,
        "Selling General And Administration": 1161000.0,
        "General And Administrative Expense": 1161000.0,
        "Other Gand A": 1161000.0,
        "Total Revenue": 0.0,
        "Operating Revenue": 0.0
    },
    "2022-09-30": {
        "Tax Effect Of Unusual Items": NaN,
        "Tax Rate For Calcs": NaN,
        "Normalized EBITDA": NaN,
        "Total Unusual Items": 0.0,
        "Total Unusual Items Excluding Goodwill": 0.0,
        "Net Income From Continuing Operation Net Minority Interest": NaN,
        "Reconciled Depreciation": NaN,
        "EBITDA": NaN,
        "EBIT": NaN,
        "Net Interest Income": 0.0,
        "Interest Expense": 0.0,
        "Normalized Income": NaN,
        "Net Income From Continuing And Discontinued Operation": NaN,
        "Total Expenses": NaN,
        "Total Operating Income As Reported": NaN,
        "Diluted Average Shares": 12263000.0,
        "Basic Average Shares": 12263000.0,
        "Diluted EPS": -0.28,
        "Basic EPS": -0.28,
        "Diluted NI Availto Com Stockholders": NaN,
        "Net Income Common Stockholders": NaN,
        "Net Income": NaN,
        "Net Income Including Noncontrolling Interests": NaN,
        "Net Income Continuous Operations": NaN,
        "Tax Provision": 2000.0,
        "Pretax Income": NaN,
        "Other Income Expense": 1000.0,
        "Other Non Operating Income Expenses": 1000.0,
        "Special Income Charges": 0.0,
        "Net Non Operating Interest Income Expense": 0.0,
        "Interest Expense Non Operating": 0.0,
        "Operating Income": NaN,
        "Operating Expense": NaN,
        "Research And Development": NaN,
        "Selling General And Administration": NaN,
        "General And Administrative Expense": NaN,
        "Other Gand A": NaN,
        "Total Revenue": NaN,
        "Operating Revenue": NaN
    },
    "2022-06-30": {
        "Tax Effect Of Unusual Items": 0.0,
        "Tax Rate For Calcs": 0.0,
        "Normalized EBITDA": -3448435.0,
        "Total Unusual Items": 0.0,
        "Total Unusual Items Excluding Goodwill": 0.0,
        "Net Income From Continuing Operation Net Minority Interest": -3498791.0,
        "Reconciled Depreciation": 50356.0,
        "EBITDA": -3448435.0,
        "EBIT": -3498791.0,
        "Net Interest Income": 0.0,
        "Interest Expense": 0.0,
        "Normalized Income": -3498791.0,
        "Net Income From Continuing And Discontinued Operation": -3498791.0,
        "Total Expenses": 3499090.0,
        "Total Operating Income As Reported": -3499090.0,
        "Diluted Average Shares": 11588000.0,
        "Basic Average Shares": 11588000.0,
        "Diluted EPS": -0.3,
        "Basic EPS": -0.3,
        "Diluted NI Availto Com Stockholders": -3498791.0,
        "Net Income Common Stockholders": -3498791.0,
        "Net Income": -3498791.0,
        "Net Income Including Noncontrolling Interests": -3498791.0,
        "Net Income Continuous Operations": -3498791.0,
        "Tax Provision": NaN,
        "Pretax Income": -3498791.0,
        "Other Income Expense": 299.0,
        "Other Non Operating Income Expenses": 299.0,
        "Special Income Charges": 0.0,
        "Net Non Operating Interest Income Expense": 0.0,
        "Interest Expense Non Operating": 0.0,
        "Operating Income": -3499090.0,
        "Operating Expense": 3499090.0,
        "Research And Development": 2221984.0,
        "Selling General And Administration": 1277106.0,
        "General And Administrative Expense": 1277106.0,
        "Other Gand A": 1277106.0,
        "Total Revenue": 0.0,
        "Operating Revenue": 0.0
    },
    "2022-03-31": {
        "Diluted EPS": -0.52,
        "Total Revenue": NaN,
        "Gross Profit": NaN,
        "Operating Income": -4,
        "EBIT": -4,
        "Net Income": -5
    },
    "2021-12-31": {
        "Diluted EPS": -0.76,
        "Total Revenue": NaN,
        "Gross Profit": NaN,
        "Operating Income": -4,
        "EBIT": -3,
        "Net Income": -5
    },
    "2021-09-30": {
        "Diluted EPS": -0.69,
        "Total Revenue": NaN,
        "Gross Profit": NaN,
        "Operating Income": -4,
        "EBIT": -3,
        "Net Income": -4
    },
    "2021-06-30": {
        "Diluted EPS": -0.77,
        "Total Revenue": NaN,
        "Gross Profit": NaN,
        "Operating Income": -3,
        "EBIT": -3,
        "Net Income": -5
    },
    "2021-03-31": {
        "Diluted EPS": -0.7,
        "Total Revenue": NaN,
        "Gross Profit": NaN,
        "Operating Income": -2,
        "EBIT": -2,
        "Net Income": -2
    },
    "2020-12-31": {
        "Diluted EPS": -0.3,
        "Total Revenue": NaN,
        "Gross Profit": NaN,
        "Operating Income": -2,
        "EBIT": -2,
        "Net Income": -2
    },
    "2020-09-30": {
        "Diluted EPS": -0.1,
        "Total Revenue": NaN,
        "Gross Profit": NaN,
        "Operating Income": -2,
        "EBIT": -2,
        "Net Income": -2
    },
    "2020-06-30": {
        "Diluted EPS": -0.1,
        "Total Revenue": NaN,
        "Gross Profit": NaN,
        "Operating Income": -2,
        "EBIT": -2,
        "Net Income": -2
    },
    "2020-03-31": {
        "Diluted EPS": -0.12,
        "Total Revenue": NaN,
        "Gross Profit": NaN,
        "Operating Income": -2,
        "EBIT": -2,
        "Net Income": -2
    },
    "2019-12-31": {
        "Diluted EPS": -0.06,
        "Total Revenue": NaN,
        "Gross Profit": NaN,
        "Operating Income": -1,
        "EBIT": -1,
        "Net Income": -1
    },
    "2019-09-30": {
        "Diluted EPS": -0.06,
        "Total Revenue": NaN,
        "Gross Profit": NaN,
        "Operating Income": -1,
        "EBIT": -1,
        "Net Income": -1
    },
    "2019-06-30": {
        "Diluted EPS": -0.06,
        "Total Revenue": NaN,
        "Gross Profit": NaN,
        "Operating Income": -1,
        "EBIT": -1,
        "Net Income": -1
    },
    "2019-03-31": {
        "Diluted EPS": -0.06,
        "Total Revenue": NaN,
        "Gross Profit": NaN,
        "Operating Income": -1,
        "EBIT": -1,
        "Net Income": -1
    },
    "2018-12-31": {
        "Diluted EPS": -0.04,
        "Total Revenue": NaN,
        "Gross Profit": NaN,
        "Operating Income": -1,
        "EBIT": -1,
        "Net Income": -1
    },
    "2018-09-30": {
        "Diluted EPS": -0.03,
        "Total Revenue": NaN,
        "Gross Profit": NaN,
        "Operating Income": -1,
        "EBIT": -1,
        "Net Income": -1
    },
    "2018-06-30": {
        "Diluted EPS": -0.02,
        "Total Revenue": NaN,
        "Gross Profit": NaN,
        "Operating Income": 0,
        "EBIT": 0,
        "Net Income": 0
    },
    "2018-03-31": {
        "Diluted EPS": -0.02,
        "Total Revenue": NaN,
        "Gross Profit": NaN,
        "Operating Income": 0,
        "EBIT": 0,
        "Net Income": 0
    },
    "2017-12-31": {
        "Diluted EPS": -0.02,
        "Total Revenue": NaN,
        "Gross Profit": NaN,
        "Operating Income": 0,
        "EBIT": 0,
        "Net Income": 0
    },
    "2017-09-30": {
        "Diluted EPS": -0.01,
        "Total Revenue": NaN,
        "Gross Profit": NaN,
        "Operating Income": 0,
        "EBIT": 0,
        "Net Income": 0
    },
    "2017-06-30": {
        "Diluted EPS": -0.01,
        "Total Revenue": NaN,
        "Gross Profit": NaN,
        "Operating Income": 0,
        "EBIT": 0,
        "Net Income": 0
    },
    "2023-06-30": {
        "Tax Effect Of Unusual Items": 0.0,
        "Tax Rate For Calcs": 0.0,
        "Normalized EBITDA": -3693000.0,
        "Total Unusual Items": NaN,
        "Total Unusual Items Excluding Goodwill": NaN,
        "Net Income From Continuing Operation Net Minority Interest": -3737000.0,
        "Reconciled Depreciation": 58000.0,
        "EBITDA": -3693000.0,
        "EBIT": -3751000.0,
        "Net Interest Income": NaN,
        "Interest Expense": NaN,
        "Normalized Income": -3737000.0,
        "Net Income From Continuing And Discontinued Operation": -3737000.0,
        "Total Expenses": 3751000.0,
        "Total Operating Income As Reported": -3751000.0,
        "Diluted Average Shares": 17099000.0,
        "Basic Average Shares": 17099000.0,
        "Diluted EPS": -0.22,
        "Basic EPS": -0.22,
        "Diluted NI Availto Com Stockholders": -3737000.0,
        "Net Income Common Stockholders": -3737000.0,
        "Net Income": -3737000.0,
        "Net Income Including Noncontrolling Interests": -3737000.0,
        "Net Income Continuous Operations": -3737000.0,
        "Tax Provision": NaN,
        "Pretax Income": -3737000.0,
        "Other Income Expense": 14000.0,
        "Other Non Operating Income Expenses": 14000.0,
        "Special Income Charges": NaN,
        "Net Non Operating Interest Income Expense": NaN,
        "Interest Expense Non Operating": NaN,
        "Operating Income": -3751000.0,
        "Operating Expense": 3751000.0,
        "Research And Development": 2604000.0,
        "Selling General And Administration": 1147000.0,
        "General And Administrative Expense": 1147000.0,
        "Other Gand A": 1147000.0,
        "Total Revenue": 0.0,
        "Operating Revenue": 0.0
    },
    "2023-09-30": {
        "Tax Effect Of Unusual Items": 0.0,
        "Tax Rate For Calcs": 0.21,
        "Normalized EBITDA": -4095000.0,
        "Total Unusual Items": NaN,
        "Total Unusual Items Excluding Goodwill": NaN,
        "Net Income From Continuing Operation Net Minority Interest": -4183000.0,
        "Reconciled Depreciation": 95000.0,
        "EBITDA": -4095000.0,
        "EBIT": -4190000.0,
        "Net Interest Income": NaN,
        "Interest Expense": NaN,
        "Normalized Income": -4183000.0,
        "Net Income From Continuing And Discontinued Operation": -4183000.0,
        "Total Expenses": 4190000.0,
        "Total Operating Income As Reported": -4190000.0,
        "Diluted Average Shares": 22445000.0,
        "Basic Average Shares": 22445000.0,
        "Diluted EPS": -0.19,
        "Basic EPS": -0.19,
        "Diluted NI Availto Com Stockholders": -4183000.0,
        "Net Income Common Stockholders": -4183000.0,
        "Net Income": -4183000.0,
        "Net Income Including Noncontrolling Interests": -4183000.0,
        "Net Income Continuous Operations": -4183000.0,
        "Tax Provision": 2000.0,
        "Pretax Income": -4181000.0,
        "Other Income Expense": 9000.0,
        "Other Non Operating Income Expenses": 9000.0,
        "Special Income Charges": NaN,
        "Net Non Operating Interest Income Expense": NaN,
        "Interest Expense Non Operating": NaN,
        "Operating Income": -4190000.0,
        "Operating Expense": 4190000.0,
        "Research And Development": 2980000.0,
        "Selling General And Administration": 1210000.0,
        "General And Administrative Expense": 1210000.0,
        "Other Gand A": 1210000.0,
        "Total Revenue": 0.0,
        "Operating Revenue": 0.0
    },
    "2023-12-31": {
        "Tax Effect Of Unusual Items": 0.0,
        "Tax Rate For Calcs": 0.0,
        "Normalized EBITDA": -5139000.0,
        "Total Unusual Items": NaN,
        "Total Unusual Items Excluding Goodwill": NaN,
        "Net Income From Continuing Operation Net Minority Interest": -5269000.0,
        "Reconciled Depreciation": 130000.0,
        "EBITDA": -5139000.0,
        "EBIT": -5269000.0,
        "Net Interest Income": NaN,
        "Interest Expense": NaN,
        "Normalized Income": -5269000.0,
        "Net Income From Continuing And Discontinued Operation": -5269000.0,
        "Total Expenses": 5269000.0,
        "Total Operating Income As Reported": -5269000.0,
        "Diluted Average Shares": 22540000.0,
        "Basic Average Shares": 22540000.0,
        "Diluted EPS": -0.23,
        "Basic EPS": -0.23,
        "Diluted NI Availto Com Stockholders": -5269000.0,
        "Net Income Common Stockholders": -5269000.0,
        "Net Income": -5269000.0,
        "Net Income Including Noncontrolling Interests": -5269000.0,
        "Net Income Continuous Operations": -5269000.0,
        "Tax Provision": 0.0,
        "Pretax Income": -5269000.0,
        "Other Income Expense": NaN,
        "Other Non Operating Income Expenses": NaN,
        "Special Income Charges": NaN,
        "Net Non Operating Interest Income Expense": NaN,
        "Interest Expense Non Operating": NaN,
        "Operating Income": -5269000.0,
        "Operating Expense": 5269000.0,
        "Research And Development": 3619000.0,
        "Selling General And Administration": 1650000.0,
        "General And Administrative Expense": 1650000.0,
        "Other Gand A": 1650000.0,
        "Total Revenue": 0.0,
        "Operating Revenue": 0.0
    }
}