{
    "2023-03-31": {
        "Tax Effect Of Unusual Items": NaN,
        "Tax Rate For Calcs": NaN,
        "Normalized EBITDA": NaN,
        "Total Unusual Items": NaN,
        "Total Unusual Items Excluding Goodwill": NaN,
        "Net Income From Continuing Operation Net Minority Interest": NaN,
        "Reconciled Depreciation": NaN,
        "EBITDA": NaN,
        "EBIT": NaN,
        "Net Interest Income": NaN,
        "Interest Expense": NaN,
        "Interest Income": NaN,
        "Normalized Income": NaN,
        "Net Income From Continuing And Discontinued Operation": NaN,
        "Total Expenses": NaN,
        "Total Operating Income As Reported": NaN,
        "Diluted Average Shares": 83748712.0,
        "Basic Average Shares": 83748712.0,
        "Diluted EPS": -0.15,
        "Basic EPS": -0.15,
        "Diluted NI Availto Com Stockholders": NaN,
        "Net Income Common Stockholders": NaN,
        "Otherunder Preferred Stock Dividend": 0.0,
        "Preferred Stock Dividends": NaN,
        "Net Income": NaN,
        "Net Income Including Noncontrolling Interests": NaN,
        "Net Income Continuous Operations": NaN,
        "Tax Provision": NaN,
        "Pretax Income": NaN,
        "Other Income Expense": NaN,
        "Other Non Operating Income Expenses": NaN,
        "Special Income Charges": NaN,
        "Restructuring And Mergern Acquisition": NaN,
        "Gain On Sale Of Security": NaN,
        "Net Non Operating Interest Income Expense": NaN,
        "Interest Expense Non Operating": NaN,
        "Interest Income Non Operating": NaN,
        "Operating Income": NaN,
        "Operating Expense": NaN,
        "Other Operating Expenses": NaN,
        "Provision For Doubtful Accounts": NaN,
        "Depreciation Amortization Depletion Income Statement": NaN,
        "Depreciation And Amortization In Income Statement": NaN,
        "Selling General And Administration": NaN,
        "Selling And Marketing Expense": NaN,
        "General And Administrative Expense": NaN,
        "Other Gand A": NaN,
        "Salaries And Wages": NaN,
        "Total Revenue": NaN,
        "Operating Revenue": NaN
    },
    "2022-12-31": {
        "Tax Effect Of Unusual Items": NaN,
        "Tax Rate For Calcs": NaN,
        "Normalized EBITDA": NaN,
        "Total Unusual Items": NaN,
        "Total Unusual Items Excluding Goodwill": NaN,
        "Net Income From Continuing Operation Net Minority Interest": NaN,
        "Reconciled Depreciation": NaN,
        "EBITDA": NaN,
        "EBIT": NaN,
        "Net Interest Income": NaN,
        "Interest Expense": NaN,
        "Interest Income": NaN,
        "Normalized Income": NaN,
        "Net Income From Continuing And Discontinued Operation": NaN,
        "Total Expenses": NaN,
        "Total Operating Income As Reported": NaN,
        "Diluted Average Shares": NaN,
        "Basic Average Shares": NaN,
        "Diluted EPS": NaN,
        "Basic EPS": NaN,
        "Diluted NI Availto Com Stockholders": NaN,
        "Net Income Common Stockholders": NaN,
        "Otherunder Preferred Stock Dividend": NaN,
        "Preferred Stock Dividends": NaN,
        "Net Income": NaN,
        "Net Income Including Noncontrolling Interests": NaN,
        "Net Income Continuous Operations": NaN,
        "Tax Provision": NaN,
        "Pretax Income": NaN,
        "Other Income Expense": NaN,
        "Other Non Operating Income Expenses": NaN,
        "Special Income Charges": NaN,
        "Other Special Charges": 0.0,
        "Restructuring And Mergern Acquisition": NaN,
        "Gain On Sale Of Security": NaN,
        "Net Non Operating Interest Income Expense": NaN,
        "Interest Expense Non Operating": NaN,
        "Interest Income Non Operating": NaN,
        "Operating Income": NaN,
        "Operating Expense": NaN,
        "Other Operating Expenses": NaN,
        "Provision For Doubtful Accounts": NaN,
        "Depreciation Amortization Depletion Income Statement": NaN,
        "Depreciation And Amortization In Income Statement": NaN,
        "Selling General And Administration": NaN,
        "Selling And Marketing Expense": NaN,
        "General And Administrative Expense": NaN,
        "Other Gand A": NaN,
        "Salaries And Wages": NaN,
        "Total Revenue": NaN,
        "Operating Revenue": NaN
    },
    "2022-09-30": {
        "Tax Effect Of Unusual Items": NaN,
        "Tax Rate For Calcs": NaN,
        "Normalized EBITDA": NaN,
        "Total Unusual Items": NaN,
        "Total Unusual Items Excluding Goodwill": NaN,
        "Net Income From Continuing Operation Net Minority Interest": NaN,
        "Reconciled Depreciation": NaN,
        "EBITDA": NaN,
        "EBIT": NaN,
        "Net Interest Income": NaN,
        "Interest Expense": NaN,
        "Interest Income": NaN,
        "Normalized Income": NaN,
        "Net Income From Continuing And Discontinued Operation": NaN,
        "Total Expenses": NaN,
        "Total Operating Income As Reported": NaN,
        "Diluted Average Shares": 72462512.0,
        "Basic Average Shares": 72462512.0,
        "Diluted EPS": -0.89,
        "Basic EPS": -0.89,
        "Diluted NI Availto Com Stockholders": NaN,
        "Net Income Common Stockholders": NaN,
        "Otherunder Preferred Stock Dividend": 47000.0,
        "Net Income": NaN,
        "Net Income Including Noncontrolling Interests": NaN,
        "Net Income Continuous Operations": NaN,
        "Tax Provision": NaN,
        "Pretax Income": NaN,
        "Other Income Expense": NaN,
        "Other Non Operating Income Expenses": NaN,
        "Special Income Charges": NaN,
        "Other Special Charges": NaN,
        "Restructuring And Mergern Acquisition": NaN,
        "Gain On Sale Of Security": NaN,
        "Net Non Operating Interest Income Expense": NaN,
        "Interest Expense Non Operating": NaN,
        "Interest Income Non Operating": NaN,
        "Operating Income": NaN,
        "Operating Expense": NaN,
        "Other Operating Expenses": NaN,
        "Provision For Doubtful Accounts": NaN,
        "Depreciation Amortization Depletion Income Statement": NaN,
        "Depreciation And Amortization In Income Statement": NaN,
        "Selling General And Administration": NaN,
        "Selling And Marketing Expense": NaN,
        "General And Administrative Expense": NaN,
        "Other Gand A": NaN,
        "Salaries And Wages": NaN,
        "Total Revenue": NaN,
        "Operating Revenue": NaN
    },
    "2022-06-30": {
        "Tax Effect Of Unusual Items": 0.0,
        "Tax Rate For Calcs": 0.0,
        "Normalized EBITDA": 4855254.0,
        "Total Unusual Items": -4855254.0,
        "Total Unusual Items Excluding Goodwill": -4855254.0,
        "Net Income From Continuing Operation Net Minority Interest": -4855254.0,
        "Reconciled Depreciation": NaN,
        "EBITDA": 0.0,
        "EBIT": 0.0,
        "Net Interest Income": NaN,
        "Interest Expense": NaN,
        "Interest Income": NaN,
        "Normalized Income": 0.0,
        "Net Income From Continuing And Discontinued Operation": -4855254.0,
        "Total Expenses": NaN,
        "Total Operating Income As Reported": -5556525.0,
        "Diluted Average Shares": 80547218.0,
        "Basic Average Shares": 80547218.0,
        "Diluted EPS": -0.026233,
        "Basic EPS": -0.026233,
        "Diluted NI Availto Com Stockholders": -4855254.0,
        "Net Income Common Stockholders": -4855254.0,
        "Otherunder Preferred Stock Dividend": NaN,
        "Net Income": -4855254.0,
        "Net Income Including Noncontrolling Interests": -4855254.0,
        "Net Income Continuous Operations": -4855254.0,
        "Tax Provision": NaN,
        "Pretax Income": -4855254.0,
        "Other Income Expense": -4855254.0,
        "Other Non Operating Income Expenses": NaN,
        "Special Income Charges": -5556525.0,
        "Other Special Charges": NaN,
        "Restructuring And Mergern Acquisition": 5556525.0,
        "Gain On Sale Of Security": 701271.0,
        "Net Non Operating Interest Income Expense": NaN,
        "Interest Expense Non Operating": NaN,
        "Interest Income Non Operating": NaN,
        "Operating Income": 0.0,
        "Operating Expense": NaN,
        "Provision For Doubtful Accounts": NaN,
        "Depreciation Amortization Depletion Income Statement": NaN,
        "Depreciation And Amortization In Income Statement": NaN,
        "Selling General And Administration": NaN,
        "Selling And Marketing Expense": NaN,
        "General And Administrative Expense": NaN,
        "Other Gand A": NaN,
        "Salaries And Wages": NaN,
        "Total Revenue": 0.0,
        "Operating Revenue": 0.0
    },
    "2022-03-31": {
        "Diluted EPS": -0.11,
        "Total Revenue": 39,
        "Gross Profit": 39,
        "Operating Income": -1,
        "EBIT": 3,
        "Net Income": -7
    },
    "2021-12-31": {
        "Diluted EPS": -0.64,
        "Total Revenue": 70,
        "Gross Profit": 70,
        "Operating Income": -19,
        "EBIT": -15,
        "Net Income": -37
    },
    "2021-09-30": {
        "Diluted EPS": -0.07,
        "Total Revenue": 23,
        "Gross Profit": 23,
        "Operating Income": -3,
        "EBIT": -3,
        "Net Income": -4
    },
    "2021-06-30": {
        "Diluted EPS": 0.06,
        "Total Revenue": NaN,
        "Gross Profit": NaN,
        "Operating Income": 0,
        "EBIT": 0,
        "Net Income": 2
    },
    "2021-03-31": {
        "Diluted EPS": 0.01,
        "Total Revenue": NaN,
        "Gross Profit": NaN,
        "Operating Income": 0,
        "EBIT": 0,
        "Net Income": 0
    },
    "2020-12-31": {
        "Diluted EPS": 0.0,
        "Total Revenue": NaN,
        "Gross Profit": NaN,
        "Operating Income": NaN,
        "EBIT": NaN,
        "Net Income": NaN
    },
    "2020-09-30": {
        "Diluted EPS": 0.08,
        "Total Revenue": NaN,
        "Gross Profit": NaN,
        "Operating Income": -1,
        "EBIT": -1,
        "Net Income": 2
    },
    "2023-06-30": {
        "Tax Effect Of Unusual Items": 117810.0,
        "Tax Rate For Calcs": 0.21,
        "Normalized EBITDA": -943000.0,
        "Total Unusual Items": 561000.0,
        "Total Unusual Items Excluding Goodwill": 561000.0,
        "Net Income From Continuing Operation Net Minority Interest": -14608000.0,
        "Reconciled Depreciation": 3803000.0,
        "EBITDA": -382000.0,
        "EBIT": -4185000.0,
        "Net Interest Income": -8125000.0,
        "Interest Expense": 8415000.0,
        "Interest Income": 290000.0,
        "Normalized Income": -15051190.0,
        "Net Income From Continuing And Discontinued Operation": -14608000.0,
        "Total Expenses": 62791000.0,
        "Total Operating Income As Reported": -5852000.0,
        "Diluted Average Shares": 77197805.0,
        "Basic Average Shares": 77197805.0,
        "Diluted EPS": -0.22,
        "Basic EPS": -0.22,
        "Diluted NI Availto Com Stockholders": -17294000.0,
        "Net Income Common Stockholders": -17294000.0,
        "Otherunder Preferred Stock Dividend": 2686000.0,
        "Preferred Stock Dividends": 2686000.0,
        "Net Income": -14608000.0,
        "Net Income Including Noncontrolling Interests": -14608000.0,
        "Net Income Continuous Operations": -14608000.0,
        "Tax Provision": 2008000.0,
        "Pretax Income": -12600000.0,
        "Other Income Expense": 1545000.0,
        "Other Non Operating Income Expenses": 984000.0,
        "Special Income Charges": 168000.0,
        "Restructuring And Mergern Acquisition": -168000.0,
        "Gain On Sale Of Security": 393000.0,
        "Net Non Operating Interest Income Expense": -8125000.0,
        "Interest Expense Non Operating": 8415000.0,
        "Interest Income Non Operating": 290000.0,
        "Operating Income": -6020000.0,
        "Operating Expense": 62791000.0,
        "Other Operating Expenses": 1376000.0,
        "Provision For Doubtful Accounts": -34000.0,
        "Depreciation Amortization Depletion Income Statement": 3803000.0,
        "Depreciation And Amortization In Income Statement": 3803000.0,
        "Selling General And Administration": 57646000.0,
        "Selling And Marketing Expense": 40060000.0,
        "General And Administrative Expense": 17586000.0,
        "Other Gand A": 5227000.0,
        "Salaries And Wages": 12359000.0,
        "Total Revenue": 56771000.0,
        "Operating Revenue": 56771000.0
    },
    "2023-09-30": {
        "Tax Effect Of Unusual Items": 106050.0,
        "Tax Rate For Calcs": 0.21,
        "Normalized EBITDA": -7318000.0,
        "Total Unusual Items": 505000.0,
        "Total Unusual Items Excluding Goodwill": 505000.0,
        "Net Income From Continuing Operation Net Minority Interest": -20099000.0,
        "Reconciled Depreciation": 4165000.0,
        "EBITDA": -6813000.0,
        "EBIT": -10978000.0,
        "Net Interest Income": -8497000.0,
        "Interest Expense": 8740000.0,
        "Interest Income": 243000.0,
        "Normalized Income": -20497950.0,
        "Net Income From Continuing And Discontinued Operation": -20099000.0,
        "Total Expenses": 57069000.0,
        "Total Operating Income As Reported": -2776000.0,
        "Diluted Average Shares": 77925635.0,
        "Basic Average Shares": 77925635.0,
        "Diluted EPS": -0.29,
        "Basic EPS": -0.29,
        "Diluted NI Availto Com Stockholders": -22958000.0,
        "Net Income Common Stockholders": -22958000.0,
        "Otherunder Preferred Stock Dividend": 2859000.0,
        "Preferred Stock Dividends": 2859000.0,
        "Net Income": -20099000.0,
        "Net Income Including Noncontrolling Interests": -20099000.0,
        "Net Income Continuous Operations": -20099000.0,
        "Tax Provision": 381000.0,
        "Pretax Income": -19718000.0,
        "Other Income Expense": -8684000.0,
        "Other Non Operating Income Expenses": -9189000.0,
        "Special Income Charges": -239000.0,
        "Restructuring And Mergern Acquisition": 239000.0,
        "Gain On Sale Of Security": 744000.0,
        "Net Non Operating Interest Income Expense": -8497000.0,
        "Interest Expense Non Operating": 8740000.0,
        "Interest Income Non Operating": 243000.0,
        "Operating Income": -2537000.0,
        "Operating Expense": 57069000.0,
        "Other Operating Expenses": 1073000.0,
        "Provision For Doubtful Accounts": 535000.0,
        "Depreciation Amortization Depletion Income Statement": 4165000.0,
        "Depreciation And Amortization In Income Statement": 4165000.0,
        "Selling General And Administration": 51296000.0,
        "Selling And Marketing Expense": 35971000.0,
        "General And Administrative Expense": 15325000.0,
        "Other Gand A": 4629000.0,
        "Salaries And Wages": 10696000.0,
        "Total Revenue": 54532000.0,
        "Operating Revenue": 54532000.0
    },
    "2023-12-31": {
        "Tax Effect Of Unusual Items": -218320.87807,
        "Tax Rate For Calcs": 0.298661,
        "Normalized EBITDA": -12341000.0,
        "Total Unusual Items": -731000.0,
        "Total Unusual Items Excluding Goodwill": -731000.0,
        "Net Income From Continuing Operation Net Minority Interest": -13195000.0,
        "Reconciled Depreciation": 4714000.0,
        "EBITDA": -13072000.0,
        "EBIT": -17786000.0,
        "Net Interest Income": -9853000.0,
        "Interest Expense": 1028000.0,
        "Interest Income": 173000.0,
        "Normalized Income": -12682320.87807,
        "Net Income From Continuing And Discontinued Operation": -13195000.0,
        "Total Expenses": 68553000.0,
        "Total Operating Income As Reported": -7231000.0,
        "Diluted Average Shares": NaN,
        "Basic Average Shares": NaN,
        "Diluted EPS": NaN,
        "Basic EPS": NaN,
        "Diluted NI Availto Com Stockholders": -5172000.0,
        "Net Income Common Stockholders": -5172000.0,
        "Otherunder Preferred Stock Dividend": NaN,
        "Preferred Stock Dividends": NaN,
        "Net Income": -13195000.0,
        "Net Income Including Noncontrolling Interests": -13195000.0,
        "Net Income Continuous Operations": -13195000.0,
        "Tax Provision": -5619000.0,
        "Pretax Income": -18814000.0,
        "Other Income Expense": -2525000.0,
        "Other Non Operating Income Expenses": -1794000.0,
        "Special Income Charges": -771000.0,
        "Restructuring And Mergern Acquisition": 771000.0,
        "Gain On Sale Of Security": 40000.0,
        "Net Non Operating Interest Income Expense": -9853000.0,
        "Interest Expense Non Operating": 1028000.0,
        "Interest Income Non Operating": 173000.0,
        "Operating Income": -6460000.0,
        "Operating Expense": 68553000.0,
        "Other Operating Expenses": 1448000.0,
        "Provision For Doubtful Accounts": 559000.0,
        "Depreciation Amortization Depletion Income Statement": 4714000.0,
        "Depreciation And Amortization In Income Statement": 4714000.0,
        "Selling General And Administration": 61832000.0,
        "Selling And Marketing Expense": 40232000.0,
        "General And Administrative Expense": 21600000.0,
        "Other Gand A": 8841000.0,
        "Salaries And Wages": 12759000.0,
        "Total Revenue": 62093000.0,
        "Operating Revenue": 62093000.0
    },
    "2024-03-31": {
        "Tax Effect Of Unusual Items": 69510.0,
        "Tax Rate For Calcs": 0.21,
        "Normalized EBITDA": -3649000.0,
        "Total Unusual Items": 331000.0,
        "Total Unusual Items Excluding Goodwill": 331000.0,
        "Net Income From Continuing Operation Net Minority Interest": -19458000.0,
        "Reconciled Depreciation": 5563000.0,
        "EBITDA": -3318000.0,
        "EBIT": -8881000.0,
        "Net Interest Income": -9763000.0,
        "Interest Expense": 9932000.0,
        "Interest Income": 169000.0,
        "Normalized Income": -19719490.0,
        "Net Income From Continuing And Discontinued Operation": -19458000.0,
        "Total Expenses": 66497000.0,
        "Total Operating Income As Reported": -8187000.0,
        "Diluted Average Shares": 78468479.0,
        "Basic Average Shares": 78468479.0,
        "Diluted EPS": -0.3,
        "Basic EPS": -0.3,
        "Diluted NI Availto Com Stockholders": -23263000.0,
        "Net Income Common Stockholders": -23263000.0,
        "Otherunder Preferred Stock Dividend": 3805000.0,
        "Preferred Stock Dividends": 3805000.0,
        "Net Income": -19458000.0,
        "Net Income Including Noncontrolling Interests": -19458000.0,
        "Net Income Continuous Operations": -19458000.0,
        "Tax Provision": 645000.0,
        "Pretax Income": -18813000.0,
        "Other Income Expense": -574000.0,
        "Other Non Operating Income Expenses": -905000.0,
        "Special Income Charges": 289000.0,
        "Restructuring And Mergern Acquisition": -289000.0,
        "Gain On Sale Of Security": 42000.0,
        "Net Non Operating Interest Income Expense": -9763000.0,
        "Interest Expense Non Operating": 9932000.0,
        "Interest Income Non Operating": 169000.0,
        "Operating Income": -8476000.0,
        "Operating Expense": 66497000.0,
        "Other Operating Expenses": 2069000.0,
        "Provision For Doubtful Accounts": -403000.0,
        "Depreciation Amortization Depletion Income Statement": 5563000.0,
        "Depreciation And Amortization In Income Statement": 5563000.0,
        "Selling General And Administration": 59268000.0,
        "Selling And Marketing Expense": 40267000.0,
        "General And Administrative Expense": 19001000.0,
        "Other Gand A": 5785000.0,
        "Salaries And Wages": 13216000.0,
        "Total Revenue": 58021000.0,
        "Operating Revenue": 58021000.0
    },
    "2024-06-30": {
        "Tax Effect Of Unusual Items": -25.866123,
        "Tax Rate For Calcs": 0.000157,
        "Normalized EBITDA": -8880000.0,
        "Total Unusual Items": -165000.0,
        "Total Unusual Items Excluding Goodwill": -165000.0,
        "Net Income From Continuing Operation Net Minority Interest": -25512000.0,
        "Reconciled Depreciation": 3653000.0,
        "EBITDA": -9045000.0,
        "EBIT": -12698000.0,
        "Net Interest Income": -12618000.0,
        "Interest Expense": 12818000.0,
        "Interest Income": 200000.0,
        "Normalized Income": -25347025.866123,
        "Net Income From Continuing And Discontinued Operation": -25512000.0,
        "Total Expenses": 68469000.0,
        "Total Operating Income As Reported": -10301000.0,
        "Diluted Average Shares": 80722160.0,
        "Basic Average Shares": 80722160.0,
        "Diluted EPS": -0.36,
        "Basic EPS": -0.36,
        "Diluted NI Availto Com Stockholders": -29449000.0,
        "Net Income Common Stockholders": -29449000.0,
        "Otherunder Preferred Stock Dividend": NaN,
        "Preferred Stock Dividends": 3937000.0,
        "Net Income": -25512000.0,
        "Net Income Including Noncontrolling Interests": -25512000.0,
        "Net Income Continuous Operations": -25512000.0,
        "Tax Provision": -4000.0,
        "Pretax Income": -25516000.0,
        "Other Income Expense": -2755000.0,
        "Other Non Operating Income Expenses": -2590000.0,
        "Special Income Charges": -158000.0,
        "Restructuring And Mergern Acquisition": 158000.0,
        "Gain On Sale Of Security": -7000.0,
        "Net Non Operating Interest Income Expense": -12618000.0,
        "Interest Expense Non Operating": 12818000.0,
        "Interest Income Non Operating": 200000.0,
        "Operating Income": -10143000.0,
        "Operating Expense": 68469000.0,
        "Other Operating Expenses": 268000.0,
        "Provision For Doubtful Accounts": 349000.0,
        "Depreciation Amortization Depletion Income Statement": 3653000.0,
        "Depreciation And Amortization In Income Statement": 3653000.0,
        "Selling General And Administration": 64199000.0,
        "Selling And Marketing Expense": 38107000.0,
        "General And Administrative Expense": 26092000.0,
        "Other Gand A": 4020000.0,
        "Salaries And Wages": 22072000.0,
        "Total Revenue": 58326000.0,
        "Operating Revenue": 58326000.0
    }
}