{
    "2023-03-31": {
        "Tax Effect Of Unusual Items": NaN,
        "Tax Rate For Calcs": NaN,
        "Normalized EBITDA": NaN,
        "Net Income From Continuing Operation Net Minority Interest": NaN,
        "Reconciled Depreciation": NaN,
        "EBITDA": NaN,
        "EBIT": NaN,
        "Net Interest Income": NaN,
        "Interest Income": NaN,
        "Normalized Income": NaN,
        "Net Income From Continuing And Discontinued Operation": NaN,
        "Total Expenses": NaN,
        "Total Operating Income As Reported": NaN,
        "Diluted Average Shares": 40112416.0,
        "Basic Average Shares": 40112416.0,
        "Diluted EPS": -0.9,
        "Basic EPS": -0.9,
        "Diluted NI Availto Com Stockholders": NaN,
        "Net Income Common Stockholders": NaN,
        "Net Income": NaN,
        "Net Income Including Noncontrolling Interests": NaN,
        "Net Income Continuous Operations": NaN,
        "Tax Provision": NaN,
        "Pretax Income": NaN,
        "Other Income Expense": 2000.0,
        "Other Non Operating Income Expenses": 2000.0,
        "Net Non Operating Interest Income Expense": NaN,
        "Interest Income Non Operating": NaN,
        "Operating Income": NaN,
        "Operating Expense": NaN,
        "Research And Development": NaN,
        "Selling General And Administration": NaN,
        "General And Administrative Expense": NaN,
        "Other Gand A": NaN,
        "Total Revenue": NaN,
        "Operating Revenue": NaN
    },
    "2022-12-31": {
        "Tax Effect Of Unusual Items": NaN,
        "Tax Rate For Calcs": NaN,
        "Normalized EBITDA": NaN,
        "Net Income From Continuing Operation Net Minority Interest": NaN,
        "Reconciled Depreciation": NaN,
        "EBITDA": NaN,
        "EBIT": NaN,
        "Net Interest Income": NaN,
        "Interest Income": NaN,
        "Normalized Income": NaN,
        "Net Income From Continuing And Discontinued Operation": NaN,
        "Total Expenses": NaN,
        "Total Operating Income As Reported": NaN,
        "Diluted Average Shares": NaN,
        "Basic Average Shares": NaN,
        "Diluted EPS": NaN,
        "Basic EPS": NaN,
        "Diluted NI Availto Com Stockholders": NaN,
        "Net Income Common Stockholders": NaN,
        "Net Income": NaN,
        "Net Income Including Noncontrolling Interests": NaN,
        "Net Income Continuous Operations": NaN,
        "Tax Provision": NaN,
        "Pretax Income": NaN,
        "Other Income Expense": -1000.0,
        "Other Non Operating Income Expenses": -1000.0,
        "Net Non Operating Interest Income Expense": NaN,
        "Interest Income Non Operating": NaN,
        "Operating Income": NaN,
        "Operating Expense": NaN,
        "Research And Development": NaN,
        "Selling General And Administration": NaN,
        "General And Administrative Expense": NaN,
        "Other Gand A": NaN,
        "Total Revenue": NaN,
        "Operating Revenue": NaN
    },
    "2022-09-30": {
        "Tax Effect Of Unusual Items": NaN,
        "Tax Rate For Calcs": NaN,
        "Normalized EBITDA": NaN,
        "Net Income From Continuing Operation Net Minority Interest": NaN,
        "Reconciled Depreciation": NaN,
        "EBITDA": NaN,
        "EBIT": NaN,
        "Net Interest Income": NaN,
        "Interest Income": NaN,
        "Normalized Income": NaN,
        "Net Income From Continuing And Discontinued Operation": NaN,
        "Total Expenses": NaN,
        "Total Operating Income As Reported": NaN,
        "Diluted Average Shares": 38490910.0,
        "Basic Average Shares": 38490910.0,
        "Diluted EPS": -0.78,
        "Basic EPS": -0.78,
        "Diluted NI Availto Com Stockholders": NaN,
        "Net Income Common Stockholders": NaN,
        "Net Income": NaN,
        "Net Income Including Noncontrolling Interests": NaN,
        "Net Income Continuous Operations": NaN,
        "Tax Provision": NaN,
        "Pretax Income": NaN,
        "Other Income Expense": -156000.0,
        "Other Non Operating Income Expenses": -156000.0,
        "Net Non Operating Interest Income Expense": NaN,
        "Interest Income Non Operating": NaN,
        "Operating Income": NaN,
        "Operating Expense": NaN,
        "Research And Development": NaN,
        "Selling General And Administration": NaN,
        "General And Administrative Expense": NaN,
        "Other Gand A": NaN,
        "Total Revenue": NaN,
        "Operating Revenue": NaN
    },
    "2022-06-30": {
        "Tax Effect Of Unusual Items": 0.0,
        "Tax Rate For Calcs": 7.5e-05,
        "Normalized EBITDA": 26598000.0,
        "Net Income From Continuing Operation Net Minority Interest": 26841000.0,
        "Reconciled Depreciation": 248000.0,
        "EBITDA": 26598000.0,
        "EBIT": 26350000.0,
        "Net Interest Income": 482000.0,
        "Interest Income": 482000.0,
        "Normalized Income": 26841000.0,
        "Net Income From Continuing And Discontinued Operation": 26841000.0,
        "Total Expenses": 33886000.0,
        "Total Operating Income As Reported": 26350000.0,
        "Diluted Average Shares": 39554651.0,
        "Basic Average Shares": 38244547.0,
        "Diluted EPS": 0.68,
        "Basic EPS": 0.7,
        "Diluted NI Availto Com Stockholders": 26841000.0,
        "Net Income Common Stockholders": 26841000.0,
        "Net Income": 26841000.0,
        "Net Income Including Noncontrolling Interests": 26841000.0,
        "Net Income Continuous Operations": 26841000.0,
        "Tax Provision": 2000.0,
        "Pretax Income": 26843000.0,
        "Other Income Expense": 11000.0,
        "Other Non Operating Income Expenses": 11000.0,
        "Net Non Operating Interest Income Expense": 482000.0,
        "Interest Income Non Operating": 482000.0,
        "Operating Income": 26350000.0,
        "Operating Expense": 33886000.0,
        "Research And Development": 25652000.0,
        "Selling General And Administration": 8234000.0,
        "General And Administrative Expense": 8234000.0,
        "Other Gand A": 8234000.0,
        "Total Revenue": 60236000.0,
        "Operating Revenue": 60236000.0
    },
    "2023-06-30": {
        "Tax Effect Of Unusual Items": 0.0,
        "Tax Rate For Calcs": 0.21,
        "Normalized EBITDA": -45034000.0,
        "Net Income From Continuing Operation Net Minority Interest": -39013000.0,
        "Reconciled Depreciation": 268000.0,
        "EBITDA": -45034000.0,
        "EBIT": -45302000.0,
        "Net Interest Income": 6427000.0,
        "Interest Income": 6427000.0,
        "Normalized Income": -39013000.0,
        "Net Income From Continuing And Discontinued Operation": -39013000.0,
        "Total Expenses": 45302000.0,
        "Total Operating Income As Reported": -45302000.0,
        "Diluted Average Shares": 42373407.0,
        "Basic Average Shares": 42373407.0,
        "Diluted EPS": -0.92,
        "Basic EPS": -0.92,
        "Diluted NI Availto Com Stockholders": -39013000.0,
        "Net Income Common Stockholders": -39013000.0,
        "Net Income": -39013000.0,
        "Net Income Including Noncontrolling Interests": -39013000.0,
        "Net Income Continuous Operations": -39013000.0,
        "Tax Provision": 138000.0,
        "Pretax Income": -38875000.0,
        "Other Income Expense": NaN,
        "Other Non Operating Income Expenses": NaN,
        "Net Non Operating Interest Income Expense": 6427000.0,
        "Interest Income Non Operating": 6427000.0,
        "Operating Income": -45302000.0,
        "Operating Expense": 45302000.0,
        "Research And Development": 35719000.0,
        "Selling General And Administration": 9583000.0,
        "General And Administrative Expense": 9583000.0,
        "Other Gand A": 9583000.0,
        "Total Revenue": 0.0,
        "Operating Revenue": 0.0
    },
    "2022-03-31": {
        "Diluted EPS": -0.85,
        "Total Revenue": 2,
        "Gross Profit": 2,
        "Operating Income": -32,
        "EBIT": -31,
        "Net Income": -31
    },
    "2021-12-31": {
        "Diluted EPS": -0.58,
        "Total Revenue": 10,
        "Gross Profit": 10,
        "Operating Income": -22,
        "EBIT": -21,
        "Net Income": -21
    },
    "2021-09-30": {
        "Diluted EPS": -0.69,
        "Total Revenue": 3,
        "Gross Profit": 3,
        "Operating Income": -25,
        "EBIT": -25,
        "Net Income": -25
    },
    "2021-06-30": {
        "Diluted EPS": -0.77,
        "Total Revenue": 4,
        "Gross Profit": 4,
        "Operating Income": -28,
        "EBIT": -27,
        "Net Income": -28
    },
    "2021-03-31": {
        "Diluted EPS": -0.63,
        "Total Revenue": 3,
        "Gross Profit": 3,
        "Operating Income": -21,
        "EBIT": -21,
        "Net Income": -21
    },
    "2020-12-31": {
        "Diluted EPS": -0.57,
        "Total Revenue": 6,
        "Gross Profit": 6,
        "Operating Income": -18,
        "EBIT": -18,
        "Net Income": -18
    },
    "2020-09-30": {
        "Diluted EPS": 0.17,
        "Total Revenue": 26,
        "Gross Profit": 26,
        "Operating Income": 5,
        "EBIT": 5,
        "Net Income": 5
    },
    "2020-06-30": {
        "Diluted EPS": -0.52,
        "Total Revenue": 8,
        "Gross Profit": 8,
        "Operating Income": -16,
        "EBIT": -16,
        "Net Income": -16
    },
    "2020-03-31": {
        "Diluted EPS": -0.55,
        "Total Revenue": 6,
        "Gross Profit": 6,
        "Operating Income": -18,
        "EBIT": -17,
        "Net Income": -17
    },
    "2019-12-31": {
        "Diluted EPS": 5.11,
        "Total Revenue": 0,
        "Gross Profit": 0,
        "Operating Income": -21,
        "EBIT": -20,
        "Net Income": -20
    },
    "2019-09-30": {
        "Diluted EPS": -0.3,
        "Total Revenue": 6,
        "Gross Profit": 6,
        "Operating Income": -10,
        "EBIT": -10,
        "Net Income": -9
    },
    "2019-06-30": {
        "Diluted EPS": -4.73,
        "Total Revenue": 6,
        "Gross Profit": 6,
        "Operating Income": -10,
        "EBIT": -11,
        "Net Income": -9
    },
    "2019-03-31": {
        "Diluted EPS": -2.77,
        "Total Revenue": 6,
        "Gross Profit": 6,
        "Operating Income": -6,
        "EBIT": -6,
        "Net Income": -5
    },
    "2018-12-31": {
        "Diluted EPS": 0.0,
        "Total Revenue": NaN,
        "Gross Profit": NaN,
        "Operating Income": NaN,
        "EBIT": NaN,
        "Net Income": NaN
    },
    "2018-09-30": {
        "Diluted EPS": -7.0,
        "Total Revenue": NaN,
        "Gross Profit": NaN,
        "Operating Income": -7,
        "EBIT": -7,
        "Net Income": -7
    },
    "2018-06-30": {
        "Diluted EPS": -6.16,
        "Total Revenue": NaN,
        "Gross Profit": NaN,
        "Operating Income": -6,
        "EBIT": -6,
        "Net Income": -6
    },
    "2023-09-30": {
        "Tax Effect Of Unusual Items": 0.0,
        "Tax Rate For Calcs": 0.21,
        "Normalized EBITDA": -44462000.0,
        "Net Income From Continuing Operation Net Minority Interest": -36212000.0,
        "Reconciled Depreciation": 286000.0,
        "EBITDA": -44462000.0,
        "EBIT": -44748000.0,
        "Net Interest Income": 8612000.0,
        "Interest Income": 8612000.0,
        "Normalized Income": -36212000.0,
        "Net Income From Continuing And Discontinued Operation": -36212000.0,
        "Total Expenses": 44748000.0,
        "Total Operating Income As Reported": -44748000.0,
        "Diluted Average Shares": 49548947.0,
        "Basic Average Shares": 49548947.0,
        "Diluted EPS": -0.73,
        "Basic EPS": -0.73,
        "Diluted NI Availto Com Stockholders": -36212000.0,
        "Net Income Common Stockholders": -36212000.0,
        "Net Income": -36212000.0,
        "Net Income Including Noncontrolling Interests": -36212000.0,
        "Net Income Continuous Operations": -36212000.0,
        "Tax Provision": 83000.0,
        "Pretax Income": -36129000.0,
        "Other Income Expense": 7000.0,
        "Other Non Operating Income Expenses": 7000.0,
        "Net Non Operating Interest Income Expense": 8612000.0,
        "Interest Income Non Operating": 8612000.0,
        "Operating Income": -44748000.0,
        "Operating Expense": 44748000.0,
        "Research And Development": 34364000.0,
        "Selling General And Administration": 10384000.0,
        "General And Administrative Expense": 10384000.0,
        "Other Gand A": 10384000.0,
        "Total Revenue": 0.0,
        "Operating Revenue": 0.0
    },
    "2023-12-31": {
        "Tax Effect Of Unusual Items": 0.0,
        "Tax Rate For Calcs": 0.21,
        "Normalized EBITDA": -49151000.0,
        "Net Income From Continuing Operation Net Minority Interest": -40735000.0,
        "Reconciled Depreciation": 280000.0,
        "EBITDA": -49151000.0,
        "EBIT": -49431000.0,
        "Net Interest Income": 8830000.0,
        "Interest Income": 8830000.0,
        "Normalized Income": -40735000.0,
        "Net Income From Continuing And Discontinued Operation": -40735000.0,
        "Total Expenses": 49431000.0,
        "Total Operating Income As Reported": -49431000.0,
        "Diluted Average Shares": NaN,
        "Basic Average Shares": NaN,
        "Diluted EPS": NaN,
        "Basic EPS": NaN,
        "Diluted NI Availto Com Stockholders": -40735000.0,
        "Net Income Common Stockholders": -40735000.0,
        "Net Income": -40735000.0,
        "Net Income Including Noncontrolling Interests": -40735000.0,
        "Net Income Continuous Operations": -40735000.0,
        "Tax Provision": 127000.0,
        "Pretax Income": -40608000.0,
        "Other Income Expense": -7000.0,
        "Other Non Operating Income Expenses": -7000.0,
        "Net Non Operating Interest Income Expense": 8830000.0,
        "Interest Income Non Operating": 8830000.0,
        "Operating Income": -49431000.0,
        "Operating Expense": 49431000.0,
        "Research And Development": 39852000.0,
        "Selling General And Administration": 9579000.0,
        "General And Administrative Expense": 9579000.0,
        "Other Gand A": 9579000.0,
        "Total Revenue": 0.0,
        "Operating Revenue": 0.0
    },
    "2024-03-31": {
        "Tax Effect Of Unusual Items": 0.0,
        "Tax Rate For Calcs": 0.4,
        "Normalized EBITDA": -53322000.0,
        "Net Income From Continuing Operation Net Minority Interest": -45294000.0,
        "Reconciled Depreciation": 282000.0,
        "EBITDA": -53322000.0,
        "EBIT": -53604000.0,
        "Net Interest Income": 8390000.0,
        "Interest Income": 8390000.0,
        "Normalized Income": -45294000.0,
        "Net Income From Continuing And Discontinued Operation": -45294000.0,
        "Total Expenses": 53604000.0,
        "Total Operating Income As Reported": -53604000.0,
        "Diluted Average Shares": 50009032.0,
        "Basic Average Shares": 50009032.0,
        "Diluted EPS": -0.91,
        "Basic EPS": -0.91,
        "Diluted NI Availto Com Stockholders": -45294000.0,
        "Net Income Common Stockholders": -45294000.0,
        "Net Income": -45294000.0,
        "Net Income Including Noncontrolling Interests": -45294000.0,
        "Net Income Continuous Operations": -45294000.0,
        "Tax Provision": 80000.0,
        "Pretax Income": -45214000.0,
        "Other Income Expense": NaN,
        "Other Non Operating Income Expenses": NaN,
        "Net Non Operating Interest Income Expense": 8390000.0,
        "Interest Income Non Operating": 8390000.0,
        "Operating Income": -53604000.0,
        "Operating Expense": 53604000.0,
        "Research And Development": 42441000.0,
        "Selling General And Administration": 11163000.0,
        "General And Administrative Expense": 11163000.0,
        "Other Gand A": 11163000.0,
        "Total Revenue": 0.0,
        "Operating Revenue": 0.0
    },
    "2024-06-30": {
        "Tax Effect Of Unusual Items": 0.0,
        "Tax Rate For Calcs": 0.21,
        "Normalized EBITDA": -64958000.0,
        "Net Income From Continuing Operation Net Minority Interest": -57585000.0,
        "Reconciled Depreciation": 275000.0,
        "EBITDA": -64958000.0,
        "EBIT": -65233000.0,
        "Net Interest Income": 7903000.0,
        "Interest Income": 7903000.0,
        "Normalized Income": -57585000.0,
        "Net Income From Continuing And Discontinued Operation": -57585000.0,
        "Total Expenses": 65233000.0,
        "Total Operating Income As Reported": -65233000.0,
        "Diluted Average Shares": 50095534.0,
        "Basic Average Shares": 50095534.0,
        "Diluted EPS": -1.15,
        "Basic EPS": -1.15,
        "Diluted NI Availto Com Stockholders": -57585000.0,
        "Net Income Common Stockholders": -57585000.0,
        "Net Income": -57585000.0,
        "Net Income Including Noncontrolling Interests": -57585000.0,
        "Net Income Continuous Operations": -57585000.0,
        "Tax Provision": 240000.0,
        "Pretax Income": -57345000.0,
        "Other Income Expense": -15000.0,
        "Other Non Operating Income Expenses": -15000.0,
        "Net Non Operating Interest Income Expense": 7903000.0,
        "Interest Income Non Operating": 7903000.0,
        "Operating Income": -65233000.0,
        "Operating Expense": 65233000.0,
        "Research And Development": 49271000.0,
        "Selling General And Administration": 15962000.0,
        "General And Administrative Expense": 15962000.0,
        "Other Gand A": 15962000.0,
        "Total Revenue": 0.0,
        "Operating Revenue": 0.0
    }
}