{
    "2023-03-31": {
        "Tax Effect Of Unusual Items": 11153800.0,
        "Tax Rate For Calcs": 0.217,
        "Normalized EBITDA": 764800000.0,
        "Total Unusual Items": 51400000.0,
        "Total Unusual Items Excluding Goodwill": 51400000.0,
        "Net Income From Continuing Operation Net Minority Interest": 434800000.0,
        "Reconciled Depreciation": 220000000.0,
        "Reconciled Cost Of Revenue": 2933900000.0,
        "EBITDA": 816200000.0,
        "EBIT": 596200000.0,
        "Net Interest Income": -41100000.0,
        "Interest Expense": 50200000.0,
        "Interest Income": 9100000.0,
        "Normalized Income": 394553800.0,
        "Net Income From Continuing And Discontinued Operation": 434800000.0,
        "Total Expenses": 3059700000.0,
        "Total Operating Income As Reported": 544600000.0,
        "Diluted Average Shares": 338700000.0,
        "Basic Average Shares": 335400000.0,
        "Diluted EPS": 1.28,
        "Basic EPS": 1.3,
        "Diluted NI Availto Com Stockholders": 434800000.0,
        "Net Income Common Stockholders": 434800000.0,
        "Net Income": 434800000.0,
        "Minority Interests": -24200000.0,
        "Net Income Including Noncontrolling Interests": 459000000.0,
        "Net Income Continuous Operations": 459000000.0,
        "Earnings From Equity Interest Net Of Tax": 31300000.0,
        "Tax Provision": 118300000.0,
        "Pretax Income": 546000000.0,
        "Other Income Expense": 42500000.0,
        "Other Non Operating Income Expenses": -8900000.0,
        "Special Income Charges": NaN,
        "Gain On Sale Of Security": 51400000.0,
        "Net Non Operating Interest Income Expense": -41100000.0,
        "Interest Expense Non Operating": 50200000.0,
        "Interest Income Non Operating": 9100000.0,
        "Operating Income": 544600000.0,
        "Operating Expense": 125800000.0,
        "Other Operating Expenses": -1900000.0,
        "Selling General And Administration": 127700000.0,
        "Gross Profit": 670400000.0,
        "Cost Of Revenue": 2933900000.0,
        "Total Revenue": 3604300000.0,
        "Operating Revenue": 3604300000.0
    },
    "2022-12-31": {
        "Tax Effect Of Unusual Items": NaN,
        "Tax Rate For Calcs": NaN,
        "Normalized EBITDA": NaN,
        "Total Unusual Items": NaN,
        "Total Unusual Items Excluding Goodwill": NaN,
        "Net Income From Continuing Operation Net Minority Interest": NaN,
        "Reconciled Depreciation": NaN,
        "Reconciled Cost Of Revenue": NaN,
        "EBITDA": NaN,
        "EBIT": NaN,
        "Net Interest Income": NaN,
        "Interest Expense": NaN,
        "Interest Income": NaN,
        "Normalized Income": NaN,
        "Net Income From Continuing And Discontinued Operation": NaN,
        "Total Expenses": NaN,
        "Total Operating Income As Reported": NaN,
        "Diluted Average Shares": NaN,
        "Basic Average Shares": NaN,
        "Diluted EPS": NaN,
        "Basic EPS": NaN,
        "Diluted NI Availto Com Stockholders": NaN,
        "Net Income Common Stockholders": NaN,
        "Net Income": NaN,
        "Minority Interests": NaN,
        "Net Income Including Noncontrolling Interests": NaN,
        "Net Income Continuous Operations": NaN,
        "Earnings From Equity Interest Net Of Tax": NaN,
        "Tax Provision": NaN,
        "Pretax Income": NaN,
        "Other Income Expense": NaN,
        "Other Non Operating Income Expenses": NaN,
        "Special Income Charges": 0.0,
        "Gain On Sale Of Security": NaN,
        "Net Non Operating Interest Income Expense": NaN,
        "Interest Expense Non Operating": NaN,
        "Interest Income Non Operating": NaN,
        "Operating Income": NaN,
        "Operating Expense": NaN,
        "Other Operating Expenses": NaN,
        "Selling General And Administration": NaN,
        "Gross Profit": NaN,
        "Cost Of Revenue": NaN,
        "Total Revenue": NaN,
        "Operating Revenue": NaN
    },
    "2022-09-30": {
        "Tax Effect Of Unusual Items": NaN,
        "Tax Rate For Calcs": NaN,
        "Normalized EBITDA": NaN,
        "Total Unusual Items": NaN,
        "Total Unusual Items Excluding Goodwill": NaN,
        "Net Income From Continuing Operation Net Minority Interest": NaN,
        "Reconciled Depreciation": NaN,
        "Reconciled Cost Of Revenue": NaN,
        "EBITDA": NaN,
        "EBIT": NaN,
        "Net Interest Income": NaN,
        "Interest Expense": NaN,
        "Interest Income": NaN,
        "Normalized Income": NaN,
        "Net Income From Continuing And Discontinued Operation": NaN,
        "Total Expenses": NaN,
        "Total Operating Income As Reported": NaN,
        "Diluted Average Shares": NaN,
        "Basic Average Shares": NaN,
        "Diluted EPS": NaN,
        "Basic EPS": NaN,
        "Diluted NI Availto Com Stockholders": NaN,
        "Net Income Common Stockholders": NaN,
        "Net Income": NaN,
        "Minority Interests": NaN,
        "Net Income Including Noncontrolling Interests": NaN,
        "Net Income Continuous Operations": NaN,
        "Earnings From Equity Interest Net Of Tax": NaN,
        "Tax Provision": NaN,
        "Pretax Income": NaN,
        "Other Income Expense": NaN,
        "Other Non Operating Income Expenses": NaN,
        "Special Income Charges": 0.0,
        "Gain On Sale Of Ppe": 0.0,
        "Gain On Sale Of Security": NaN,
        "Net Non Operating Interest Income Expense": NaN,
        "Interest Expense Non Operating": NaN,
        "Interest Income Non Operating": NaN,
        "Operating Income": NaN,
        "Operating Expense": NaN,
        "Other Operating Expenses": NaN,
        "Selling General And Administration": NaN,
        "Gross Profit": NaN,
        "Cost Of Revenue": NaN,
        "Total Revenue": NaN,
        "Operating Revenue": NaN
    },
    "2022-06-30": {
        "Tax Effect Of Unusual Items": -61344000.0,
        "Tax Rate For Calcs": 0.27,
        "Normalized EBITDA": 1638500000.0,
        "Total Unusual Items": -227200000.0,
        "Total Unusual Items Excluding Goodwill": -227200000.0,
        "Net Income From Continuing Operation Net Minority Interest": 1035900000.0,
        "Reconciled Depreciation": 245000000.0,
        "Reconciled Cost Of Revenue": 3526800000.0,
        "EBITDA": 1411300000.0,
        "EBIT": 1411300000.0,
        "Net Interest Income": -34100000.0,
        "Interest Expense": 34100000.0,
        "Interest Income": 9000000.0,
        "Normalized Income": 1201756000.0,
        "Net Income From Continuing And Discontinued Operation": 1035900000.0,
        "Total Expenses": 3698900000.0,
        "Total Operating Income As Reported": 1674200000.0,
        "Diluted Average Shares": 363100000.0,
        "Basic Average Shares": 359500000.0,
        "Diluted EPS": 2.85,
        "Basic EPS": 2.88,
        "Diluted NI Availto Com Stockholders": 1035900000.0,
        "Net Income Common Stockholders": 1035900000.0,
        "Net Income": 1035900000.0,
        "Minority Interests": -7900000.0,
        "Net Income Including Noncontrolling Interests": 1043800000.0,
        "Net Income Continuous Operations": 1043800000.0,
        "Earnings From Equity Interest Net Of Tax": 35900000.0,
        "Tax Provision": 369300000.0,
        "Pretax Income": 1377200000.0,
        "Other Income Expense": -262900000.0,
        "Other Non Operating Income Expenses": -35700000.0,
        "Special Income Charges": 0.0,
        "Gain On Sale Of Ppe": 0.0,
        "Write Off": NaN,
        "Gain On Sale Of Security": -227200000.0,
        "Net Non Operating Interest Income Expense": -34100000.0,
        "Interest Expense Non Operating": 34100000.0,
        "Interest Income Non Operating": 9000000.0,
        "Operating Income": 1674200000.0,
        "Operating Expense": 172100000.0,
        "Other Operating Expenses": 63900000.0,
        "Selling General And Administration": 108200000.0,
        "Gross Profit": 1846300000.0,
        "Cost Of Revenue": 3526800000.0,
        "Total Revenue": 5373100000.0,
        "Operating Revenue": 5373100000.0
    },
    "2023-06-30": {
        "Tax Effect Of Unusual Items": 33858000.0,
        "Tax Rate For Calcs": 0.228,
        "Normalized EBITDA": 617600000.0,
        "Total Unusual Items": 148500000.0,
        "Total Unusual Items Excluding Goodwill": 148500000.0,
        "Net Income From Continuing Operation Net Minority Interest": 369000000.0,
        "Reconciled Depreciation": 244200000.0,
        "Reconciled Cost Of Revenue": 2822900000.0,
        "EBITDA": 766100000.0,
        "EBIT": 521900000.0,
        "Net Interest Income": -36000000.0,
        "Interest Expense": 47300000.0,
        "Interest Income": 11300000.0,
        "Normalized Income": 254358000.0,
        "Net Income From Continuing And Discontinued Operation": 369000000.0,
        "Total Expenses": 3024800000.0,
        "Total Operating Income As Reported": 369200000.0,
        "Diluted Average Shares": 333700000.0,
        "Basic Average Shares": 332200000.0,
        "Diluted EPS": 1.11,
        "Basic EPS": 1.11,
        "Diluted NI Availto Com Stockholders": 369000000.0,
        "Net Income Common Stockholders": 369000000.0,
        "Net Income": 369000000.0,
        "Minority Interests": -10100000.0,
        "Net Income Including Noncontrolling Interests": 379100000.0,
        "Net Income Continuous Operations": 379100000.0,
        "Earnings From Equity Interest Net Of Tax": 12900000.0,
        "Tax Provision": 108400000.0,
        "Pretax Income": 474600000.0,
        "Other Income Expense": 141400000.0,
        "Other Non Operating Income Expenses": -7100000.0,
        "Gain On Sale Of Security": 148500000.0,
        "Net Non Operating Interest Income Expense": -36000000.0,
        "Interest Expense Non Operating": 47300000.0,
        "Interest Income Non Operating": 11300000.0,
        "Operating Income": 369200000.0,
        "Operating Expense": 201900000.0,
        "Other Operating Expenses": 72000000.0,
        "Selling General And Administration": 129900000.0,
        "Gross Profit": 571100000.0,
        "Cost Of Revenue": 2822900000.0,
        "Total Revenue": 3394000000.0,
        "Operating Revenue": 3394000000.0
    },
    "2022-03-31": {
        "Diluted EPS": 3.19,
        "Total Revenue": NaN,
        "Gross Profit": NaN,
        "Operating Income": NaN,
        "EBIT": NaN,
        "Net Income": NaN
    },
    "2021-12-31": {
        "Diluted EPS": 1.75,
        "Total Revenue": NaN,
        "Gross Profit": NaN,
        "Operating Income": 970,
        "EBIT": NaN,
        "Net Income": 665
    },
    "2021-09-30": {
        "Diluted EPS": 0.97,
        "Total Revenue": NaN,
        "Gross Profit": 865,
        "Operating Income": 702,
        "EBIT": 905,
        "Net Income": 372
    },
    "2021-06-30": {
        "Diluted EPS": 1.14,
        "Total Revenue": NaN,
        "Gross Profit": 752,
        "Operating Income": 484,
        "EBIT": 706,
        "Net Income": 437
    },
    "2021-03-31": {
        "Diluted EPS": 0.41,
        "Total Revenue": NaN,
        "Gross Profit": 435,
        "Operating Income": 313,
        "EBIT": 539,
        "Net Income": 157
    },
    "2020-12-31": {
        "Diluted EPS": 2.19,
        "Total Revenue": NaN,
        "Gross Profit": 411,
        "Operating Income": 295,
        "EBIT": 521,
        "Net Income": 828
    },
    "2020-09-30": {
        "Diluted EPS": -0.02,
        "Total Revenue": NaN,
        "Gross Profit": 355,
        "Operating Income": 99,
        "EBIT": 321,
        "Net Income": -6
    },
    "2020-06-30": {
        "Diluted EPS": 0.12,
        "Total Revenue": NaN,
        "Gross Profit": 257,
        "Operating Income": 86,
        "EBIT": 318,
        "Net Income": 47
    },
    "2020-03-31": {
        "Diluted EPS": -0.54,
        "Total Revenue": NaN,
        "Gross Profit": 41,
        "Operating Income": -66,
        "EBIT": 169,
        "Net Income": -203
    },
    "2019-12-31": {
        "Diluted EPS": -2.41,
        "Total Revenue": NaN,
        "Gross Profit": 81,
        "Operating Income": NaN,
        "EBIT": -360,
        "Net Income": -921
    },
    "2019-09-30": {
        "Diluted EPS": -0.11,
        "Total Revenue": NaN,
        "Gross Profit": 280,
        "Operating Income": 140,
        "EBIT": 366,
        "Net Income": -44
    },
    "2019-06-30": {
        "Diluted EPS": -0.6,
        "Total Revenue": NaN,
        "Gross Profit": 227,
        "Operating Income": -242,
        "EBIT": -8,
        "Net Income": -233
    },
    "2019-03-31": {
        "Diluted EPS": 0.34,
        "Total Revenue": NaN,
        "Gross Profit": 310,
        "Operating Income": 202,
        "EBIT": 436,
        "Net Income": 131
    },
    "2018-12-31": {
        "Diluted EPS": 0.29,
        "Total Revenue": NaN,
        "Gross Profit": 466,
        "Operating Income": 258,
        "EBIT": 502,
        "Net Income": 112
    },
    "2018-09-30": {
        "Diluted EPS": 0.64,
        "Total Revenue": NaN,
        "Gross Profit": 496,
        "Operating Income": 393,
        "EBIT": 619,
        "Net Income": 248
    },
    "2018-06-30": {
        "Diluted EPS": 0.18,
        "Total Revenue": NaN,
        "Gross Profit": 295,
        "Operating Income": 196,
        "EBIT": 410,
        "Net Income": 68
    },
    "2018-03-31": {
        "Diluted EPS": 0.11,
        "Total Revenue": NaN,
        "Gross Profit": 242,
        "Operating Income": 81,
        "EBIT": 280,
        "Net Income": 42
    },
    "2017-12-31": {
        "Diluted EPS": -1.24,
        "Total Revenue": NaN,
        "Gross Profit": 280,
        "Operating Income": 127,
        "EBIT": 305,
        "Net Income": -431
    },
    "2017-09-30": {
        "Diluted EPS": 0.65,
        "Total Revenue": NaN,
        "Gross Profit": 241,
        "Operating Income": 214,
        "EBIT": 389,
        "Net Income": 228
    },
    "2017-06-30": {
        "Diluted EPS": 0.28,
        "Total Revenue": NaN,
        "Gross Profit": 192,
        "Operating Income": 95,
        "EBIT": 267,
        "Net Income": 97
    },
    "2017-03-31": {
        "Diluted EPS": -0.0,
        "Total Revenue": NaN,
        "Gross Profit": 130,
        "Operating Income": 30,
        "EBIT": 195,
        "Net Income": -1
    },
    "2016-12-31": {
        "Diluted EPS": 0.04,
        "Total Revenue": NaN,
        "Gross Profit": 206,
        "Operating Income": 74,
        "EBIT": 250,
        "Net Income": 12
    },
    "2016-09-30": {
        "Diluted EPS": 0.11,
        "Total Revenue": NaN,
        "Gross Profit": 213,
        "Operating Income": 70,
        "EBIT": 253,
        "Net Income": 39
    },
    "2016-06-30": {
        "Diluted EPS": -0.03,
        "Total Revenue": NaN,
        "Gross Profit": 154,
        "Operating Income": 12,
        "EBIT": 212,
        "Net Income": -10
    },
    "2016-03-31": {
        "Diluted EPS": 0.73,
        "Total Revenue": NaN,
        "Gross Profit": 237,
        "Operating Income": 163,
        "EBIT": 357,
        "Net Income": 257
    },
    "2015-12-31": {
        "Diluted EPS": 0.45,
        "Total Revenue": NaN,
        "Gross Profit": 356,
        "Operating Income": 204,
        "EBIT": 398,
        "Net Income": 155
    },
    "2015-09-30": {
        "Diluted EPS": 0.45,
        "Total Revenue": NaN,
        "Gross Profit": 335,
        "Operating Income": 246,
        "EBIT": 435,
        "Net Income": 160
    },
    "2015-06-30": {
        "Diluted EPS": 1.08,
        "Total Revenue": NaN,
        "Gross Profit": 608,
        "Operating Income": 510,
        "EBIT": 709,
        "Net Income": 391
    },
    "2015-03-31": {
        "Diluted EPS": 0.8,
        "Total Revenue": NaN,
        "Gross Profit": 419,
        "Operating Income": 319,
        "EBIT": 509,
        "Net Income": 295
    },
    "2014-12-31": {
        "Diluted EPS": 0.96,
        "Total Revenue": NaN,
        "Gross Profit": 579,
        "Operating Income": 365,
        "EBIT": 579,
        "Net Income": 361
    },
    "2014-09-30": {
        "Diluted EPS": 0.54,
        "Total Revenue": NaN,
        "Gross Profit": 415,
        "Operating Income": 277,
        "EBIT": 480,
        "Net Income": 202
    },
    "2014-06-30": {
        "Diluted EPS": 0.64,
        "Total Revenue": NaN,
        "Gross Profit": 521,
        "Operating Income": 403,
        "EBIT": 644,
        "Net Income": 248
    },
    "2014-03-31": {
        "Diluted EPS": 0.54,
        "Total Revenue": NaN,
        "Gross Profit": 412,
        "Operating Income": 267,
        "EBIT": 451,
        "Net Income": 218
    },
    "2013-12-31": {
        "Diluted EPS": 0.3,
        "Total Revenue": NaN,
        "Gross Profit": 322,
        "Operating Income": 179,
        "EBIT": 302,
        "Net Income": 125
    },
    "2013-09-30": {
        "Diluted EPS": 0.29,
        "Total Revenue": NaN,
        "Gross Profit": 387,
        "Operating Income": 144,
        "EBIT": 320,
        "Net Income": 124
    },
    "2013-06-30": {
        "Diluted EPS": 1.01,
        "Total Revenue": NaN,
        "Gross Profit": 665,
        "Operating Income": 526,
        "EBIT": 402,
        "Net Income": 430
    },
    "2013-05-31": {
        "Diluted EPS": 0.0,
        "Total Revenue": NaN,
        "Gross Profit": NaN,
        "Operating Income": NaN,
        "EBIT": 123,
        "Net Income": NaN
    },
    "2013-03-31": {
        "Diluted EPS": 0.89,
        "Total Revenue": NaN,
        "Gross Profit": 642,
        "Operating Income": 491,
        "EBIT": 954,
        "Net Income": 380
    },
    "2013-02-28": {
        "Diluted EPS": 0.81,
        "Total Revenue": NaN,
        "Gross Profit": 568,
        "Operating Income": 419,
        "EBIT": 882,
        "Net Income": 345
    },
    "2012-11-30": {
        "Diluted EPS": 1.47,
        "Total Revenue": NaN,
        "Gross Profit": 676,
        "Operating Income": 560,
        "EBIT": 861,
        "Net Income": 629
    },
    "2012-09-30": {
        "Diluted EPS": 0.98,
        "Total Revenue": NaN,
        "Gross Profit": 775,
        "Operating Income": 644,
        "EBIT": 644,
        "Net Income": 417
    },
    "2012-08-31": {
        "Diluted EPS": 1.01,
        "Total Revenue": NaN,
        "Gross Profit": 747,
        "Operating Income": 610,
        "EBIT": 610,
        "Net Income": 429
    },
    "2012-05-31": {
        "Diluted EPS": 0.0,
        "Total Revenue": NaN,
        "Gross Profit": NaN,
        "Operating Income": NaN,
        "EBIT": NaN,
        "Net Income": NaN
    },
    "2012-02-29": {
        "Diluted EPS": 0.64,
        "Total Revenue": NaN,
        "Gross Profit": 522,
        "Operating Income": 414,
        "EBIT": 715,
        "Net Income": 273
    },
    "2011-11-30": {
        "Diluted EPS": 1.4,
        "Total Revenue": NaN,
        "Gross Profit": 881,
        "Operating Income": 797,
        "EBIT": NaN,
        "Net Income": 624
    },
    "2011-08-31": {
        "Diluted EPS": 1.17,
        "Total Revenue": NaN,
        "Gross Profit": 848,
        "Operating Income": 730,
        "EBIT": 730,
        "Net Income": 526
    },
    "2011-05-31": {
        "Diluted EPS": 0.0,
        "Total Revenue": NaN,
        "Gross Profit": NaN,
        "Operating Income": NaN,
        "EBIT": NaN,
        "Net Income": NaN
    },
    "2011-02-28": {
        "Diluted EPS": 1.21,
        "Total Revenue": NaN,
        "Gross Profit": 854,
        "Operating Income": 771,
        "EBIT": NaN,
        "Net Income": 542
    },
    "2010-11-30": {
        "Diluted EPS": 2.29,
        "Total Revenue": NaN,
        "Gross Profit": 768,
        "Operating Income": 658,
        "EBIT": 883,
        "Net Income": NaN
    },
    "2010-08-31": {
        "Diluted EPS": 0.67,
        "Total Revenue": NaN,
        "Gross Profit": 505,
        "Operating Income": 410,
        "EBIT": 410,
        "Net Income": 298
    },
    "2010-05-31": {
        "Diluted EPS": 0.0,
        "Total Revenue": NaN,
        "Gross Profit": NaN,
        "Operating Income": NaN,
        "EBIT": NaN,
        "Net Income": NaN
    },
    "2010-02-28": {
        "Diluted EPS": 0.5,
        "Total Revenue": NaN,
        "Gross Profit": 477,
        "Operating Income": 389,
        "EBIT": 614,
        "Net Income": 223
    },
    "2009-11-30": {
        "Diluted EPS": 0.24,
        "Total Revenue": NaN,
        "Gross Profit": 307,
        "Operating Income": 200,
        "EBIT": 464,
        "Net Income": 108
    },
    "2009-08-31": {
        "Diluted EPS": 0.23,
        "Total Revenue": NaN,
        "Gross Profit": 222,
        "Operating Income": 134,
        "EBIT": 134,
        "Net Income": 101
    },
    "2009-05-31": {
        "Diluted EPS": 0.0,
        "Total Revenue": NaN,
        "Gross Profit": NaN,
        "Operating Income": NaN,
        "EBIT": NaN,
        "Net Income": NaN
    },
    "2009-02-28": {
        "Diluted EPS": 0.13,
        "Total Revenue": NaN,
        "Gross Profit": 140,
        "Operating Income": 44,
        "EBIT": 307,
        "Net Income": 59
    },
    "2023-09-30": {
        "Tax Effect Of Unusual Items": -30717300.0,
        "Tax Rate For Calcs": 0.317,
        "Normalized EBITDA": 357300000.0,
        "Total Unusual Items": -96900000.0,
        "Total Unusual Items Excluding Goodwill": -96900000.0,
        "Net Income From Continuing Operation Net Minority Interest": -4200000.0,
        "Reconciled Depreciation": 238700000.0,
        "Reconciled Cost Of Revenue": 3138700000.0,
        "EBITDA": 260400000.0,
        "EBIT": 21700000.0,
        "Net Interest Income": -17400000.0,
        "Interest Expense": 40300000.0,
        "Interest Income": 22900000.0,
        "Normalized Income": 61982700.0,
        "Net Income From Continuing And Discontinued Operation": -4200000.0,
        "Total Expenses": 3402500000.0,
        "Total Operating Income As Reported": 145800000.0,
        "Diluted Average Shares": 331500000.0,
        "Basic Average Shares": 328333935.0,
        "Diluted EPS": -0.012792,
        "Basic EPS": -0.012792,
        "Diluted NI Availto Com Stockholders": -4200000.0,
        "Net Income Common Stockholders": -4200000.0,
        "Net Income": -4200000.0,
        "Minority Interests": -7300000.0,
        "Net Income Including Noncontrolling Interests": 3100000.0,
        "Net Income Continuous Operations": 3100000.0,
        "Earnings From Equity Interest Net Of Tax": 15800000.0,
        "Tax Provision": -5900000.0,
        "Pretax Income": -18600000.0,
        "Other Income Expense": -147000000.0,
        "Other Non Operating Income Expenses": -50100000.0,
        "Gain On Sale Of Security": -96900000.0,
        "Net Non Operating Interest Income Expense": -17400000.0,
        "Interest Expense Non Operating": 40300000.0,
        "Interest Income Non Operating": 22900000.0,
        "Operating Income": 145800000.0,
        "Operating Expense": 263800000.0,
        "Other Operating Expenses": 143900000.0,
        "Selling General And Administration": 119900000.0,
        "Gross Profit": 409600000.0,
        "Cost Of Revenue": 3138700000.0,
        "Total Revenue": 3548300000.0,
        "Operating Revenue": 3548300000.0
    },
    "2023-12-31": {
        "Tax Effect Of Unusual Items": 19110000.0,
        "Tax Rate For Calcs": 0.21,
        "Normalized EBITDA": 541800000.0,
        "Total Unusual Items": 91000000.0,
        "Total Unusual Items Excluding Goodwill": 91000000.0,
        "Net Income From Continuing Operation Net Minority Interest": 365300000.0,
        "Reconciled Depreciation": 257700000.0,
        "Reconciled Cost Of Revenue": 2590000000.0,
        "EBITDA": 632800000.0,
        "EBIT": 375100000.0,
        "Net Interest Income": -34900000.0,
        "Interest Expense": 51200000.0,
        "Interest Income": 16300000.0,
        "Normalized Income": 293410000.0,
        "Net Income From Continuing And Discontinued Operation": 365300000.0,
        "Total Expenses": 2871000000.0,
        "Total Operating Income As Reported": 278500000.0,
        "Diluted Average Shares": 327700000.0,
        "Basic Average Shares": 326100000.0,
        "Diluted EPS": 1.11,
        "Basic EPS": 1.12,
        "Diluted NI Availto Com Stockholders": 365300000.0,
        "Net Income Common Stockholders": 365300000.0,
        "Net Income": 365300000.0,
        "Minority Interests": -2700000.0,
        "Net Income Including Noncontrolling Interests": 368000000.0,
        "Net Income Continuous Operations": 368000000.0,
        "Earnings From Equity Interest Net Of Tax": 300000.0,
        "Tax Provision": -43800000.0,
        "Pretax Income": 323900000.0,
        "Other Income Expense": 80300000.0,
        "Other Non Operating Income Expenses": -10700000.0,
        "Gain On Sale Of Security": 91000000.0,
        "Net Non Operating Interest Income Expense": -34900000.0,
        "Interest Expense Non Operating": 51200000.0,
        "Interest Income Non Operating": 16300000.0,
        "Operating Income": 278500000.0,
        "Operating Expense": 281000000.0,
        "Other Operating Expenses": 158000000.0,
        "Selling General And Administration": 123000000.0,
        "Gross Profit": 559500000.0,
        "Cost Of Revenue": 2590000000.0,
        "Total Revenue": 3149500000.0,
        "Operating Revenue": 3149500000.0
    },
    "2024-03-31": {
        "Tax Effect Of Unusual Items": -24673800.0,
        "Tax Rate For Calcs": 0.246,
        "Normalized EBITDA": 424800000.0,
        "Total Unusual Items": -100300000.0,
        "Total Unusual Items Excluding Goodwill": -100300000.0,
        "Net Income From Continuing Operation Net Minority Interest": 45200000.0,
        "Reconciled Depreciation": 241100000.0,
        "Reconciled Cost Of Revenue": 2280200000.0,
        "EBITDA": 324500000.0,
        "EBIT": 83400000.0,
        "Net Interest Income": -48000000.0,
        "Interest Expense": 58200000.0,
        "Interest Income": 10200000.0,
        "Normalized Income": 120826200.0,
        "Net Income From Continuing And Discontinued Operation": 45200000.0,
        "Total Expenses": 2506500000.0,
        "Total Operating Income As Reported": 172900000.0,
        "Diluted Average Shares": 323500000.0,
        "Basic Average Shares": 322100000.0,
        "Diluted EPS": 0.14,
        "Basic EPS": 0.14,
        "Diluted NI Availto Com Stockholders": 45200000.0,
        "Net Income Common Stockholders": 45200000.0,
        "Net Income": 45200000.0,
        "Minority Interests": -11300000.0,
        "Net Income Including Noncontrolling Interests": 56500000.0,
        "Net Income Continuous Operations": 56500000.0,
        "Earnings From Equity Interest Net Of Tax": 37500000.0,
        "Tax Provision": 6200000.0,
        "Pretax Income": 25200000.0,
        "Other Income Expense": -99700000.0,
        "Other Non Operating Income Expenses": 600000.0,
        "Gain On Sale Of Security": -100300000.0,
        "Net Non Operating Interest Income Expense": -48000000.0,
        "Interest Expense Non Operating": 58200000.0,
        "Interest Income Non Operating": 10200000.0,
        "Operating Income": 172900000.0,
        "Operating Expense": 226300000.0,
        "Other Operating Expenses": 119500000.0,
        "Selling General And Administration": 106800000.0,
        "Gross Profit": 399200000.0,
        "Cost Of Revenue": 2280200000.0,
        "Total Revenue": 2679400000.0,
        "Operating Revenue": 2679400000.0
    },
    "2024-06-30": {
        "Tax Effect Of Unusual Items": -56259000.0,
        "Tax Rate For Calcs": 0.21,
        "Normalized EBITDA": 519100000.0,
        "Total Unusual Items": -267900000.0,
        "Total Unusual Items Excluding Goodwill": -267900000.0,
        "Net Income From Continuing Operation Net Minority Interest": -161500000.0,
        "Reconciled Depreciation": 264400000.0,
        "Reconciled Cost Of Revenue": 2422600000.0,
        "EBITDA": 251200000.0,
        "EBIT": -13200000.0,
        "Net Interest Income": -46400000.0,
        "Interest Expense": 61200000.0,
        "Interest Income": 14800000.0,
        "Normalized Income": 50141000.0,
        "Net Income From Continuing And Discontinued Operation": -161500000.0,
        "Total Expenses": 2583300000.0,
        "Total Operating Income As Reported": 233300000.0,
        "Diluted Average Shares": 321200000.0,
        "Basic Average Shares": 321200000.0,
        "Diluted EPS": -0.5,
        "Basic EPS": -0.5,
        "Diluted NI Availto Com Stockholders": -161500000.0,
        "Net Income Common Stockholders": -161500000.0,
        "Net Income": -161500000.0,
        "Minority Interests": -10600000.0,
        "Net Income Including Noncontrolling Interests": -150900000.0,
        "Net Income Continuous Operations": -150900000.0,
        "Earnings From Equity Interest Net Of Tax": 22200000.0,
        "Tax Provision": 98700000.0,
        "Pretax Income": -74400000.0,
        "Other Income Expense": -261300000.0,
        "Other Non Operating Income Expenses": 6600000.0,
        "Gain On Sale Of Security": -267900000.0,
        "Net Non Operating Interest Income Expense": -46400000.0,
        "Interest Expense Non Operating": 61200000.0,
        "Interest Income Non Operating": 14800000.0,
        "Operating Income": 233300000.0,
        "Operating Expense": 160700000.0,
        "Other Operating Expenses": 32300000.0,
        "Selling General And Administration": 128400000.0,
        "Gross Profit": 394000000.0,
        "Cost Of Revenue": 2422600000.0,
        "Total Revenue": 2816600000.0,
        "Operating Revenue": 2816600000.0
    },
    "2024-09-30": {
        "Tax Effect Of Unusual Items": 27848400.0,
        "Tax Rate For Calcs": 0.276,
        "Normalized EBITDA": 361800000.0,
        "Total Unusual Items": 100900000.0,
        "Total Unusual Items Excluding Goodwill": 100900000.0,
        "Net Income From Continuing Operation Net Minority Interest": 122200000.0,
        "Reconciled Depreciation": 237900000.0,
        "Reconciled Cost Of Revenue": 2394100000.0,
        "EBITDA": 462700000.0,
        "EBIT": 224800000.0,
        "Net Interest Income": -41700000.0,
        "Interest Expense": 50600000.0,
        "Interest Income": 8900000.0,
        "Normalized Income": 49148400.0,
        "Net Income From Continuing And Discontinued Operation": 122200000.0,
        "Total Expenses": 2695500000.0,
        "Total Operating Income As Reported": 115400000.0,
        "Diluted Average Shares": 319400000.0,
        "Basic Average Shares": 318400000.0,
        "Diluted EPS": 0.38,
        "Basic EPS": 0.38,
        "Diluted NI Availto Com Stockholders": 122200000.0,
        "Net Income Common Stockholders": 122200000.0,
        "Net Income": 122200000.0,
        "Minority Interests": -8500000.0,
        "Net Income Including Noncontrolling Interests": 130700000.0,
        "Net Income Continuous Operations": 130700000.0,
        "Earnings From Equity Interest Net Of Tax": 4500000.0,
        "Tax Provision": 48000000.0,
        "Pretax Income": 174200000.0,
        "Other Income Expense": 100500000.0,
        "Other Non Operating Income Expenses": -400000.0,
        "Gain On Sale Of Security": 100900000.0,
        "Net Non Operating Interest Income Expense": -41700000.0,
        "Interest Expense Non Operating": 50600000.0,
        "Interest Income Non Operating": 8900000.0,
        "Operating Income": 115400000.0,
        "Operating Expense": 301400000.0,
        "Other Operating Expenses": 153200000.0,
        "Selling General And Administration": 148200000.0,
        "Gross Profit": 416800000.0,
        "Cost Of Revenue": 2394100000.0,
        "Total Revenue": 2810900000.0,
        "Operating Revenue": 2810900000.0
    }
}