{
    "2023-03-31": {
        "Tax Effect Of Unusual Items": NaN,
        "Tax Rate For Calcs": NaN,
        "Normalized EBITDA": NaN,
        "Total Unusual Items": NaN,
        "Total Unusual Items Excluding Goodwill": NaN,
        "Net Income From Continuing Operation Net Minority Interest": NaN,
        "Reconciled Depreciation": NaN,
        "Reconciled Cost Of Revenue": NaN,
        "EBITDA": NaN,
        "EBIT": NaN,
        "Net Interest Income": NaN,
        "Interest Expense": NaN,
        "Interest Income": NaN,
        "Normalized Income": NaN,
        "Net Income From Continuing And Discontinued Operation": NaN,
        "Total Expenses": NaN,
        "Total Operating Income As Reported": NaN,
        "Diluted Average Shares": NaN,
        "Basic Average Shares": NaN,
        "Diluted EPS": NaN,
        "Basic EPS": NaN,
        "Diluted NI Availto Com Stockholders": NaN,
        "Net Income Common Stockholders": NaN,
        "Otherunder Preferred Stock Dividend": NaN,
        "Net Income": NaN,
        "Minority Interests": NaN,
        "Net Income Including Noncontrolling Interests": NaN,
        "Net Income Continuous Operations": NaN,
        "Tax Provision": NaN,
        "Pretax Income": NaN,
        "Other Income Expense": NaN,
        "Other Non Operating Income Expenses": NaN,
        "Special Income Charges": NaN,
        "Gain On Sale Of Ppe": NaN,
        "Other Special Charges": 9000000.0,
        "Earnings From Equity Interest": NaN,
        "Net Non Operating Interest Income Expense": NaN,
        "Total Other Finance Cost": NaN,
        "Interest Expense Non Operating": NaN,
        "Interest Income Non Operating": NaN,
        "Operating Income": NaN,
        "Operating Expense": NaN,
        "Other Taxes": NaN,
        "Selling General And Administration": NaN,
        "General And Administrative Expense": NaN,
        "Other Gand A": NaN,
        "Salaries And Wages": NaN,
        "Gross Profit": NaN,
        "Cost Of Revenue": NaN,
        "Total Revenue": NaN,
        "Operating Revenue": NaN
    },
    "2022-12-31": {
        "Tax Effect Of Unusual Items": NaN,
        "Tax Rate For Calcs": NaN,
        "Normalized EBITDA": NaN,
        "Total Unusual Items": NaN,
        "Total Unusual Items Excluding Goodwill": NaN,
        "Net Income From Continuing Operation Net Minority Interest": NaN,
        "Reconciled Depreciation": NaN,
        "Reconciled Cost Of Revenue": NaN,
        "EBITDA": NaN,
        "EBIT": NaN,
        "Net Interest Income": NaN,
        "Interest Expense": NaN,
        "Interest Income": NaN,
        "Normalized Income": NaN,
        "Net Income From Continuing And Discontinued Operation": NaN,
        "Total Expenses": NaN,
        "Total Operating Income As Reported": NaN,
        "Diluted Average Shares": NaN,
        "Basic Average Shares": NaN,
        "Diluted EPS": NaN,
        "Basic EPS": NaN,
        "Diluted NI Availto Com Stockholders": NaN,
        "Net Income Common Stockholders": NaN,
        "Otherunder Preferred Stock Dividend": NaN,
        "Net Income": NaN,
        "Minority Interests": NaN,
        "Net Income Including Noncontrolling Interests": NaN,
        "Net Income Discontinuous Operations": 72000000.0,
        "Net Income Continuous Operations": NaN,
        "Tax Provision": NaN,
        "Pretax Income": NaN,
        "Other Income Expense": NaN,
        "Other Non Operating Income Expenses": NaN,
        "Special Income Charges": NaN,
        "Gain On Sale Of Ppe": NaN,
        "Other Special Charges": NaN,
        "Earnings From Equity Interest": NaN,
        "Net Non Operating Interest Income Expense": NaN,
        "Total Other Finance Cost": NaN,
        "Interest Expense Non Operating": NaN,
        "Interest Income Non Operating": NaN,
        "Operating Income": NaN,
        "Operating Expense": NaN,
        "Other Operating Expenses": -105000000.0,
        "Other Taxes": NaN,
        "Selling General And Administration": NaN,
        "General And Administrative Expense": NaN,
        "Other Gand A": NaN,
        "Salaries And Wages": NaN,
        "Gross Profit": NaN,
        "Cost Of Revenue": NaN,
        "Total Revenue": NaN,
        "Operating Revenue": NaN
    },
    "2022-09-30": {
        "Tax Effect Of Unusual Items": NaN,
        "Tax Rate For Calcs": NaN,
        "Normalized EBITDA": NaN,
        "Total Unusual Items": NaN,
        "Total Unusual Items Excluding Goodwill": NaN,
        "Net Income From Continuing Operation Net Minority Interest": NaN,
        "Reconciled Depreciation": NaN,
        "Reconciled Cost Of Revenue": NaN,
        "EBITDA": NaN,
        "EBIT": NaN,
        "Net Interest Income": NaN,
        "Interest Expense": NaN,
        "Interest Income": NaN,
        "Normalized Income": NaN,
        "Net Income From Continuing And Discontinued Operation": NaN,
        "Total Expenses": NaN,
        "Total Operating Income As Reported": NaN,
        "Diluted Average Shares": NaN,
        "Basic Average Shares": NaN,
        "Diluted EPS": NaN,
        "Basic EPS": NaN,
        "Diluted NI Availto Com Stockholders": NaN,
        "Net Income Common Stockholders": NaN,
        "Otherunder Preferred Stock Dividend": NaN,
        "Net Income": NaN,
        "Minority Interests": NaN,
        "Net Income Including Noncontrolling Interests": NaN,
        "Net Income Discontinuous Operations": 0.0,
        "Net Income Continuous Operations": NaN,
        "Tax Provision": NaN,
        "Pretax Income": NaN,
        "Other Income Expense": NaN,
        "Other Non Operating Income Expenses": NaN,
        "Special Income Charges": NaN,
        "Gain On Sale Of Ppe": NaN,
        "Other Special Charges": 2000000.0,
        "Earnings From Equity Interest": NaN,
        "Net Non Operating Interest Income Expense": NaN,
        "Total Other Finance Cost": NaN,
        "Interest Expense Non Operating": NaN,
        "Interest Income Non Operating": NaN,
        "Operating Income": NaN,
        "Operating Expense": NaN,
        "Other Operating Expenses": -219000000.0,
        "Other Taxes": NaN,
        "Selling General And Administration": NaN,
        "General And Administrative Expense": NaN,
        "Other Gand A": NaN,
        "Salaries And Wages": -7000000.0,
        "Gross Profit": NaN,
        "Cost Of Revenue": NaN,
        "Total Revenue": NaN,
        "Operating Revenue": NaN
    },
    "2022-06-30": {
        "Tax Effect Of Unusual Items": 8752619.760479,
        "Tax Rate For Calcs": 0.224426,
        "Normalized EBITDA": 7846000000.0,
        "Total Unusual Items": 39000000.0,
        "Total Unusual Items Excluding Goodwill": 39000000.0,
        "Net Income From Continuing Operation Net Minority Interest": 5873000000.0,
        "Reconciled Depreciation": 819000000.0,
        "Reconciled Cost Of Revenue": 45026000000.0,
        "EBITDA": 7885000000.0,
        "EBIT": 7885000000.0,
        "Net Interest Income": -312000000.0,
        "Interest Expense": 312000000.0,
        "Interest Income": 18000000.0,
        "Normalized Income": 5842752619.760479,
        "Net Income From Continuing And Discontinued Operation": 5873000000.0,
        "Total Expenses": 45910000000.0,
        "Total Operating Income As Reported": 8328000000.0,
        "Diluted Average Shares": 536000000.0,
        "Basic Average Shares": 532000000.0,
        "Diluted EPS": 10.95,
        "Basic EPS": 11.03,
        "Diluted NI Availto Com Stockholders": 5873000000.0,
        "Net Income Common Stockholders": 5873000000.0,
        "Otherunder Preferred Stock Dividend": 3000000.0,
        "Net Income": 5873000000.0,
        "Minority Interests": -344000000.0,
        "Net Income Including Noncontrolling Interests": 6217000000.0,
        "Net Income Discontinuous Operations": 0.0,
        "Net Income Continuous Operations": 6217000000.0,
        "Tax Provision": 1799000000.0,
        "Pretax Income": 8016000000.0,
        "Other Income Expense": 443000000.0,
        "Other Non Operating Income Expenses": 257000000.0,
        "Special Income Charges": 39000000.0,
        "Gain On Sale Of Ppe": 39000000.0,
        "Other Special Charges": NaN,
        "Earnings From Equity Interest": 147000000.0,
        "Net Non Operating Interest Income Expense": -312000000.0,
        "Total Other Finance Cost": 312000000.0,
        "Interest Expense Non Operating": 312000000.0,
        "Interest Income Non Operating": 18000000.0,
        "Operating Income": 7885000000.0,
        "Operating Expense": 884000000.0,
        "Other Operating Expenses": -257000000.0,
        "Other Taxes": 190000000.0,
        "Selling General And Administration": 694000000.0,
        "Gross Profit": 8769000000.0,
        "Cost Of Revenue": 45026000000.0,
        "Total Revenue": 53795000000.0,
        "Operating Revenue": 53795000000.0
    },
    "2023-06-30": {
        "Tax Effect Of Unusual Items": NaN,
        "Tax Rate For Calcs": NaN,
        "Normalized EBITDA": NaN,
        "Total Unusual Items": NaN,
        "Total Unusual Items Excluding Goodwill": NaN,
        "Net Income From Continuing Operation Net Minority Interest": NaN,
        "Reconciled Depreciation": NaN,
        "Reconciled Cost Of Revenue": NaN,
        "EBITDA": NaN,
        "EBIT": NaN,
        "Net Interest Income": NaN,
        "Interest Expense": NaN,
        "Interest Income": NaN,
        "Normalized Income": NaN,
        "Net Income From Continuing And Discontinued Operation": NaN,
        "Total Expenses": NaN,
        "Total Operating Income As Reported": 3305000000.0,
        "Diluted Average Shares": NaN,
        "Basic Average Shares": NaN,
        "Diluted EPS": NaN,
        "Basic EPS": NaN,
        "Diluted NI Availto Com Stockholders": NaN,
        "Net Income Common Stockholders": NaN,
        "Otherunder Preferred Stock Dividend": 1000000.0,
        "Net Income": NaN,
        "Minority Interests": NaN,
        "Net Income Including Noncontrolling Interests": NaN,
        "Net Income Continuous Operations": NaN,
        "Tax Provision": NaN,
        "Pretax Income": NaN,
        "Other Income Expense": NaN,
        "Other Non Operating Income Expenses": NaN,
        "Special Income Charges": NaN,
        "Gain On Sale Of Ppe": NaN,
        "Other Special Charges": NaN,
        "Earnings From Equity Interest": NaN,
        "Net Non Operating Interest Income Expense": NaN,
        "Total Other Finance Cost": NaN,
        "Interest Expense Non Operating": NaN,
        "Interest Income Non Operating": NaN,
        "Operating Income": NaN,
        "Operating Expense": NaN,
        "Other Taxes": NaN,
        "Selling General And Administration": NaN,
        "General And Administrative Expense": NaN,
        "Other Gand A": NaN,
        "Salaries And Wages": NaN,
        "Gross Profit": NaN,
        "Cost Of Revenue": NaN,
        "Total Revenue": NaN,
        "Operating Revenue": NaN
    },
    "2022-03-31": {
        "Diluted EPS": 1.49,
        "Total Revenue": NaN,
        "Gross Profit": NaN,
        "Operating Income": NaN,
        "EBIT": NaN,
        "Net Income": 845
    },
    "2021-12-31": {
        "Diluted EPS": 1.52,
        "Total Revenue": NaN,
        "Gross Profit": NaN,
        "Operating Income": NaN,
        "EBIT": NaN,
        "Net Income": 774
    },
    "2021-09-30": {
        "Diluted EPS": 1.09,
        "Total Revenue": NaN,
        "Gross Profit": NaN,
        "Operating Income": NaN,
        "EBIT": NaN,
        "Net Income": 694
    },
    "2021-06-30": {
        "Diluted EPS": 13.0,
        "Total Revenue": NaN,
        "Gross Profit": NaN,
        "Operating Income": 965,
        "EBIT": NaN,
        "Net Income": NaN
    },
    "2021-03-31": {
        "Diluted EPS": -0.37,
        "Total Revenue": NaN,
        "Gross Profit": NaN,
        "Operating Income": 217,
        "EBIT": NaN,
        "Net Income": -242
    },
    "2020-12-31": {
        "Diluted EPS": 0.47,
        "Total Revenue": NaN,
        "Gross Profit": 756,
        "Operating Income": 390,
        "EBIT": NaN,
        "Net Income": 285
    },
    "2020-09-30": {
        "Diluted EPS": -1.36,
        "Total Revenue": NaN,
        "Gross Profit": 735,
        "Operating Income": NaN,
        "EBIT": -208,
        "Net Income": -886
    },
    "2020-06-30": {
        "Diluted EPS": 0.01,
        "Total Revenue": NaN,
        "Gross Profit": 693,
        "Operating Income": 575,
        "EBIT": NaN,
        "Net Income": 9
    },
    "2020-03-31": {
        "Diluted EPS": -14.25,
        "Total Revenue": NaN,
        "Gross Profit": NaN,
        "Operating Income": NaN,
        "EBIT": NaN,
        "Net Income": NaN
    },
    "2019-12-31": {
        "Diluted EPS": 0.66,
        "Total Revenue": NaN,
        "Gross Profit": NaN,
        "Operating Income": 71,
        "EBIT": 935,
        "Net Income": 443
    },
    "2019-09-30": {
        "Diluted EPS": 1.66,
        "Total Revenue": NaN,
        "Gross Profit": NaN,
        "Operating Income": NaN,
        "EBIT": NaN,
        "Net Income": NaN
    },
    "2019-06-30": {
        "Diluted EPS": 1.66,
        "Total Revenue": NaN,
        "Gross Profit": NaN,
        "Operating Income": NaN,
        "EBIT": NaN,
        "Net Income": NaN
    },
    "2019-03-31": {
        "Diluted EPS": -0.01,
        "Total Revenue": NaN,
        "Gross Profit": NaN,
        "Operating Income": 669,
        "EBIT": NaN,
        "Net Income": -7
    },
    "2018-12-31": {
        "Diluted EPS": 1.31,
        "Total Revenue": NaN,
        "Gross Profit": NaN,
        "Operating Income": NaN,
        "EBIT": NaN,
        "Net Income": 951
    },
    "2018-09-30": {
        "Diluted EPS": 1.62,
        "Total Revenue": NaN,
        "Gross Profit": NaN,
        "Operating Income": NaN,
        "EBIT": NaN,
        "Net Income": 737
    },
    "2018-06-30": {
        "Diluted EPS": 2.27,
        "Total Revenue": NaN,
        "Gross Profit": NaN,
        "Operating Income": NaN,
        "EBIT": NaN,
        "Net Income": NaN
    },
    "2018-03-31": {
        "Diluted EPS": 0.08,
        "Total Revenue": NaN,
        "Gross Profit": NaN,
        "Operating Income": 440,
        "EBIT": 986,
        "Net Income": 37
    },
    "2017-12-31": {
        "Diluted EPS": 3.94,
        "Total Revenue": NaN,
        "Gross Profit": NaN,
        "Operating Income": NaN,
        "EBIT": NaN,
        "Net Income": NaN
    },
    "2017-09-30": {
        "Diluted EPS": 1.77,
        "Total Revenue": NaN,
        "Gross Profit": NaN,
        "Operating Income": NaN,
        "EBIT": NaN,
        "Net Income": 903
    },
    "2017-06-30": {
        "Diluted EPS": 0.93,
        "Total Revenue": NaN,
        "Gross Profit": NaN,
        "Operating Income": 982,
        "EBIT": NaN,
        "Net Income": 483
    },
    "2017-03-31": {
        "Diluted EPS": 0.06,
        "Total Revenue": NaN,
        "Gross Profit": NaN,
        "Operating Income": 291,
        "EBIT": 842,
        "Net Income": 30
    },
    "2016-12-31": {
        "Diluted EPS": 0.43,
        "Total Revenue": NaN,
        "Gross Profit": NaN,
        "Operating Income": 561,
        "EBIT": NaN,
        "Net Income": 227
    },
    "2016-09-30": {
        "Diluted EPS": 0.27,
        "Total Revenue": NaN,
        "Gross Profit": NaN,
        "Operating Income": 435,
        "EBIT": 960,
        "Net Income": 145
    },
    "2016-06-30": {
        "Diluted EPS": 1.51,
        "Total Revenue": NaN,
        "Gross Profit": NaN,
        "Operating Income": NaN,
        "EBIT": NaN,
        "Net Income": 801
    },
    "2016-03-31": {
        "Diluted EPS": 0.0,
        "Total Revenue": NaN,
        "Gross Profit": NaN,
        "Operating Income": 75,
        "EBIT": 580,
        "Net Income": 1
    },
    "2015-12-31": {
        "Diluted EPS": 0.37,
        "Total Revenue": NaN,
        "Gross Profit": NaN,
        "Operating Income": 338,
        "EBIT": 758,
        "Net Income": 187
    },
    "2015-09-30": {
        "Diluted EPS": 1.76,
        "Total Revenue": NaN,
        "Gross Profit": NaN,
        "Operating Income": NaN,
        "EBIT": NaN,
        "Net Income": 948
    },
    "2015-06-30": {
        "Diluted EPS": 1.51,
        "Total Revenue": NaN,
        "Gross Profit": NaN,
        "Operating Income": NaN,
        "EBIT": NaN,
        "Net Income": 826
    },
    "2015-03-31": {
        "Diluted EPS": 1.62,
        "Total Revenue": NaN,
        "Gross Profit": NaN,
        "Operating Income": NaN,
        "EBIT": NaN,
        "Net Income": 891
    },
    "2014-12-31": {
        "Diluted EPS": 1.4,
        "Total Revenue": NaN,
        "Gross Profit": NaN,
        "Operating Income": NaN,
        "EBIT": NaN,
        "Net Income": 799
    },
    "2014-09-30": {
        "Diluted EPS": 1.18,
        "Total Revenue": NaN,
        "Gross Profit": NaN,
        "Operating Income": NaN,
        "EBIT": NaN,
        "Net Income": 672
    },
    "2014-06-30": {
        "Diluted EPS": 1.48,
        "Total Revenue": NaN,
        "Gross Profit": NaN,
        "Operating Income": NaN,
        "EBIT": NaN,
        "Net Income": 854
    },
    "2014-03-31": {
        "Diluted EPS": 0.34,
        "Total Revenue": NaN,
        "Gross Profit": NaN,
        "Operating Income": 361,
        "EBIT": 681,
        "Net Income": 199
    },
    "2013-12-31": {
        "Diluted EPS": 1.05,
        "Total Revenue": NaN,
        "Gross Profit": NaN,
        "Operating Income": NaN,
        "EBIT": NaN,
        "Net Income": 622
    },
    "2013-09-30": {
        "Diluted EPS": 0.27,
        "Total Revenue": NaN,
        "Gross Profit": NaN,
        "Operating Income": 301,
        "EBIT": 600,
        "Net Income": 168
    },
    "2013-06-30": {
        "Diluted EPS": 0.92,
        "Total Revenue": NaN,
        "Gross Profit": NaN,
        "Operating Income": 960,
        "EBIT": NaN,
        "Net Income": 593
    },
    "2013-03-31": {
        "Diluted EPS": 1.09,
        "Total Revenue": NaN,
        "Gross Profit": NaN,
        "Operating Income": NaN,
        "EBIT": NaN,
        "Net Income": 725
    },
    "2012-12-31": {
        "Diluted EPS": 1.11,
        "Total Revenue": NaN,
        "Gross Profit": NaN,
        "Operating Income": NaN,
        "EBIT": NaN,
        "Net Income": 749
    },
    "2012-09-30": {
        "Diluted EPS": 1.8,
        "Total Revenue": NaN,
        "Gross Profit": NaN,
        "Operating Income": NaN,
        "EBIT": NaN,
        "Net Income": NaN
    },
    "2012-06-30": {
        "Diluted EPS": 1.19,
        "Total Revenue": NaN,
        "Gross Profit": NaN,
        "Operating Income": NaN,
        "EBIT": NaN,
        "Net Income": 814
    },
    "2012-03-31": {
        "Diluted EPS": 0.85,
        "Total Revenue": NaN,
        "Gross Profit": NaN,
        "Operating Income": 956,
        "EBIT": NaN,
        "Net Income": 596
    },
    "2011-12-31": {
        "Diluted EPS": -0.11,
        "Total Revenue": NaN,
        "Gross Profit": NaN,
        "Operating Income": -158,
        "EBIT": 72,
        "Net Income": -77
    },
    "2011-09-30": {
        "Diluted EPS": 1.58,
        "Total Revenue": NaN,
        "Gross Profit": NaN,
        "Operating Income": NaN,
        "EBIT": NaN,
        "Net Income": NaN
    },
    "2011-06-30": {
        "Diluted EPS": 1.12,
        "Total Revenue": NaN,
        "Gross Profit": NaN,
        "Operating Income": NaN,
        "EBIT": NaN,
        "Net Income": 802
    },
    "2011-03-31": {
        "Diluted EPS": 0.74,
        "Total Revenue": NaN,
        "Gross Profit": NaN,
        "Operating Income": 819,
        "EBIT": NaN,
        "Net Income": 529
    },
    "2010-12-31": {
        "Diluted EPS": 0.0,
        "Total Revenue": NaN,
        "Gross Profit": NaN,
        "Operating Income": NaN,
        "EBIT": NaN,
        "Net Income": NaN
    },
    "2010-09-30": {
        "Diluted EPS": 0.39,
        "Total Revenue": NaN,
        "Gross Profit": NaN,
        "Operating Income": 443,
        "EBIT": 677,
        "Net Income": 277
    },
    "2010-06-30": {
        "Diluted EPS": 0.57,
        "Total Revenue": NaN,
        "Gross Profit": NaN,
        "Operating Income": 636,
        "EBIT": 636,
        "Net Income": 405
    },
    "2009-12-31": {
        "Diluted EPS": 0.0,
        "Total Revenue": NaN,
        "Gross Profit": NaN,
        "Operating Income": NaN,
        "EBIT": NaN,
        "Net Income": NaN
    },
    "2023-09-30": {
        "Tax Effect Of Unusual Items": 23827400.21575,
        "Tax Rate For Calcs": 0.216613,
        "Normalized EBITDA": 5690000000.0,
        "Total Unusual Items": 110000000.0,
        "Total Unusual Items Excluding Goodwill": 110000000.0,
        "Net Income From Continuing Operation Net Minority Interest": 3280000000.0,
        "Reconciled Depreciation": 845000000.0,
        "Reconciled Cost Of Revenue": 35773000000.0,
        "EBITDA": 5800000000.0,
        "EBIT": 4955000000.0,
        "Net Interest Income": -138000000.0,
        "Interest Expense": 320000000.0,
        "Interest Income": 141000000.0,
        "Normalized Income": 3193827400.21575,
        "Net Income From Continuing And Discontinued Operation": 3280000000.0,
        "Total Expenses": 36810000000.0,
        "Total Operating Income As Reported": 4753000000.0,
        "Diluted Average Shares": 396000000.0,
        "Basic Average Shares": 394000000.0,
        "Diluted EPS": 8.28,
        "Basic EPS": 8.31,
        "Diluted NI Availto Com Stockholders": 3278000000.0,
        "Net Income Common Stockholders": 3278000000.0,
        "Otherunder Preferred Stock Dividend": 2000000.0,
        "Net Income": 3280000000.0,
        "Minority Interests": -351000000.0,
        "Net Income Including Noncontrolling Interests": 3631000000.0,
        "Net Income Continuous Operations": 3631000000.0,
        "Tax Provision": 1004000000.0,
        "Pretax Income": 4635000000.0,
        "Other Income Expense": 666000000.0,
        "Other Non Operating Income Expenses": 341000000.0,
        "Special Income Charges": 110000000.0,
        "Gain On Sale Of Ppe": 110000000.0,
        "Other Special Charges": NaN,
        "Earnings From Equity Interest": 215000000.0,
        "Net Non Operating Interest Income Expense": -138000000.0,
        "Total Other Finance Cost": -41000000.0,
        "Interest Expense Non Operating": 320000000.0,
        "Interest Income Non Operating": 141000000.0,
        "Operating Income": 4107000000.0,
        "Operating Expense": 1037000000.0,
        "Other Taxes": 233000000.0,
        "Selling General And Administration": 804000000.0,
        "General And Administrative Expense": 804000000.0,
        "Other Gand A": 824000000.0,
        "Salaries And Wages": -20000000.0,
        "Gross Profit": 5144000000.0,
        "Cost Of Revenue": 35773000000.0,
        "Total Revenue": 40917000000.0,
        "Operating Revenue": 40917000000.0
    },
    "2023-12-31": {
        "Tax Effect Of Unusual Items": 16215849.38704,
        "Tax Rate For Calcs": 0.178196,
        "Normalized EBITDA": 3339000000.0,
        "Total Unusual Items": 91000000.0,
        "Total Unusual Items Excluding Goodwill": 91000000.0,
        "Net Income From Continuing Operation Net Minority Interest": 1451000000.0,
        "Reconciled Depreciation": 828000000.0,
        "Reconciled Cost Of Revenue": 33410000000.0,
        "EBITDA": 3430000000.0,
        "EBIT": 2602000000.0,
        "Net Interest Income": -132000000.0,
        "Interest Expense": 318000000.0,
        "Interest Income": 291000000.0,
        "Normalized Income": 1376215849.38704,
        "Net Income From Continuing And Discontinued Operation": 1451000000.0,
        "Total Expenses": 34407000000.0,
        "Total Operating Income As Reported": NaN,
        "Diluted Average Shares": 377000000.0,
        "Basic Average Shares": 376000000.0,
        "Diluted EPS": 3.84,
        "Basic EPS": 3.86,
        "Diluted NI Availto Com Stockholders": 1449000000.0,
        "Net Income Common Stockholders": 1449000000.0,
        "Otherunder Preferred Stock Dividend": 2000000.0,
        "Net Income": 1451000000.0,
        "Minority Interests": -426000000.0,
        "Net Income Including Noncontrolling Interests": 1877000000.0,
        "Net Income Continuous Operations": 1877000000.0,
        "Tax Provision": 407000000.0,
        "Pretax Income": 2284000000.0,
        "Other Income Expense": 568000000.0,
        "Other Non Operating Income Expenses": 282000000.0,
        "Special Income Charges": 91000000.0,
        "Gain On Sale Of Ppe": 91000000.0,
        "Other Special Charges": 0.0,
        "Earnings From Equity Interest": 195000000.0,
        "Net Non Operating Interest Income Expense": -132000000.0,
        "Total Other Finance Cost": 105000000.0,
        "Interest Expense Non Operating": 318000000.0,
        "Interest Income Non Operating": 291000000.0,
        "Operating Income": 1848000000.0,
        "Operating Expense": 997000000.0,
        "Other Taxes": 198000000.0,
        "Selling General And Administration": 799000000.0,
        "General And Administrative Expense": 799000000.0,
        "Other Gand A": 820000000.0,
        "Salaries And Wages": -21000000.0,
        "Gross Profit": 2845000000.0,
        "Cost Of Revenue": 33410000000.0,
        "Total Revenue": 36255000000.0,
        "Operating Revenue": 36255000000.0
    },
    "2024-03-31": {
        "Tax Effect Of Unusual Items": 3651090.342679,
        "Tax Rate For Calcs": 0.182555,
        "Normalized EBITDA": 2741000000.0,
        "Total Unusual Items": 20000000.0,
        "Total Unusual Items Excluding Goodwill": 20000000.0,
        "Net Income From Continuing Operation Net Minority Interest": 937000000.0,
        "Reconciled Depreciation": 827000000.0,
        "Reconciled Cost Of Revenue": 30420000000.0,
        "EBITDA": 2761000000.0,
        "EBIT": 1934000000.0,
        "Net Interest Income": -190000000.0,
        "Interest Expense": 329000000.0,
        "Interest Income": 101000000.0,
        "Normalized Income": 920651090.342679,
        "Net Income From Continuing And Discontinued Operation": 937000000.0,
        "Total Expenses": 31416000000.0,
        "Total Operating Income As Reported": 1784000000.0,
        "Diluted Average Shares": 362000000.0,
        "Basic Average Shares": 361000000.0,
        "Diluted EPS": 2.58,
        "Basic EPS": 2.59,
        "Diluted NI Availto Com Stockholders": 936000000.0,
        "Net Income Common Stockholders": 936000000.0,
        "Otherunder Preferred Stock Dividend": 1000000.0,
        "Net Income": 937000000.0,
        "Minority Interests": -375000000.0,
        "Net Income Including Noncontrolling Interests": 1312000000.0,
        "Net Income Continuous Operations": 1312000000.0,
        "Tax Provision": 293000000.0,
        "Pretax Income": 1605000000.0,
        "Other Income Expense": 505000000.0,
        "Other Non Operating Income Expenses": 281000000.0,
        "Special Income Charges": 20000000.0,
        "Gain On Sale Of Ppe": 20000000.0,
        "Other Special Charges": NaN,
        "Earnings From Equity Interest": 204000000.0,
        "Net Non Operating Interest Income Expense": -190000000.0,
        "Total Other Finance Cost": -38000000.0,
        "Interest Expense Non Operating": 329000000.0,
        "Interest Income Non Operating": 101000000.0,
        "Operating Income": 1290000000.0,
        "Operating Expense": 996000000.0,
        "Other Taxes": 228000000.0,
        "Selling General And Administration": 768000000.0,
        "General And Administrative Expense": 768000000.0,
        "Other Gand A": 779000000.0,
        "Salaries And Wages": -11000000.0,
        "Gross Profit": 2286000000.0,
        "Cost Of Revenue": 30420000000.0,
        "Total Revenue": 32706000000.0,
        "Operating Revenue": 32706000000.0
    },
    "2024-06-30": {
        "Tax Effect Of Unusual Items": -160223.367698,
        "Tax Rate For Calcs": 0.160223,
        "Normalized EBITDA": 3495000000.0,
        "Total Unusual Items": -1000000.0,
        "Total Unusual Items Excluding Goodwill": -1000000.0,
        "Net Income From Continuing Operation Net Minority Interest": 1515000000.0,
        "Reconciled Depreciation": 838000000.0,
        "Reconciled Cost Of Revenue": 34783000000.0,
        "EBITDA": 3494000000.0,
        "EBIT": 2656000000.0,
        "Net Interest Income": -205000000.0,
        "Interest Expense": 328000000.0,
        "Interest Income": 136000000.0,
        "Normalized Income": 1515839776.632302,
        "Net Income From Continuing And Discontinued Operation": 1515000000.0,
        "Total Expenses": 35829000000.0,
        "Total Operating Income As Reported": 2522000000.0,
        "Diluted Average Shares": 350000000.0,
        "Basic Average Shares": 349000000.0,
        "Diluted EPS": 4.33,
        "Basic EPS": 4.34,
        "Diluted NI Availto Com Stockholders": 1515000000.0,
        "Net Income Common Stockholders": 1515000000.0,
        "Otherunder Preferred Stock Dividend": NaN,
        "Net Income": 1515000000.0,
        "Minority Interests": -440000000.0,
        "Net Income Including Noncontrolling Interests": 1955000000.0,
        "Net Income Continuous Operations": 1955000000.0,
        "Tax Provision": 373000000.0,
        "Pretax Income": 2328000000.0,
        "Other Income Expense": 448000000.0,
        "Other Non Operating Income Expenses": 76000000.0,
        "Special Income Charges": -1000000.0,
        "Gain On Sale Of Ppe": -1000000.0,
        "Other Special Charges": NaN,
        "Earnings From Equity Interest": 373000000.0,
        "Net Non Operating Interest Income Expense": -205000000.0,
        "Total Other Finance Cost": 13000000.0,
        "Interest Expense Non Operating": 328000000.0,
        "Interest Income Non Operating": 136000000.0,
        "Operating Income": 2085000000.0,
        "Operating Expense": 1046000000.0,
        "Other Taxes": 234000000.0,
        "Selling General And Administration": 812000000.0,
        "General And Administrative Expense": 812000000.0,
        "Other Gand A": 823000000.0,
        "Salaries And Wages": -11000000.0,
        "Gross Profit": 3131000000.0,
        "Cost Of Revenue": 34783000000.0,
        "Total Revenue": 37914000000.0,
        "Operating Revenue": 37914000000.0
    },
    "2024-09-30": {
        "Tax Effect Of Unusual Items": -200354.609929,
        "Tax Rate For Calcs": 0.100177,
        "Normalized EBITDA": 2313000000.0,
        "Total Unusual Items": -2000000.0,
        "Total Unusual Items Excluding Goodwill": -2000000.0,
        "Net Income From Continuing Operation Net Minority Interest": 622000000.0,
        "Reconciled Depreciation": 846000000.0,
        "Reconciled Cost Of Revenue": 32990000000.0,
        "EBITDA": 2311000000.0,
        "EBIT": 1465000000.0,
        "Net Interest Income": -229000000.0,
        "Interest Expense": 337000000.0,
        "Interest Income": 102000000.0,
        "Normalized Income": 623799645.390071,
        "Net Income From Continuing And Discontinued Operation": 622000000.0,
        "Total Expenses": 34016000000.0,
        "Total Operating Income As Reported": 1349000000.0,
        "Diluted Average Shares": 332000000.0,
        "Basic Average Shares": 331000000.0,
        "Diluted EPS": 1.87,
        "Basic EPS": 1.88,
        "Diluted NI Availto Com Stockholders": 622000000.0,
        "Net Income Common Stockholders": 622000000.0,
        "Otherunder Preferred Stock Dividend": 0.0,
        "Net Income": 622000000.0,
        "Minority Interests": -393000000.0,
        "Net Income Including Noncontrolling Interests": 1015000000.0,
        "Net Income Continuous Operations": 1015000000.0,
        "Tax Provision": 113000000.0,
        "Pretax Income": 1128000000.0,
        "Other Income Expense": 266000000.0,
        "Other Non Operating Income Expenses": 49000000.0,
        "Special Income Charges": -2000000.0,
        "Gain On Sale Of Ppe": -2000000.0,
        "Other Special Charges": NaN,
        "Earnings From Equity Interest": 219000000.0,
        "Net Non Operating Interest Income Expense": -229000000.0,
        "Total Other Finance Cost": -6000000.0,
        "Interest Expense Non Operating": 337000000.0,
        "Interest Income Non Operating": 102000000.0,
        "Operating Income": 1091000000.0,
        "Operating Expense": 1026000000.0,
        "Other Taxes": 219000000.0,
        "Selling General And Administration": 807000000.0,
        "General And Administrative Expense": 807000000.0,
        "Other Gand A": 815000000.0,
        "Salaries And Wages": -8000000.0,
        "Gross Profit": 2117000000.0,
        "Cost Of Revenue": 32990000000.0,
        "Total Revenue": 35107000000.0,
        "Operating Revenue": 35107000000.0
    }
}