{
    "2023-12-31": {
        "Tax Effect Of Unusual Items": 498691.679541,
        "Tax Rate For Calcs": 0.352682,
        "Normalized EBITDA": -1718500.0,
        "Total Unusual Items": 1414000.0,
        "Total Unusual Items Excluding Goodwill": 1414000.0,
        "Net Income From Continuing Operation Net Minority Interest": 380300.0,
        "Reconciled Cost Of Revenue": 17200.0,
        "EBITDA": -304500.0,
        "EBIT": -304500.0,
        "Net Interest Income": 0.0,
        "Interest Expense": NaN,
        "Interest Income": NaN,
        "Normalized Income": -535008.320459,
        "Net Income From Continuing And Discontinued Operation": 380300.0,
        "Total Expenses": 952300.0,
        "Rent Expense Supplemental": -94900.0,
        "Total Operating Income As Reported": NaN,
        "Diluted Average Shares": NaN,
        "Basic Average Shares": NaN,
        "Diluted EPS": NaN,
        "Basic EPS": NaN,
        "Diluted NI Availto Com Stockholders": 380300.0,
        "Net Income Common Stockholders": 380300.0,
        "Net Income": 380300.0,
        "Minority Interests": 87000.0,
        "Net Income Including Noncontrolling Interests": 293300.0,
        "Net Income Continuous Operations": 293300.0,
        "Tax Provision": 159800.0,
        "Pretax Income": 453100.0,
        "Other Income Expense": 1381600.0,
        "Other Non Operating Income Expenses": 2100.0,
        "Special Income Charges": -307900.0,
        "Gain On Sale Of Ppe": NaN,
        "Other Special Charges": NaN,
        "Write Off": -713100.0,
        "Impairment Of Capital Assets": 0.0,
        "Earnings From Equity Interest": -34500.0,
        "Gain On Sale Of Security": NaN,
        "Net Non Operating Interest Income Expense": 0.0,
        "Interest Expense Non Operating": NaN,
        "Interest Income Non Operating": NaN,
        "Operating Income": -928500.0,
        "Operating Expense": 935100.0,
        "Other Operating Expenses": 2100.0,
        "Other Taxes": 0.0,
        "Selling General And Administration": 933000.0,
        "Selling And Marketing Expense": 2300.0,
        "General And Administrative Expense": 930700.0,
        "Other Gand A": 779300.0,
        "Insurance And Claims": 49000.0,
        "Rent And Landing Fees": -94900.0,
        "Salaries And Wages": 197300.0,
        "Gross Profit": 6600.0,
        "Cost Of Revenue": 17200.0,
        "Total Revenue": 23800.0,
        "Operating Revenue": 23800.0
    },
    "2023-09-30": {
        "Tax Effect Of Unusual Items": -4279.2,
        "Tax Rate For Calcs": 0.008,
        "Normalized EBITDA": -556700.0,
        "Total Unusual Items": -534900.0,
        "Total Unusual Items Excluding Goodwill": -534900.0,
        "Net Income From Continuing Operation Net Minority Interest": -1499300.0,
        "Reconciled Cost Of Revenue": 0.0,
        "EBITDA": -1091600.0,
        "EBIT": -1091600.0,
        "Net Interest Income": 0.0,
        "Interest Expense": NaN,
        "Interest Income": NaN,
        "Normalized Income": -968679.2,
        "Net Income From Continuing And Discontinued Operation": -1499300.0,
        "Total Expenses": 1091600.0,
        "Rent Expense Supplemental": 62900.0,
        "Total Operating Income As Reported": -1091600.0,
        "Diluted Average Shares": 31724631.0,
        "Basic Average Shares": 31724631.0,
        "Diluted EPS": -0.05,
        "Basic EPS": -0.05,
        "Diluted NI Availto Com Stockholders": -1499300.0,
        "Net Income Common Stockholders": -1499300.0,
        "Net Income": -1499300.0,
        "Minority Interests": 137800.0,
        "Net Income Including Noncontrolling Interests": -1637100.0,
        "Net Income Continuous Operations": -1637100.0,
        "Tax Provision": -13100.0,
        "Pretax Income": -1650200.0,
        "Other Income Expense": -558600.0,
        "Other Non Operating Income Expenses": 2500.0,
        "Special Income Charges": 0.0,
        "Gain On Sale Of Ppe": -600.0,
        "Other Special Charges": NaN,
        "Write Off": 0.0,
        "Impairment Of Capital Assets": 0.0,
        "Earnings From Equity Interest": -26200.0,
        "Gain On Sale Of Security": -534900.0,
        "Net Non Operating Interest Income Expense": 0.0,
        "Interest Expense Non Operating": NaN,
        "Interest Income Non Operating": NaN,
        "Operating Income": -1091600.0,
        "Operating Expense": 1091600.0,
        "Other Operating Expenses": 2400.0,
        "Other Taxes": 0.0,
        "Selling General And Administration": 1091600.0,
        "Selling And Marketing Expense": 4600.0,
        "General And Administrative Expense": 1087000.0,
        "Other Gand A": 1087000.0,
        "Insurance And Claims": 98900.0,
        "Rent And Landing Fees": 62900.0,
        "Salaries And Wages": 372200.0,
        "Gross Profit": 0.0,
        "Cost Of Revenue": 0.0,
        "Total Revenue": 0.0,
        "Operating Revenue": 0.0
    },
    "2023-06-30": {
        "Tax Effect Of Unusual Items": NaN,
        "Tax Rate For Calcs": NaN,
        "Normalized EBITDA": NaN,
        "Total Unusual Items": NaN,
        "Total Unusual Items Excluding Goodwill": NaN,
        "Net Income From Continuing Operation Net Minority Interest": NaN,
        "Reconciled Cost Of Revenue": NaN,
        "EBITDA": NaN,
        "EBIT": NaN,
        "Net Interest Income": NaN,
        "Interest Expense": 0.0,
        "Interest Income": NaN,
        "Normalized Income": NaN,
        "Net Income From Continuing And Discontinued Operation": NaN,
        "Total Expenses": NaN,
        "Rent Expense Supplemental": NaN,
        "Total Operating Income As Reported": -1706700.0,
        "Diluted Average Shares": 31608169.0,
        "Basic Average Shares": 31608169.0,
        "Diluted EPS": -0.05,
        "Basic EPS": -0.05,
        "Diluted NI Availto Com Stockholders": NaN,
        "Net Income Common Stockholders": NaN,
        "Net Income": NaN,
        "Minority Interests": NaN,
        "Net Income Including Noncontrolling Interests": NaN,
        "Net Income Continuous Operations": NaN,
        "Tax Provision": NaN,
        "Pretax Income": NaN,
        "Other Income Expense": NaN,
        "Other Non Operating Income Expenses": NaN,
        "Special Income Charges": 0.0,
        "Gain On Sale Of Ppe": -18500.0,
        "Other Special Charges": 98900.0,
        "Write Off": 0.0,
        "Impairment Of Capital Assets": 0.0,
        "Earnings From Equity Interest": -14500.0,
        "Gain On Sale Of Security": 130500.0,
        "Net Non Operating Interest Income Expense": NaN,
        "Interest Expense Non Operating": 0.0,
        "Interest Income Non Operating": NaN,
        "Operating Income": NaN,
        "Operating Expense": NaN,
        "Other Operating Expenses": 3300.0,
        "Other Taxes": 0.0,
        "Selling General And Administration": NaN,
        "Selling And Marketing Expense": NaN,
        "General And Administrative Expense": NaN,
        "Other Gand A": NaN,
        "Insurance And Claims": NaN,
        "Rent And Landing Fees": NaN,
        "Salaries And Wages": 594200.0,
        "Gross Profit": NaN,
        "Cost Of Revenue": NaN,
        "Total Revenue": NaN,
        "Operating Revenue": NaN
    },
    "2023-03-31": {
        "Tax Effect Of Unusual Items": NaN,
        "Tax Rate For Calcs": NaN,
        "Normalized EBITDA": NaN,
        "Total Unusual Items": NaN,
        "Total Unusual Items Excluding Goodwill": NaN,
        "Net Income From Continuing Operation Net Minority Interest": NaN,
        "Reconciled Cost Of Revenue": NaN,
        "EBITDA": NaN,
        "EBIT": NaN,
        "Net Interest Income": NaN,
        "Interest Expense": 0.0,
        "Interest Income": NaN,
        "Normalized Income": NaN,
        "Net Income From Continuing And Discontinued Operation": NaN,
        "Total Expenses": NaN,
        "Rent Expense Supplemental": NaN,
        "Total Operating Income As Reported": NaN,
        "Diluted Average Shares": NaN,
        "Basic Average Shares": NaN,
        "Diluted EPS": NaN,
        "Basic EPS": NaN,
        "Diluted NI Availto Com Stockholders": NaN,
        "Net Income Common Stockholders": NaN,
        "Net Income": NaN,
        "Minority Interests": NaN,
        "Net Income Including Noncontrolling Interests": NaN,
        "Net Income Continuous Operations": NaN,
        "Tax Provision": NaN,
        "Pretax Income": NaN,
        "Other Income Expense": NaN,
        "Other Non Operating Income Expenses": NaN,
        "Special Income Charges": NaN,
        "Gain On Sale Of Ppe": 7000.0,
        "Other Special Charges": NaN,
        "Write Off": NaN,
        "Impairment Of Capital Assets": NaN,
        "Earnings From Equity Interest": NaN,
        "Gain On Sale Of Security": 215400.0,
        "Net Non Operating Interest Income Expense": NaN,
        "Interest Expense Non Operating": 0.0,
        "Interest Income Non Operating": NaN,
        "Operating Income": NaN,
        "Operating Expense": NaN,
        "Other Operating Expenses": -215400.0,
        "Other Taxes": NaN,
        "Selling General And Administration": NaN,
        "Selling And Marketing Expense": NaN,
        "General And Administrative Expense": NaN,
        "Other Gand A": NaN,
        "Insurance And Claims": 98900.0,
        "Rent And Landing Fees": NaN,
        "Salaries And Wages": NaN,
        "Gross Profit": NaN,
        "Cost Of Revenue": NaN,
        "Total Revenue": NaN,
        "Operating Revenue": NaN
    },
    "2024-03-31": {
        "Tax Effect Of Unusual Items": 317659.277675,
        "Tax Rate For Calcs": 0.125028,
        "Normalized EBITDA": -4750500.0,
        "Total Unusual Items": 2540700.0,
        "Total Unusual Items Excluding Goodwill": 2540700.0,
        "Net Income From Continuing Operation Net Minority Interest": -866800.0,
        "Reconciled Cost Of Revenue": 3500200.0,
        "EBITDA": -2209800.0,
        "EBIT": -2209800.0,
        "Net Interest Income": -2500.0,
        "Interest Expense": 2500.0,
        "Interest Income": NaN,
        "Normalized Income": -3089840.722325,
        "Net Income From Continuing And Discontinued Operation": -866800.0,
        "Total Expenses": 13457000.0,
        "Rent Expense Supplemental": NaN,
        "Total Operating Income As Reported": -4765400.0,
        "Diluted Average Shares": 35271740.0,
        "Basic Average Shares": 35271740.0,
        "Diluted EPS": -0.05,
        "Basic EPS": -0.05,
        "Diluted NI Availto Com Stockholders": -866800.0,
        "Net Income Common Stockholders": -866800.0,
        "Net Income": -866800.0,
        "Minority Interests": 1068900.0,
        "Net Income Including Noncontrolling Interests": -1935700.0,
        "Net Income Continuous Operations": -1935700.0,
        "Tax Provision": -276600.0,
        "Pretax Income": -2212300.0,
        "Other Income Expense": 2555600.0,
        "Other Non Operating Income Expenses": 14900.0,
        "Special Income Charges": NaN,
        "Gain On Sale Of Ppe": NaN,
        "Other Special Charges": NaN,
        "Write Off": NaN,
        "Impairment Of Capital Assets": NaN,
        "Earnings From Equity Interest": NaN,
        "Gain On Sale Of Security": 2540700.0,
        "Net Non Operating Interest Income Expense": -2500.0,
        "Interest Expense Non Operating": 2500.0,
        "Interest Income Non Operating": NaN,
        "Operating Income": -4765400.0,
        "Operating Expense": 9956800.0,
        "Other Operating Expenses": -2540700.0,
        "Other Taxes": NaN,
        "Selling General And Administration": 9956800.0,
        "Selling And Marketing Expense": 7718400.0,
        "General And Administrative Expense": 2238400.0,
        "Other Gand A": 1675700.0,
        "Insurance And Claims": NaN,
        "Rent And Landing Fees": NaN,
        "Salaries And Wages": 562700.0,
        "Gross Profit": 5191400.0,
        "Cost Of Revenue": 3500200.0,
        "Total Revenue": 8691600.0,
        "Operating Revenue": 8691600.0
    },
    "2022-12-31": {
        "Tax Effect Of Unusual Items": NaN,
        "Tax Rate For Calcs": NaN,
        "Normalized EBITDA": NaN,
        "Total Unusual Items": NaN,
        "Total Unusual Items Excluding Goodwill": NaN,
        "Net Income From Continuing Operation Net Minority Interest": NaN,
        "Reconciled Depreciation": 0.0,
        "Reconciled Cost Of Revenue": NaN,
        "EBITDA": NaN,
        "EBIT": NaN,
        "Net Interest Income": NaN,
        "Interest Expense": NaN,
        "Normalized Income": NaN,
        "Net Income From Continuing And Discontinued Operation": NaN,
        "Total Expenses": NaN,
        "Rent Expense Supplemental": NaN,
        "Total Operating Income As Reported": NaN,
        "Diluted Average Shares": NaN,
        "Basic Average Shares": NaN,
        "Diluted EPS": NaN,
        "Basic EPS": NaN,
        "Diluted NI Availto Com Stockholders": NaN,
        "Net Income Common Stockholders": NaN,
        "Net Income": NaN,
        "Minority Interests": NaN,
        "Net Income Including Noncontrolling Interests": NaN,
        "Net Income Continuous Operations": NaN,
        "Tax Provision": NaN,
        "Pretax Income": NaN,
        "Other Income Expense": NaN,
        "Other Non Operating Income Expenses": NaN,
        "Special Income Charges": NaN,
        "Gain On Sale Of Ppe": 0.0,
        "Other Special Charges": NaN,
        "Write Off": NaN,
        "Impairment Of Capital Assets": 4678200.0,
        "Restructuring And Mergern Acquisition": 0.0,
        "Earnings From Equity Interest": NaN,
        "Gain On Sale Of Security": NaN,
        "Net Non Operating Interest Income Expense": NaN,
        "Total Other Finance Cost": 0.0,
        "Interest Expense Non Operating": NaN,
        "Operating Income": NaN,
        "Operating Expense": NaN,
        "Other Operating Expenses": NaN,
        "Other Taxes": 3200.0,
        "Depreciation Amortization Depletion Income Statement": 0.0,
        "Depreciation And Amortization In Income Statement": 0.0,
        "Depreciation Income Statement": 0.0,
        "Selling General And Administration": NaN,
        "Selling And Marketing Expense": NaN,
        "General And Administrative Expense": NaN,
        "Other Gand A": NaN,
        "Insurance And Claims": 98900.0,
        "Rent And Landing Fees": NaN,
        "Salaries And Wages": NaN,
        "Gross Profit": NaN,
        "Cost Of Revenue": NaN,
        "Total Revenue": NaN,
        "Operating Revenue": NaN
    },
    "2022-09-30": {
        "Tax Effect Of Unusual Items": NaN,
        "Tax Rate For Calcs": NaN,
        "Normalized EBITDA": NaN,
        "Total Unusual Items": NaN,
        "Total Unusual Items Excluding Goodwill": NaN,
        "Net Income From Continuing Operation Net Minority Interest": NaN,
        "Reconciled Depreciation": 0.0,
        "Reconciled Cost Of Revenue": NaN,
        "EBITDA": NaN,
        "EBIT": NaN,
        "Net Interest Income": NaN,
        "Interest Expense": NaN,
        "Normalized Income": NaN,
        "Net Income From Continuing And Discontinued Operation": NaN,
        "Total Expenses": NaN,
        "Rent Expense Supplemental": 73800.0,
        "Total Operating Income As Reported": NaN,
        "Diluted Average Shares": 22084055.0,
        "Basic Average Shares": 22084055.0,
        "Diluted EPS": -0.1,
        "Basic EPS": -0.1,
        "Diluted NI Availto Com Stockholders": NaN,
        "Net Income Common Stockholders": NaN,
        "Net Income": NaN,
        "Minority Interests": NaN,
        "Net Income Including Noncontrolling Interests": NaN,
        "Net Income Continuous Operations": NaN,
        "Tax Provision": NaN,
        "Pretax Income": NaN,
        "Other Income Expense": NaN,
        "Other Non Operating Income Expenses": NaN,
        "Special Income Charges": NaN,
        "Gain On Sale Of Ppe": 0.0,
        "Other Special Charges": NaN,
        "Write Off": NaN,
        "Impairment Of Capital Assets": 888900.0,
        "Restructuring And Mergern Acquisition": 0.0,
        "Earnings From Equity Interest": 0.0,
        "Net Non Operating Interest Income Expense": NaN,
        "Total Other Finance Cost": NaN,
        "Interest Expense Non Operating": NaN,
        "Operating Income": NaN,
        "Operating Expense": NaN,
        "Other Operating Expenses": NaN,
        "Other Taxes": 0.0,
        "Depreciation Amortization Depletion Income Statement": 0.0,
        "Depreciation And Amortization In Income Statement": 0.0,
        "Depreciation Income Statement": 0.0,
        "Selling General And Administration": NaN,
        "Selling And Marketing Expense": NaN,
        "General And Administrative Expense": NaN,
        "Other Gand A": NaN,
        "Insurance And Claims": 86200.0,
        "Rent And Landing Fees": 73800.0,
        "Salaries And Wages": NaN,
        "Gross Profit": NaN,
        "Cost Of Revenue": NaN,
        "Total Revenue": NaN,
        "Operating Revenue": NaN
    },
    "2024-06-30": {
        "Tax Effect Of Unusual Items": -110628.0,
        "Tax Rate For Calcs": 0.21,
        "Normalized EBITDA": -3021300.0,
        "Total Unusual Items": -526800.0,
        "Total Unusual Items Excluding Goodwill": -526800.0,
        "Net Income From Continuing Operation Net Minority Interest": -3403500.0,
        "Reconciled Cost Of Revenue": 2708900.0,
        "EBITDA": -3548100.0,
        "EBIT": -3548100.0,
        "Net Interest Income": -24100.0,
        "Interest Expense": 24100.0,
        "Interest Income": NaN,
        "Normalized Income": -2987328.0,
        "Net Income From Continuing And Discontinued Operation": -3403500.0,
        "Total Expenses": 9929700.0,
        "Rent Expense Supplemental": NaN,
        "Total Operating Income As Reported": -3013600.0,
        "Diluted Average Shares": 37038070.0,
        "Basic Average Shares": 37038070.0,
        "Diluted EPS": -0.1,
        "Basic EPS": -0.1,
        "Diluted NI Availto Com Stockholders": -3403500.0,
        "Net Income Common Stockholders": -3403500.0,
        "Net Income": -3403500.0,
        "Minority Interests": 169100.0,
        "Net Income Including Noncontrolling Interests": -3572600.0,
        "Net Income Continuous Operations": -3572600.0,
        "Tax Provision": 400.0,
        "Pretax Income": -3572200.0,
        "Other Income Expense": -534500.0,
        "Other Non Operating Income Expenses": -7700.0,
        "Special Income Charges": -224800.0,
        "Gain On Sale Of Ppe": NaN,
        "Other Special Charges": NaN,
        "Write Off": 224800.0,
        "Impairment Of Capital Assets": NaN,
        "Earnings From Equity Interest": 0.0,
        "Gain On Sale Of Security": -302000.0,
        "Net Non Operating Interest Income Expense": -24100.0,
        "Interest Expense Non Operating": 24100.0,
        "Interest Income Non Operating": NaN,
        "Operating Income": -3013600.0,
        "Operating Expense": 7220800.0,
        "Other Operating Expenses": NaN,
        "Other Taxes": NaN,
        "Selling General And Administration": 7220800.0,
        "Selling And Marketing Expense": 4344700.0,
        "General And Administrative Expense": 2876100.0,
        "Other Gand A": 1871900.0,
        "Insurance And Claims": NaN,
        "Rent And Landing Fees": NaN,
        "Salaries And Wages": 1004200.0,
        "Gross Profit": 4207200.0,
        "Cost Of Revenue": 2708900.0,
        "Total Revenue": 6916100.0,
        "Operating Revenue": 6916100.0
    },
    "2024-09-30": {
        "Tax Effect Of Unusual Items": 0.0,
        "Tax Rate For Calcs": 0.0,
        "Normalized EBITDA": -2141900.0,
        "Total Unusual Items": -546000.0,
        "Total Unusual Items Excluding Goodwill": -546000.0,
        "Net Income From Continuing Operation Net Minority Interest": -2772800.0,
        "Reconciled Cost Of Revenue": 4293700.0,
        "EBITDA": -2687900.0,
        "EBIT": -2687900.0,
        "Net Interest Income": 84800.0,
        "Interest Expense": NaN,
        "Interest Income": 84800.0,
        "Normalized Income": -2226800.0,
        "Net Income From Continuing And Discontinued Operation": -2772800.0,
        "Total Expenses": 13033400.0,
        "Rent Expense Supplemental": NaN,
        "Total Operating Income As Reported": -2687900.0,
        "Diluted Average Shares": 39207664.0,
        "Basic Average Shares": 39207664.0,
        "Diluted EPS": -0.08,
        "Basic EPS": -0.08,
        "Diluted NI Availto Com Stockholders": -2772800.0,
        "Net Income Common Stockholders": -2772800.0,
        "Net Income": -2772800.0,
        "Minority Interests": 382300.0,
        "Net Income Including Noncontrolling Interests": -3155100.0,
        "Net Income Continuous Operations": -3155100.0,
        "Tax Provision": 400.0,
        "Pretax Income": -3154700.0,
        "Other Income Expense": -551600.0,
        "Other Non Operating Income Expenses": -5600.0,
        "Special Income Charges": -546000.0,
        "Gain On Sale Of Ppe": NaN,
        "Other Special Charges": NaN,
        "Write Off": 546000.0,
        "Impairment Of Capital Assets": NaN,
        "Earnings From Equity Interest": 0.0,
        "Gain On Sale Of Security": NaN,
        "Net Non Operating Interest Income Expense": 84800.0,
        "Interest Expense Non Operating": NaN,
        "Interest Income Non Operating": 84800.0,
        "Operating Income": -2687900.0,
        "Operating Expense": 8739700.0,
        "Other Operating Expenses": NaN,
        "Other Taxes": NaN,
        "Selling General And Administration": 8739700.0,
        "Selling And Marketing Expense": 6437900.0,
        "General And Administrative Expense": 2301800.0,
        "Other Gand A": 2301800.0,
        "Insurance And Claims": NaN,
        "Rent And Landing Fees": NaN,
        "Salaries And Wages": NaN,
        "Gross Profit": 6051800.0,
        "Cost Of Revenue": 4293700.0,
        "Total Revenue": 10345500.0,
        "Operating Revenue": 10345500.0
    }
}