{
    "2022-12-31": {
        "Diluted EPS": 0.0,
        "Total Revenue": NaN,
        "Gross Profit": NaN,
        "Operating Income": NaN,
        "EBIT": NaN,
        "Net Income": NaN
    },
    "2022-06-30": {
        "Diluted EPS": 0.0,
        "Total Revenue": NaN,
        "Gross Profit": NaN,
        "Operating Income": NaN,
        "Net Income": NaN
    },
    "2021-12-31": {
        "Diluted EPS": 0.0,
        "Total Revenue": NaN,
        "Gross Profit": NaN,
        "Operating Income": NaN,
        "EBIT": NaN,
        "Net Income": NaN
    },
    "2021-06-30": {
        "Diluted EPS": 0.0,
        "Total Revenue": NaN,
        "Gross Profit": NaN,
        "Operating Income": NaN,
        "EBIT": NaN,
        "Net Income": NaN
    },
    "2020-12-31": {
        "Diluted EPS": 0.0,
        "Total Revenue": NaN,
        "Gross Profit": NaN,
        "Operating Income": NaN,
        "EBIT": NaN,
        "Net Income": NaN
    },
    "2020-06-30": {
        "Diluted EPS": 0.0,
        "Total Revenue": NaN,
        "Gross Profit": NaN,
        "Operating Income": NaN,
        "EBIT": NaN,
        "Net Income": NaN
    },
    "2019-12-31": {
        "Diluted EPS": 0.0,
        "Total Revenue": NaN,
        "Gross Profit": NaN,
        "Operating Income": NaN,
        "EBIT": NaN,
        "Net Income": NaN
    },
    "2019-06-30": {
        "Diluted EPS": 0.0,
        "Total Revenue": NaN,
        "Gross Profit": NaN,
        "Operating Income": NaN,
        "EBIT": NaN,
        "Net Income": NaN
    },
    "2018-12-31": {
        "Diluted EPS": 0.0,
        "Total Revenue": NaN,
        "Gross Profit": NaN,
        "Operating Income": NaN,
        "EBIT": NaN,
        "Net Income": NaN
    },
    "2024-03-31": {
        "Tax Effect Of Unusual Items": 0.0,
        "Tax Rate For Calcs": 0.0,
        "Normalized EBITDA": -8531000.0,
        "Total Unusual Items": 165000.0,
        "Total Unusual Items Excluding Goodwill": 165000.0,
        "Net Income From Continuing Operation Net Minority Interest": -8951000.0,
        "Reconciled Depreciation": 275000.0,
        "Reconciled Cost Of Revenue": 0.0,
        "EBITDA": -8366000.0,
        "EBIT": -8641000.0,
        "Net Interest Income": 307000.0,
        "Interest Expense": 310000.0,
        "Interest Income": 617000.0,
        "Normalized Income": -9116000.0,
        "Net Income From Continuing And Discontinued Operation": -8951000.0,
        "Total Expenses": 9423000.0,
        "Total Operating Income As Reported": -9900000.0,
        "Diluted Average Shares": 140052698.0,
        "Basic Average Shares": 140052698.0,
        "Diluted EPS": -0.05,
        "Basic EPS": -0.05,
        "Diluted NI Availto Com Stockholders": -8951000.0,
        "Net Income Common Stockholders": -8951000.0,
        "Net Income": -8951000.0,
        "Net Income Including Noncontrolling Interests": -8951000.0,
        "Net Income Continuous Operations": -8951000.0,
        "Tax Provision": 0.0,
        "Pretax Income": -8951000.0,
        "Other Income Expense": 165000.0,
        "Other Non Operating Income Expenses": NaN,
        "Gain On Sale Of Security": 165000.0,
        "Net Non Operating Interest Income Expense": 307000.0,
        "Interest Expense Non Operating": 310000.0,
        "Interest Income Non Operating": 617000.0,
        "Operating Income": -9423000.0,
        "Operating Expense": 9423000.0,
        "Other Operating Expenses": -477000.0,
        "Research And Development": 3994000.0,
        "Selling General And Administration": 5906000.0,
        "General And Administrative Expense": 5906000.0,
        "Other Gand A": 5906000.0,
        "Gross Profit": 0.0,
        "Cost Of Revenue": 0.0,
        "Total Revenue": 0.0,
        "Operating Revenue": 0.0
    },
    "2023-06-30": {
        "Tax Effect Of Unusual Items": NaN,
        "Tax Rate For Calcs": NaN,
        "Normalized EBITDA": NaN,
        "Total Unusual Items": NaN,
        "Total Unusual Items Excluding Goodwill": NaN,
        "Net Income From Continuing Operation Net Minority Interest": NaN,
        "Reconciled Depreciation": NaN,
        "Reconciled Cost Of Revenue": NaN,
        "EBITDA": NaN,
        "EBIT": NaN,
        "Net Interest Income": NaN,
        "Interest Expense": NaN,
        "Interest Income": NaN,
        "Normalized Income": NaN,
        "Net Income From Continuing And Discontinued Operation": NaN,
        "Total Expenses": NaN,
        "Total Operating Income As Reported": NaN,
        "Diluted Average Shares": 125684213.0,
        "Basic Average Shares": 125684213.0,
        "Diluted EPS": -0.013932,
        "Basic EPS": -0.013932,
        "Diluted NI Availto Com Stockholders": NaN,
        "Net Income Common Stockholders": NaN,
        "Net Income": NaN,
        "Net Income Including Noncontrolling Interests": NaN,
        "Net Income Continuous Operations": NaN,
        "Tax Provision": NaN,
        "Pretax Income": NaN,
        "Other Income Expense": NaN,
        "Other Non Operating Income Expenses": NaN,
        "Gain On Sale Of Security": NaN,
        "Net Non Operating Interest Income Expense": NaN,
        "Interest Expense Non Operating": NaN,
        "Interest Income Non Operating": NaN,
        "Operating Income": NaN,
        "Operating Expense": NaN,
        "Other Operating Expenses": NaN,
        "Research And Development": NaN,
        "Selling General And Administration": NaN,
        "General And Administrative Expense": NaN,
        "Other Gand A": NaN,
        "Gross Profit": NaN,
        "Cost Of Revenue": NaN,
        "Total Revenue": NaN,
        "Operating Revenue": NaN
    },
    "2023-03-31": {
        "Tax Effect Of Unusual Items": NaN,
        "Tax Rate For Calcs": NaN,
        "Normalized EBITDA": NaN,
        "Total Unusual Items": NaN,
        "Total Unusual Items Excluding Goodwill": NaN,
        "Net Income From Continuing Operation Net Minority Interest": NaN,
        "Reconciled Depreciation": NaN,
        "Reconciled Cost Of Revenue": NaN,
        "EBITDA": NaN,
        "EBIT": NaN,
        "Net Interest Income": NaN,
        "Interest Expense": NaN,
        "Interest Income": NaN,
        "Normalized Income": NaN,
        "Net Income From Continuing And Discontinued Operation": NaN,
        "Total Expenses": NaN,
        "Total Operating Income As Reported": NaN,
        "Diluted Average Shares": NaN,
        "Basic Average Shares": NaN,
        "Diluted EPS": NaN,
        "Basic EPS": NaN,
        "Diluted NI Availto Com Stockholders": NaN,
        "Net Income Common Stockholders": NaN,
        "Net Income": NaN,
        "Net Income Including Noncontrolling Interests": NaN,
        "Net Income Continuous Operations": NaN,
        "Tax Provision": NaN,
        "Pretax Income": NaN,
        "Other Income Expense": NaN,
        "Other Non Operating Income Expenses": -6000.0,
        "Gain On Sale Of Security": NaN,
        "Net Non Operating Interest Income Expense": NaN,
        "Interest Expense Non Operating": NaN,
        "Interest Income Non Operating": NaN,
        "Operating Income": NaN,
        "Operating Expense": NaN,
        "Other Operating Expenses": NaN,
        "Research And Development": NaN,
        "Selling General And Administration": NaN,
        "General And Administrative Expense": NaN,
        "Other Gand A": NaN,
        "Gross Profit": NaN,
        "Cost Of Revenue": NaN,
        "Total Revenue": NaN,
        "Operating Revenue": NaN
    },
    "2024-06-30": {
        "Tax Effect Of Unusual Items": 0.0,
        "Tax Rate For Calcs": 0.0,
        "Normalized EBITDA": -11629000.0,
        "Total Unusual Items": -38000.0,
        "Total Unusual Items Excluding Goodwill": -38000.0,
        "Net Income From Continuing Operation Net Minority Interest": -12255000.0,
        "Reconciled Depreciation": 257000.0,
        "Reconciled Cost Of Revenue": 0.0,
        "EBITDA": -11667000.0,
        "EBIT": -11924000.0,
        "Net Interest Income": 228000.0,
        "Interest Expense": 331000.0,
        "Interest Income": 559000.0,
        "Normalized Income": -12217000.0,
        "Net Income From Continuing And Discontinued Operation": -12255000.0,
        "Total Expenses": 12445000.0,
        "Total Operating Income As Reported": -12814000.0,
        "Diluted Average Shares": 142354161.0,
        "Basic Average Shares": 142354161.0,
        "Diluted EPS": -0.1,
        "Basic EPS": -0.1,
        "Diluted NI Availto Com Stockholders": -12255000.0,
        "Net Income Common Stockholders": -12255000.0,
        "Net Income": -12255000.0,
        "Net Income Including Noncontrolling Interests": -12255000.0,
        "Net Income Continuous Operations": -12255000.0,
        "Tax Provision": 0.0,
        "Pretax Income": -12255000.0,
        "Other Income Expense": -38000.0,
        "Other Non Operating Income Expenses": NaN,
        "Gain On Sale Of Security": -38000.0,
        "Net Non Operating Interest Income Expense": 228000.0,
        "Interest Expense Non Operating": 331000.0,
        "Interest Income Non Operating": 559000.0,
        "Operating Income": -12445000.0,
        "Operating Expense": 12445000.0,
        "Other Operating Expenses": -369000.0,
        "Research And Development": 4946000.0,
        "Selling General And Administration": 7868000.0,
        "General And Administrative Expense": 7868000.0,
        "Other Gand A": 7868000.0,
        "Gross Profit": 0.0,
        "Cost Of Revenue": 0.0,
        "Total Revenue": 0.0,
        "Operating Revenue": 0.0
    },
    "2024-09-30": {
        "Tax Effect Of Unusual Items": 0.0,
        "Tax Rate For Calcs": 0.0,
        "Normalized EBITDA": -7882000.0,
        "Total Unusual Items": -6484000.0,
        "Total Unusual Items Excluding Goodwill": -6484000.0,
        "Net Income From Continuing Operation Net Minority Interest": -15001000.0,
        "Reconciled Depreciation": 282000.0,
        "Reconciled Cost Of Revenue": 0.0,
        "EBITDA": -14366000.0,
        "EBIT": -14648000.0,
        "Net Interest Income": 630000.0,
        "Interest Expense": 353000.0,
        "Interest Income": 983000.0,
        "Normalized Income": -8517000.0,
        "Net Income From Continuing And Discontinued Operation": -15001000.0,
        "Total Expenses": 9147000.0,
        "Total Operating Income As Reported": -9373000.0,
        "Diluted Average Shares": 154029318.0,
        "Basic Average Shares": 154029318.0,
        "Diluted EPS": -0.1,
        "Basic EPS": -0.1,
        "Diluted NI Availto Com Stockholders": -15001000.0,
        "Net Income Common Stockholders": -15001000.0,
        "Net Income": -15001000.0,
        "Net Income Including Noncontrolling Interests": -15001000.0,
        "Net Income Continuous Operations": -15001000.0,
        "Tax Provision": 0.0,
        "Pretax Income": -15001000.0,
        "Other Income Expense": -6484000.0,
        "Other Non Operating Income Expenses": NaN,
        "Gain On Sale Of Security": -6484000.0,
        "Net Non Operating Interest Income Expense": 630000.0,
        "Interest Expense Non Operating": 353000.0,
        "Interest Income Non Operating": 983000.0,
        "Operating Income": -9147000.0,
        "Operating Expense": 9147000.0,
        "Other Operating Expenses": -226000.0,
        "Research And Development": 3170000.0,
        "Selling General And Administration": 6203000.0,
        "General And Administrative Expense": 6203000.0,
        "Other Gand A": 6203000.0,
        "Gross Profit": 0.0,
        "Cost Of Revenue": 0.0,
        "Total Revenue": 0.0,
        "Operating Revenue": 0.0
    },
    "2023-12-31": {
        "Tax Effect Of Unusual Items": -165377.450472,
        "Tax Rate For Calcs": 0.055181,
        "Normalized EBITDA": -6010000.0,
        "Total Unusual Items": -2997000.0,
        "Total Unusual Items Excluding Goodwill": -2997000.0,
        "Net Income From Continuing Operation Net Minority Interest": -9109000.0,
        "Reconciled Depreciation": 281000.0,
        "Reconciled Cost Of Revenue": -273000.0,
        "EBITDA": -9007000.0,
        "EBIT": -9288000.0,
        "Net Interest Income": 410000.0,
        "Interest Expense": 353000.0,
        "Interest Income": 763000.0,
        "Normalized Income": -6277377.450472,
        "Net Income From Continuing And Discontinued Operation": -9109000.0,
        "Total Expenses": 8050000.0,
        "Total Operating Income As Reported": -7128000.0,
        "Diluted Average Shares": NaN,
        "Basic Average Shares": NaN,
        "Diluted EPS": NaN,
        "Basic EPS": NaN,
        "Diluted NI Availto Com Stockholders": -9109000.0,
        "Net Income Common Stockholders": -9109000.0,
        "Net Income": -9109000.0,
        "Net Income Including Noncontrolling Interests": -9109000.0,
        "Net Income Continuous Operations": -9109000.0,
        "Tax Provision": -532000.0,
        "Pretax Income": -9641000.0,
        "Other Income Expense": -3001000.0,
        "Other Non Operating Income Expenses": -4000.0,
        "Gain On Sale Of Security": -2997000.0,
        "Net Non Operating Interest Income Expense": 410000.0,
        "Interest Expense Non Operating": 353000.0,
        "Interest Income Non Operating": 763000.0,
        "Operating Income": -7050000.0,
        "Operating Expense": 8323000.0,
        "Other Operating Expenses": -78000.0,
        "Research And Development": 4804000.0,
        "Selling General And Administration": 3597000.0,
        "General And Administrative Expense": 3597000.0,
        "Other Gand A": 3597000.0,
        "Gross Profit": 1273000.0,
        "Cost Of Revenue": -273000.0,
        "Total Revenue": 1000000.0,
        "Operating Revenue": 1000000.0
    },
    "2023-09-30": {
        "Tax Effect Of Unusual Items": 0.0,
        "Tax Rate For Calcs": 0.0,
        "Normalized EBITDA": -8014000.0,
        "Total Unusual Items": 2465000.0,
        "Total Unusual Items Excluding Goodwill": 2465000.0,
        "Net Income From Continuing Operation Net Minority Interest": -6531000.0,
        "Reconciled Depreciation": 282000.0,
        "Reconciled Cost Of Revenue": -235000.0,
        "EBITDA": -5549000.0,
        "EBIT": -5831000.0,
        "Net Interest Income": -11000.0,
        "Interest Expense": 700000.0,
        "Interest Income": 689000.0,
        "Normalized Income": -8996000.0,
        "Net Income From Continuing And Discontinued Operation": -6531000.0,
        "Total Expenses": 8985000.0,
        "Total Operating Income As Reported": -9067000.0,
        "Diluted Average Shares": 136994838.0,
        "Basic Average Shares": 136994838.0,
        "Diluted EPS": -0.05,
        "Basic EPS": -0.05,
        "Diluted NI Availto Com Stockholders": -6531000.0,
        "Net Income Common Stockholders": -6531000.0,
        "Net Income": -6531000.0,
        "Net Income Including Noncontrolling Interests": -6531000.0,
        "Net Income Continuous Operations": -6531000.0,
        "Tax Provision": 0.0,
        "Pretax Income": -6531000.0,
        "Other Income Expense": 2465000.0,
        "Other Non Operating Income Expenses": NaN,
        "Gain On Sale Of Security": 2465000.0,
        "Net Non Operating Interest Income Expense": -11000.0,
        "Interest Expense Non Operating": 700000.0,
        "Interest Income Non Operating": 689000.0,
        "Operating Income": -8985000.0,
        "Operating Expense": 9220000.0,
        "Other Operating Expenses": -82000.0,
        "Research And Development": 3594000.0,
        "Selling General And Administration": 5708000.0,
        "General And Administrative Expense": 5708000.0,
        "Other Gand A": 5708000.0,
        "Gross Profit": 235000.0,
        "Cost Of Revenue": -235000.0,
        "Total Revenue": 0.0,
        "Operating Revenue": 0.0
    }
}