{
    "2023-06-30": {
        "Tax Effect Of Unusual Items": -81480000.0,
        "Tax Rate For Calcs": 0.21,
        "Normalized EBITDA": -3767000000.0,
        "Total Unusual Items": -388000000.0,
        "Total Unusual Items Excluding Goodwill": -388000000.0,
        "Net Income From Continuing Operation Net Minority Interest": -5975000000.0,
        "Reconciled Depreciation": 903000000.0,
        "Reconciled Cost Of Revenue": 4024000000.0,
        "EBITDA": -4155000000.0,
        "EBIT": -5058000000.0,
        "Net Interest Income": -168000000.0,
        "Interest Expense": 277000000.0,
        "Interest Income": 109000000.0,
        "Normalized Income": -5668480000.0,
        "Net Income From Continuing And Discontinued Operation": -5975000000.0,
        "Total Expenses": 20047000000.0,
        "Diluted Average Shares": 2539000000.0,
        "Basic Average Shares": 2539000000.0,
        "Diluted EPS": -2.35,
        "Basic EPS": -2.35,
        "Diluted NI Availto Com Stockholders": -5975000000.0,
        "Net Income Common Stockholders": -5975000000.0,
        "Net Income": -5975000000.0,
        "Minority Interests": -3000000.0,
        "Net Income Including Noncontrolling Interests": -5972000000.0,
        "Net Income Discontinuous Operations": NaN,
        "Net Income Continuous Operations": -5972000000.0,
        "Tax Provision": 637000000.0,
        "Pretax Income": -5335000000.0,
        "Other Income Expense": -155000000.0,
        "Other Non Operating Income Expenses": 233000000.0,
        "Special Income Charges": -151000000.0,
        "Restructuring And Mergern Acquisition": 151000000.0,
        "Gain On Sale Of Security": -237000000.0,
        "Net Non Operating Interest Income Expense": -168000000.0,
        "Interest Expense Non Operating": 277000000.0,
        "Interest Income Non Operating": 109000000.0,
        "Operating Income": -5012000000.0,
        "Operating Expense": 16023000000.0,
        "Research And Development": 13321000000.0,
        "Selling General And Administration": 2702000000.0,
        "Gross Profit": 11011000000.0,
        "Cost Of Revenue": 4024000000.0,
        "Total Revenue": 15035000000.0,
        "Operating Revenue": 15035000000.0
    },
    "2023-03-31": {
        "Tax Effect Of Unusual Items": 72772000.0,
        "Tax Rate For Calcs": 0.226,
        "Normalized EBITDA": 4561000000.0,
        "Total Unusual Items": 322000000.0,
        "Total Unusual Items Excluding Goodwill": 322000000.0,
        "Net Income From Continuing Operation Net Minority Interest": 2821000000.0,
        "Reconciled Depreciation": 991000000.0,
        "Reconciled Cost Of Revenue": 3926000000.0,
        "EBITDA": 4883000000.0,
        "EBIT": 3892000000.0,
        "Net Interest Income": -130000000.0,
        "Interest Expense": 242000000.0,
        "Interest Income": 112000000.0,
        "Normalized Income": 2571772000.0,
        "Net Income From Continuing And Discontinued Operation": 2821000000.0,
        "Total Expenses": 10681000000.0,
        "Diluted Average Shares": 2551000000.0,
        "Basic Average Shares": 2538000000.0,
        "Diluted EPS": 1.11,
        "Basic EPS": 1.11,
        "Diluted NI Availto Com Stockholders": 2821000000.0,
        "Net Income Common Stockholders": 2821000000.0,
        "Net Income": 2821000000.0,
        "Minority Interests": -4000000.0,
        "Net Income Including Noncontrolling Interests": 2825000000.0,
        "Net Income Discontinuous Operations": NaN,
        "Net Income Continuous Operations": 2825000000.0,
        "Tax Provision": 825000000.0,
        "Pretax Income": 3650000000.0,
        "Other Income Expense": -26000000.0,
        "Other Non Operating Income Expenses": -348000000.0,
        "Special Income Charges": -67000000.0,
        "Restructuring And Mergern Acquisition": 67000000.0,
        "Gain On Sale Of Security": 389000000.0,
        "Net Non Operating Interest Income Expense": -130000000.0,
        "Interest Expense Non Operating": 242000000.0,
        "Interest Income Non Operating": 112000000.0,
        "Operating Income": 3806000000.0,
        "Operating Expense": 6755000000.0,
        "Research And Development": 4276000000.0,
        "Selling General And Administration": 2479000000.0,
        "Gross Profit": 10561000000.0,
        "Cost Of Revenue": 3926000000.0,
        "Total Revenue": 14487000000.0,
        "Operating Revenue": 14487000000.0
    },
    "2022-12-31": {
        "Tax Effect Of Unusual Items": -17472245.943638,
        "Tax Rate For Calcs": 0.140905,
        "Normalized EBITDA": 4764000000.0,
        "Total Unusual Items": -124000000.0,
        "Total Unusual Items Excluding Goodwill": -124000000.0,
        "Net Income From Continuing Operation Net Minority Interest": 3017000000.0,
        "Reconciled Depreciation": 892000000.0,
        "Reconciled Cost Of Revenue": 3881000000.0,
        "EBITDA": 4640000000.0,
        "EBIT": 3748000000.0,
        "Net Interest Income": -140000000.0,
        "Interest Expense": 235000000.0,
        "Interest Income": 95000000.0,
        "Normalized Income": 3123527754.056362,
        "Net Income From Continuing And Discontinued Operation": 3017000000.0,
        "Total Expenses": 10343000000.0,
        "Diluted Average Shares": 2548000000.0,
        "Basic Average Shares": 2536000000.0,
        "Diluted EPS": 1.18,
        "Basic EPS": 1.19,
        "Diluted NI Availto Com Stockholders": 3017000000.0,
        "Net Income Common Stockholders": 3017000000.0,
        "Net Income": 3017000000.0,
        "Minority Interests": -1000000.0,
        "Net Income Including Noncontrolling Interests": 3018000000.0,
        "Net Income Discontinuous Operations": 0.0,
        "Net Income Continuous Operations": 3018000000.0,
        "Tax Provision": 495000000.0,
        "Pretax Income": 3513000000.0,
        "Other Income Expense": 166000000.0,
        "Other Non Operating Income Expenses": 290000000.0,
        "Special Income Charges": -49000000.0,
        "Restructuring And Mergern Acquisition": 49000000.0,
        "Gain On Sale Of Security": -75000000.0,
        "Net Non Operating Interest Income Expense": -140000000.0,
        "Interest Expense Non Operating": 235000000.0,
        "Interest Income Non Operating": 95000000.0,
        "Operating Income": 3487000000.0,
        "Operating Expense": 6462000000.0,
        "Research And Development": 3775000000.0,
        "Selling General And Administration": 2687000000.0,
        "Gross Profit": 9949000000.0,
        "Cost Of Revenue": 3881000000.0,
        "Total Revenue": 13830000000.0,
        "Operating Revenue": 13830000000.0
    },
    "2022-09-30": {
        "Tax Effect Of Unusual Items": -8648000.0,
        "Tax Rate For Calcs": 0.092,
        "Normalized EBITDA": 4200000000.0,
        "Total Unusual Items": -94000000.0,
        "Total Unusual Items Excluding Goodwill": -94000000.0,
        "Net Income From Continuing Operation Net Minority Interest": 3248000000.0,
        "Reconciled Depreciation": 959000000.0,
        "Reconciled Cost Of Revenue": 3934000000.0,
        "EBITDA": 4106000000.0,
        "EBIT": 4106000000.0,
        "Net Interest Income": -204000000.0,
        "Interest Expense": 244000000.0,
        "Interest Income": 40000000.0,
        "Normalized Income": 3333352000.0,
        "Net Income From Continuing And Discontinued Operation": 3248000000.0,
        "Total Expenses": 10853000000.0,
        "Diluted Average Shares": 2542000000.0,
        "Basic Average Shares": 2533000.0,
        "Diluted EPS": 1.28,
        "Basic EPS": 1.28,
        "Diluted NI Availto Com Stockholders": 3248000000.0,
        "Net Income Common Stockholders": 3248000000.0,
        "Net Income": 3248000000.0,
        "Minority Interests": -5000000.0,
        "Net Income Including Noncontrolling Interests": 3253000000.0,
        "Net Income Discontinuous Operations": NaN,
        "Net Income Continuous Operations": 3253000000.0,
        "Tax Provision": 330000000.0,
        "Pretax Income": 3583000000.0,
        "Other Income Expense": -523000000.0,
        "Other Non Operating Income Expenses": -429000000.0,
        "Special Income Charges": -94000000.0,
        "Restructuring And Mergern Acquisition": 94000000.0,
        "Gain On Sale Of Security": -467000000.0,
        "Net Non Operating Interest Income Expense": -204000000.0,
        "Interest Expense Non Operating": 244000000.0,
        "Interest Income Non Operating": 40000000.0,
        "Operating Income": 4106000000.0,
        "Operating Expense": 6919000000.0,
        "Research And Development": 4399000000.0,
        "Selling General And Administration": 2520000000.0,
        "Gross Profit": 11025000000.0,
        "Cost Of Revenue": 3934000000.0,
        "Total Revenue": 14959000000.0,
        "Operating Revenue": 14959000000.0
    },
    "2022-06-30": {
        "Tax Effect Of Unusual Items": -17040000.0,
        "Tax Rate For Calcs": 0.12,
        "Normalized EBITDA": 5209000000.0,
        "Total Unusual Items": -142000000.0,
        "Total Unusual Items Excluding Goodwill": -142000000.0,
        "Net Income From Continuing Operation Net Minority Interest": 3944000000.0,
        "Reconciled Depreciation": 938000000.0,
        "Reconciled Cost Of Revenue": 4216000000.0,
        "EBITDA": 5067000000.0,
        "EBIT": 5067000000.0,
        "Net Interest Income": -225000000.0,
        "Interest Expense": 240000000.0,
        "Interest Income": 15000000.0,
        "Normalized Income": 4068960000.0,
        "Net Income From Continuing And Discontinued Operation": 3944000000.0,
        "Total Expenses": 9526000000.0,
        "Diluted Average Shares": 2540000000.0,
        "Basic Average Shares": 2531000000.0,
        "Diluted EPS": 1.55,
        "Basic EPS": 1.56,
        "Diluted NI Availto Com Stockholders": 3944000000.0,
        "Net Income Common Stockholders": 3944000000.0,
        "Net Income": 3944000000.0,
        "Minority Interests": -5000000.0,
        "Net Income Including Noncontrolling Interests": 3949000000.0,
        "Net Income Discontinuous Operations": NaN,
        "Net Income Continuous Operations": 3949000000.0,
        "Tax Provision": 538000000.0,
        "Pretax Income": 4487000000.0,
        "Other Income Expense": -580000000.0,
        "Other Non Operating Income Expenses": -438000000.0,
        "Special Income Charges": -142000000.0,
        "Restructuring And Mergern Acquisition": 142000000.0,
        "Gain On Sale Of Security": -370000000.0,
        "Net Non Operating Interest Income Expense": -225000000.0,
        "Interest Expense Non Operating": 240000000.0,
        "Interest Income Non Operating": 15000000.0,
        "Operating Income": 5067000000.0,
        "Operating Expense": 5310000000.0,
        "Research And Development": 2798000000.0,
        "Selling General And Administration": 2512000000.0,
        "Gross Profit": 10377000000.0,
        "Cost Of Revenue": 4216000000.0,
        "Total Revenue": 14593000000.0,
        "Operating Revenue": 14593000000.0
    },
    "2022-03-31": {
        "Diluted EPS": 1.7,
        "Total Revenue": NaN,
        "Gross Profit": NaN,
        "Operating Income": NaN,
        "EBIT": NaN,
        "Net Income": NaN
    },
    "2021-12-31": {
        "Diluted EPS": 1.48,
        "Total Revenue": NaN,
        "Gross Profit": NaN,
        "Operating Income": NaN,
        "EBIT": NaN,
        "Net Income": NaN
    },
    "2021-09-30": {
        "Diluted EPS": 1.8,
        "Total Revenue": NaN,
        "Gross Profit": NaN,
        "Operating Income": NaN,
        "EBIT": NaN,
        "Net Income": NaN
    },
    "2021-06-30": {
        "Diluted EPS": 0.61,
        "Total Revenue": NaN,
        "Gross Profit": NaN,
        "Operating Income": NaN,
        "EBIT": NaN,
        "Net Income": NaN
    },
    "2021-03-31": {
        "Diluted EPS": 1.25,
        "Total Revenue": NaN,
        "Gross Profit": NaN,
        "Operating Income": NaN,
        "EBIT": NaN,
        "Net Income": NaN
    },
    "2020-12-31": {
        "Diluted EPS": -0.82,
        "Total Revenue": NaN,
        "Gross Profit": NaN,
        "Operating Income": NaN,
        "EBIT": NaN,
        "Net Income": NaN
    },
    "2020-09-30": {
        "Diluted EPS": 1.16,
        "Total Revenue": NaN,
        "Gross Profit": NaN,
        "Operating Income": NaN,
        "EBIT": NaN,
        "Net Income": NaN
    },
    "2020-06-30": {
        "Diluted EPS": 1.18,
        "Total Revenue": NaN,
        "Gross Profit": NaN,
        "Operating Income": NaN,
        "EBIT": NaN,
        "Net Income": NaN
    },
    "2020-03-31": {
        "Diluted EPS": 1.26,
        "Total Revenue": NaN,
        "Gross Profit": NaN,
        "Operating Income": NaN,
        "EBIT": NaN,
        "Net Income": NaN
    },
    "2019-12-31": {
        "Diluted EPS": 0.92,
        "Total Revenue": NaN,
        "Gross Profit": NaN,
        "Operating Income": NaN,
        "EBIT": -960,
        "Net Income": NaN
    },
    "2019-09-30": {
        "Diluted EPS": 0.74,
        "Total Revenue": NaN,
        "Gross Profit": NaN,
        "Operating Income": NaN,
        "EBIT": NaN,
        "Net Income": NaN
    },
    "2019-06-30": {
        "Diluted EPS": 1.03,
        "Total Revenue": NaN,
        "Gross Profit": NaN,
        "Operating Income": NaN,
        "EBIT": NaN,
        "Net Income": NaN
    },
    "2019-03-31": {
        "Diluted EPS": 1.12,
        "Total Revenue": NaN,
        "Gross Profit": NaN,
        "Operating Income": NaN,
        "EBIT": NaN,
        "Net Income": NaN
    },
    "2018-12-31": {
        "Diluted EPS": 0.69,
        "Total Revenue": NaN,
        "Gross Profit": NaN,
        "Operating Income": NaN,
        "EBIT": NaN,
        "Net Income": NaN
    },
    "2018-09-30": {
        "Diluted EPS": 0.73,
        "Total Revenue": NaN,
        "Gross Profit": NaN,
        "Operating Income": NaN,
        "EBIT": NaN,
        "Net Income": NaN
    },
    "2018-06-30": {
        "Diluted EPS": 0.63,
        "Total Revenue": NaN,
        "Gross Profit": NaN,
        "Operating Income": NaN,
        "EBIT": NaN,
        "Net Income": NaN
    },
    "2018-03-31": {
        "Diluted EPS": 0.27,
        "Total Revenue": NaN,
        "Gross Profit": NaN,
        "Operating Income": NaN,
        "EBIT": NaN,
        "Net Income": 736
    },
    "2017-12-31": {
        "Diluted EPS": -0.38,
        "Total Revenue": NaN,
        "Gross Profit": NaN,
        "Operating Income": NaN,
        "EBIT": NaN,
        "Net Income": NaN
    },
    "2017-09-30": {
        "Diluted EPS": -0.02,
        "Total Revenue": NaN,
        "Gross Profit": NaN,
        "Operating Income": 146,
        "EBIT": NaN,
        "Net Income": -56
    },
    "2017-06-30": {
        "Diluted EPS": 0.71,
        "Total Revenue": NaN,
        "Gross Profit": NaN,
        "Operating Income": NaN,
        "EBIT": NaN,
        "Net Income": NaN
    },
    "2017-03-31": {
        "Diluted EPS": 0.56,
        "Total Revenue": NaN,
        "Gross Profit": NaN,
        "Operating Income": NaN,
        "EBIT": NaN,
        "Net Income": NaN
    },
    "2016-12-31": {
        "Diluted EPS": -0.2,
        "Total Revenue": NaN,
        "Gross Profit": NaN,
        "Operating Income": -991,
        "EBIT": 194,
        "Net Income": -594
    },
    "2016-09-30": {
        "Diluted EPS": 0.78,
        "Total Revenue": NaN,
        "Gross Profit": NaN,
        "Operating Income": NaN,
        "EBIT": NaN,
        "Net Income": NaN
    },
    "2016-06-30": {
        "Diluted EPS": 0.43,
        "Total Revenue": NaN,
        "Gross Profit": NaN,
        "Operating Income": NaN,
        "EBIT": NaN,
        "Net Income": NaN
    },
    "2016-03-31": {
        "Diluted EPS": 0.4,
        "Total Revenue": NaN,
        "Gross Profit": NaN,
        "Operating Income": NaN,
        "EBIT": NaN,
        "Net Income": NaN
    },
    "2015-12-31": {
        "Diluted EPS": 0.35,
        "Total Revenue": NaN,
        "Gross Profit": NaN,
        "Operating Income": NaN,
        "EBIT": NaN,
        "Net Income": 976
    },
    "2015-09-30": {
        "Diluted EPS": 0.64,
        "Total Revenue": NaN,
        "Gross Profit": NaN,
        "Operating Income": NaN,
        "EBIT": NaN,
        "Net Income": NaN
    },
    "2015-06-30": {
        "Diluted EPS": 0.24,
        "Total Revenue": NaN,
        "Gross Profit": NaN,
        "Operating Income": NaN,
        "EBIT": NaN,
        "Net Income": 687
    },
    "2015-03-31": {
        "Diluted EPS": 0.33,
        "Total Revenue": NaN,
        "Gross Profit": NaN,
        "Operating Income": NaN,
        "EBIT": NaN,
        "Net Income": 953
    },
    "2014-12-31": {
        "Diluted EPS": 2.51,
        "Total Revenue": NaN,
        "Gross Profit": NaN,
        "Operating Income": NaN,
        "EBIT": NaN,
        "Net Income": NaN
    },
    "2014-09-30": {
        "Diluted EPS": 0.31,
        "Total Revenue": NaN,
        "Gross Profit": NaN,
        "Operating Income": NaN,
        "EBIT": NaN,
        "Net Income": 895
    },
    "2014-06-30": {
        "Diluted EPS": 0.68,
        "Total Revenue": NaN,
        "Gross Profit": NaN,
        "Operating Income": NaN,
        "EBIT": NaN,
        "Net Income": NaN
    },
    "2014-03-31": {
        "Diluted EPS": 0.57,
        "Total Revenue": NaN,
        "Gross Profit": NaN,
        "Operating Income": NaN,
        "EBIT": NaN,
        "Net Income": NaN
    },
    "2013-12-31": {
        "Diluted EPS": 0.27,
        "Total Revenue": NaN,
        "Gross Profit": NaN,
        "Operating Income": NaN,
        "EBIT": NaN,
        "Net Income": 781
    },
    "2013-09-30": {
        "Diluted EPS": 0.38,
        "Total Revenue": NaN,
        "Gross Profit": NaN,
        "Operating Income": NaN,
        "EBIT": NaN,
        "Net Income": NaN
    },
    "2013-06-30": {
        "Diluted EPS": 0.3,
        "Total Revenue": NaN,
        "Gross Profit": NaN,
        "Operating Income": NaN,
        "EBIT": NaN,
        "Net Income": 906
    },
    "2013-03-31": {
        "Diluted EPS": 0.52,
        "Total Revenue": NaN,
        "Gross Profit": NaN,
        "Operating Income": NaN,
        "EBIT": NaN,
        "Net Income": NaN
    },
    "2012-12-31": {
        "Diluted EPS": 0.3,
        "Total Revenue": NaN,
        "Gross Profit": NaN,
        "Operating Income": NaN,
        "EBIT": NaN,
        "Net Income": 908
    },
    "2012-09-30": {
        "Diluted EPS": 0.56,
        "Total Revenue": NaN,
        "Gross Profit": NaN,
        "Operating Income": NaN,
        "EBIT": NaN,
        "Net Income": NaN
    },
    "2012-06-30": {
        "Diluted EPS": 0.58,
        "Total Revenue": NaN,
        "Gross Profit": NaN,
        "Operating Income": NaN,
        "EBIT": NaN,
        "Net Income": NaN
    },
    "2012-03-31": {
        "Diluted EPS": 0.56,
        "Total Revenue": NaN,
        "Gross Profit": NaN,
        "Operating Income": NaN,
        "EBIT": NaN,
        "Net Income": NaN
    },
    "2011-12-31": {
        "Diluted EPS": 0.48,
        "Total Revenue": NaN,
        "Gross Profit": NaN,
        "Operating Income": NaN,
        "EBIT": NaN,
        "Net Income": NaN
    },
    "2011-09-30": {
        "Diluted EPS": 0.55,
        "Total Revenue": NaN,
        "Gross Profit": NaN,
        "Operating Income": NaN,
        "EBIT": NaN,
        "Net Income": NaN
    },
    "2011-06-30": {
        "Diluted EPS": 0.65,
        "Total Revenue": NaN,
        "Gross Profit": NaN,
        "Operating Income": NaN,
        "EBIT": NaN,
        "Net Income": NaN
    },
    "2011-03-31": {
        "Diluted EPS": 0.34,
        "Total Revenue": NaN,
        "Gross Profit": NaN,
        "Operating Income": NaN,
        "EBIT": NaN,
        "Net Income": NaN
    },
    "2010-12-31": {
        "Diluted EPS": -0.16,
        "Total Revenue": NaN,
        "Gross Profit": NaN,
        "Operating Income": -441,
        "EBIT": NaN,
        "Net Income": -534
    },
    "2010-09-30": {
        "Diluted EPS": 0.11,
        "Total Revenue": NaN,
        "Gross Profit": NaN,
        "Operating Income": NaN,
        "EBIT": NaN,
        "Net Income": 342
    },
    "2010-06-30": {
        "Diluted EPS": 0.24,
        "Total Revenue": NaN,
        "Gross Profit": NaN,
        "Operating Income": NaN,
        "EBIT": NaN,
        "Net Income": 752
    },
    "2010-03-31": {
        "Diluted EPS": 0.09,
        "Total Revenue": NaN,
        "Gross Profit": NaN,
        "Operating Income": 933,
        "EBIT": NaN,
        "Net Income": 299
    },
    "2009-12-31": {
        "Diluted EPS": 2.63,
        "Total Revenue": NaN,
        "Gross Profit": NaN,
        "Operating Income": -234,
        "EBIT": NaN,
        "Net Income": NaN
    },
    "2009-09-30": {
        "Diluted EPS": 1.61,
        "Total Revenue": NaN,
        "Gross Profit": NaN,
        "Operating Income": NaN,
        "EBIT": NaN,
        "Net Income": NaN
    },
    "2009-06-30": {
        "Diluted EPS": 0.74,
        "Total Revenue": NaN,
        "Gross Profit": NaN,
        "Operating Income": NaN,
        "EBIT": NaN,
        "Net Income": NaN
    },
    "2009-03-31": {
        "Diluted EPS": 0.67,
        "Total Revenue": NaN,
        "Gross Profit": NaN,
        "Operating Income": NaN,
        "EBIT": NaN,
        "Net Income": NaN
    },
    "2023-09-30": {
        "Tax Effect Of Unusual Items": -37820000.0,
        "Tax Rate For Calcs": 0.155,
        "Normalized EBITDA": 7195000000.0,
        "Total Unusual Items": -244000000.0,
        "Total Unusual Items Excluding Goodwill": -244000000.0,
        "Net Income From Continuing Operation Net Minority Interest": 4745000000.0,
        "Reconciled Depreciation": 1014000000.0,
        "Reconciled Cost Of Revenue": 4264000000.0,
        "EBITDA": 6951000000.0,
        "EBIT": 5937000000.0,
        "Net Interest Income": -244000000.0,
        "Interest Expense": 317000000.0,
        "Interest Income": 73000000.0,
        "Normalized Income": 4951180000.0,
        "Net Income From Continuing And Discontinued Operation": 4745000000.0,
        "Total Expenses": 10090000000.0,
        "Diluted Average Shares": 2546000000.0,
        "Basic Average Shares": 2537000000.0,
        "Diluted EPS": 1.86,
        "Basic EPS": 1.87,
        "Diluted NI Availto Com Stockholders": 4745000000.0,
        "Net Income Common Stockholders": 4745000000.0,
        "Net Income": 4745000000.0,
        "Minority Interests": -5000000.0,
        "Net Income Including Noncontrolling Interests": 4750000000.0,
        "Net Income Discontinuous Operations": NaN,
        "Net Income Continuous Operations": 4750000000.0,
        "Tax Provision": 870000000.0,
        "Pretax Income": 5620000000.0,
        "Other Income Expense": -8000000.0,
        "Other Non Operating Income Expenses": 236000000.0,
        "Special Income Charges": -126000000.0,
        "Restructuring And Mergern Acquisition": 126000000.0,
        "Gain On Sale Of Security": -118000000.0,
        "Net Non Operating Interest Income Expense": -244000000.0,
        "Interest Expense Non Operating": 317000000.0,
        "Interest Income Non Operating": 73000000.0,
        "Operating Income": 5872000000.0,
        "Operating Expense": 5826000000.0,
        "Research And Development": 3307000000.0,
        "Selling General And Administration": 2519000000.0,
        "Gross Profit": 11698000000.0,
        "Cost Of Revenue": 4264000000.0,
        "Total Revenue": 15962000000.0,
        "Operating Revenue": 15962000000.0
    }
}