{
    "2023-03-31": {
        "Tax Effect Of Unusual Items": 0.0,
        "Tax Rate For Calcs": 0.0,
        "Normalized EBITDA": -30426000.0,
        "Net Income From Continuing Operation Net Minority Interest": -34730000.0,
        "Reconciled Depreciation": 157000.0,
        "Reconciled Cost Of Revenue": 206000.0,
        "EBITDA": -30426000.0,
        "EBIT": -30583000.0,
        "Net Interest Income": -1804000.0,
        "Interest Expense": 4147000.0,
        "Interest Income": 2343000.0,
        "Normalized Income": -34730000.0,
        "Net Income From Continuing And Discontinued Operation": -34730000.0,
        "Total Expenses": 43343000.0,
        "Total Operating Income As Reported": -32963000.0,
        "Diluted Average Shares": 51769685.0,
        "Basic Average Shares": 51769685.0,
        "Diluted EPS": -0.67,
        "Basic EPS": -0.67,
        "Diluted NI Availto Com Stockholders": -34730000.0,
        "Net Income Common Stockholders": -34730000.0,
        "Preferred Stock Dividends": NaN,
        "Net Income": -34730000.0,
        "Net Income Including Noncontrolling Interests": -34730000.0,
        "Net Income Continuous Operations": -34730000.0,
        "Tax Provision": NaN,
        "Pretax Income": -34730000.0,
        "Other Income Expense": 37000.0,
        "Other Non Operating Income Expenses": 37000.0,
        "Net Non Operating Interest Income Expense": -1804000.0,
        "Interest Expense Non Operating": 4147000.0,
        "Interest Income Non Operating": 2343000.0,
        "Operating Income": -32963000.0,
        "Operating Expense": 43137000.0,
        "Other Operating Expenses": NaN,
        "Research And Development": 27933000.0,
        "Selling General And Administration": 15204000.0,
        "General And Administrative Expense": NaN,
        "Other Gand A": NaN,
        "Gross Profit": 10174000.0,
        "Cost Of Revenue": 206000.0,
        "Total Revenue": 10380000.0,
        "Operating Revenue": 10380000.0
    },
    "2022-12-31": {
        "Tax Effect Of Unusual Items": NaN,
        "Tax Rate For Calcs": NaN,
        "Normalized EBITDA": NaN,
        "Net Income From Continuing Operation Net Minority Interest": NaN,
        "Reconciled Depreciation": NaN,
        "Reconciled Cost Of Revenue": NaN,
        "EBITDA": NaN,
        "EBIT": NaN,
        "Net Interest Income": NaN,
        "Interest Expense": NaN,
        "Interest Income": NaN,
        "Normalized Income": NaN,
        "Net Income From Continuing And Discontinued Operation": NaN,
        "Total Expenses": NaN,
        "Total Operating Income As Reported": NaN,
        "Diluted Average Shares": 44973371.0,
        "Basic Average Shares": 44973371.0,
        "Diluted EPS": -0.76,
        "Basic EPS": -0.76,
        "Diluted NI Availto Com Stockholders": NaN,
        "Net Income Common Stockholders": NaN,
        "Preferred Stock Dividends": NaN,
        "Net Income": NaN,
        "Net Income Including Noncontrolling Interests": NaN,
        "Net Income Continuous Operations": NaN,
        "Tax Provision": 1637000.0,
        "Pretax Income": NaN,
        "Other Income Expense": NaN,
        "Other Non Operating Income Expenses": NaN,
        "Net Non Operating Interest Income Expense": NaN,
        "Interest Expense Non Operating": NaN,
        "Interest Income Non Operating": NaN,
        "Operating Income": NaN,
        "Operating Expense": NaN,
        "Other Operating Expenses": 0.0,
        "Research And Development": NaN,
        "Selling General And Administration": NaN,
        "General And Administrative Expense": NaN,
        "Other Gand A": NaN,
        "Gross Profit": NaN,
        "Cost Of Revenue": NaN,
        "Total Revenue": NaN,
        "Operating Revenue": NaN
    },
    "2022-09-30": {
        "Tax Effect Of Unusual Items": NaN,
        "Tax Rate For Calcs": NaN,
        "Normalized EBITDA": NaN,
        "Net Income From Continuing Operation Net Minority Interest": NaN,
        "Reconciled Depreciation": NaN,
        "Reconciled Cost Of Revenue": NaN,
        "EBITDA": NaN,
        "EBIT": NaN,
        "Net Interest Income": NaN,
        "Interest Expense": NaN,
        "Interest Income": NaN,
        "Normalized Income": NaN,
        "Net Income From Continuing And Discontinued Operation": NaN,
        "Total Expenses": NaN,
        "Total Operating Income As Reported": NaN,
        "Diluted Average Shares": NaN,
        "Basic Average Shares": NaN,
        "Diluted EPS": NaN,
        "Basic EPS": NaN,
        "Diluted NI Availto Com Stockholders": NaN,
        "Net Income Common Stockholders": NaN,
        "Preferred Stock Dividends": 1656000.0,
        "Net Income": NaN,
        "Net Income Including Noncontrolling Interests": NaN,
        "Net Income Continuous Operations": NaN,
        "Tax Provision": 1752000.0,
        "Pretax Income": NaN,
        "Other Income Expense": NaN,
        "Other Non Operating Income Expenses": NaN,
        "Net Non Operating Interest Income Expense": NaN,
        "Interest Expense Non Operating": NaN,
        "Interest Income Non Operating": NaN,
        "Operating Income": NaN,
        "Operating Expense": NaN,
        "Other Operating Expenses": NaN,
        "Research And Development": NaN,
        "Selling General And Administration": NaN,
        "General And Administrative Expense": 13389000.0,
        "Other Gand A": 13389000.0,
        "Gross Profit": NaN,
        "Cost Of Revenue": NaN,
        "Total Revenue": NaN,
        "Operating Revenue": NaN
    },
    "2022-06-30": {
        "Tax Effect Of Unusual Items": 0.0,
        "Tax Rate For Calcs": 0.0,
        "Normalized EBITDA": -36684000.0,
        "Net Income From Continuing Operation Net Minority Interest": -39433000.0,
        "Reconciled Depreciation": 93000.0,
        "Reconciled Cost Of Revenue": NaN,
        "EBITDA": -36684000.0,
        "EBIT": -36777000.0,
        "Net Interest Income": -2572000.0,
        "Interest Expense": 2656000.0,
        "Interest Income": 84000.0,
        "Normalized Income": -39433000.0,
        "Net Income From Continuing And Discontinued Operation": -39433000.0,
        "Total Expenses": 38556000.0,
        "Total Operating Income As Reported": -36766000.0,
        "Diluted Average Shares": 37155917.0,
        "Basic Average Shares": 37155917.0,
        "Diluted EPS": -1.06,
        "Basic EPS": -1.06,
        "Diluted NI Availto Com Stockholders": -39433000.0,
        "Net Income Common Stockholders": -39433000.0,
        "Preferred Stock Dividends": NaN,
        "Net Income": -39433000.0,
        "Net Income Including Noncontrolling Interests": -39433000.0,
        "Net Income Continuous Operations": -39433000.0,
        "Tax Provision": NaN,
        "Pretax Income": -39433000.0,
        "Other Income Expense": -95000.0,
        "Other Non Operating Income Expenses": -95000.0,
        "Net Non Operating Interest Income Expense": -2572000.0,
        "Interest Expense Non Operating": 2656000.0,
        "Interest Income Non Operating": 84000.0,
        "Operating Income": -36766000.0,
        "Operating Expense": 38556000.0,
        "Other Operating Expenses": NaN,
        "Research And Development": 21495000.0,
        "Selling General And Administration": 17061000.0,
        "General And Administrative Expense": 17061000.0,
        "Other Gand A": 17061000.0,
        "Gross Profit": NaN,
        "Cost Of Revenue": NaN,
        "Total Revenue": 1790000.0,
        "Operating Revenue": 1790000.0
    },
    "2022-03-31": {
        "Diluted EPS": -0.52,
        "Total Revenue": 14,
        "Gross Profit": 14,
        "Operating Income": -17,
        "EBIT": -17,
        "Net Income": -19
    },
    "2021-12-31": {
        "Diluted EPS": -0.77,
        "Total Revenue": 2,
        "Gross Profit": 2,
        "Operating Income": -27,
        "EBIT": -27,
        "Net Income": -28
    },
    "2021-09-30": {
        "Diluted EPS": -0.53,
        "Total Revenue": 10,
        "Gross Profit": 9,
        "Operating Income": -19,
        "EBIT": -19,
        "Net Income": -20
    },
    "2021-06-30": {
        "Diluted EPS": -0.65,
        "Total Revenue": 2,
        "Gross Profit": 2,
        "Operating Income": -23,
        "EBIT": -23,
        "Net Income": -24
    },
    "2021-03-31": {
        "Diluted EPS": -0.74,
        "Total Revenue": 2,
        "Gross Profit": 2,
        "Operating Income": -27,
        "EBIT": -27,
        "Net Income": -27
    },
    "2020-12-31": {
        "Diluted EPS": -0.39,
        "Total Revenue": 2,
        "Gross Profit": 2,
        "Operating Income": -18,
        "EBIT": -17,
        "Net Income": -17
    },
    "2020-09-30": {
        "Diluted EPS": -0.51,
        "Total Revenue": 0,
        "Gross Profit": 0,
        "Operating Income": -16,
        "EBIT": -16,
        "Net Income": -16
    },
    "2020-06-30": {
        "Diluted EPS": -0.63,
        "Total Revenue": NaN,
        "Gross Profit": NaN,
        "Operating Income": -16,
        "EBIT": -16,
        "Net Income": -16
    },
    "2020-03-31": {
        "Diluted EPS": -1.27,
        "Total Revenue": NaN,
        "Gross Profit": NaN,
        "Operating Income": -19,
        "EBIT": -19,
        "Net Income": -28
    },
    "2019-12-31": {
        "Diluted EPS": -1.0,
        "Total Revenue": NaN,
        "Gross Profit": NaN,
        "Operating Income": -15,
        "EBIT": -15,
        "Net Income": -15
    },
    "2019-09-30": {
        "Diluted EPS": -1.05,
        "Total Revenue": NaN,
        "Gross Profit": NaN,
        "Operating Income": -14,
        "EBIT": -14,
        "Net Income": -14
    },
    "2019-06-30": {
        "Diluted EPS": -0.96,
        "Total Revenue": NaN,
        "Gross Profit": NaN,
        "Operating Income": -13,
        "EBIT": -12,
        "Net Income": -12
    },
    "2019-03-31": {
        "Diluted EPS": -0.96,
        "Total Revenue": NaN,
        "Gross Profit": NaN,
        "Operating Income": -13,
        "EBIT": -13,
        "Net Income": -12
    },
    "2018-12-31": {
        "Diluted EPS": -0.96,
        "Total Revenue": NaN,
        "Gross Profit": NaN,
        "Operating Income": -10,
        "EBIT": -10,
        "Net Income": -10
    },
    "2018-09-30": {
        "Diluted EPS": -1.08,
        "Total Revenue": NaN,
        "Gross Profit": NaN,
        "Operating Income": -11,
        "EBIT": -11,
        "Net Income": -11
    },
    "2018-06-30": {
        "Diluted EPS": -0.96,
        "Total Revenue": NaN,
        "Gross Profit": NaN,
        "Operating Income": -10,
        "EBIT": -10,
        "Net Income": -10
    },
    "2018-03-31": {
        "Diluted EPS": -0.6,
        "Total Revenue": NaN,
        "Gross Profit": NaN,
        "Operating Income": -6,
        "EBIT": -6,
        "Net Income": -6
    },
    "2017-12-31": {
        "Diluted EPS": -0.72,
        "Total Revenue": NaN,
        "Gross Profit": NaN,
        "Operating Income": -5,
        "EBIT": -5,
        "Net Income": -5
    },
    "2017-09-30": {
        "Diluted EPS": -0.6,
        "Total Revenue": NaN,
        "Gross Profit": NaN,
        "Operating Income": -4,
        "EBIT": -4,
        "Net Income": -4
    },
    "2017-06-30": {
        "Diluted EPS": -0.84,
        "Total Revenue": NaN,
        "Gross Profit": NaN,
        "Operating Income": -5,
        "EBIT": -4,
        "Net Income": -5
    },
    "2017-03-31": {
        "Diluted EPS": -1.04,
        "Total Revenue": NaN,
        "Gross Profit": NaN,
        "Operating Income": -5,
        "EBIT": -5,
        "Net Income": -5
    },
    "2016-12-31": {
        "Diluted EPS": -1.24,
        "Total Revenue": NaN,
        "Gross Profit": NaN,
        "Operating Income": -6,
        "EBIT": -6,
        "Net Income": -6
    },
    "2016-09-30": {
        "Diluted EPS": -1.32,
        "Total Revenue": NaN,
        "Gross Profit": NaN,
        "Operating Income": -6,
        "EBIT": -6,
        "Net Income": -6
    },
    "2016-06-30": {
        "Diluted EPS": -1.84,
        "Total Revenue": NaN,
        "Gross Profit": NaN,
        "Operating Income": -9,
        "EBIT": -9,
        "Net Income": -9
    },
    "2016-03-31": {
        "Diluted EPS": -1.48,
        "Total Revenue": NaN,
        "Gross Profit": NaN,
        "Operating Income": -7,
        "EBIT": -7,
        "Net Income": -7
    },
    "2015-12-31": {
        "Diluted EPS": -1.8,
        "Total Revenue": NaN,
        "Gross Profit": NaN,
        "Operating Income": -7,
        "EBIT": -7,
        "Net Income": -8
    },
    "2015-09-30": {
        "Diluted EPS": -1.4,
        "Total Revenue": NaN,
        "Gross Profit": NaN,
        "Operating Income": -5,
        "EBIT": -5,
        "Net Income": -5
    },
    "2015-06-30": {
        "Diluted EPS": -1.48,
        "Total Revenue": NaN,
        "Gross Profit": NaN,
        "Operating Income": -5,
        "EBIT": -5,
        "Net Income": -5
    },
    "2015-03-31": {
        "Diluted EPS": -2.0,
        "Total Revenue": NaN,
        "Gross Profit": NaN,
        "Operating Income": -7,
        "EBIT": -7,
        "Net Income": -7
    },
    "2014-12-31": {
        "Diluted EPS": 52.48,
        "Total Revenue": NaN,
        "Gross Profit": NaN,
        "Operating Income": -4,
        "EBIT": -4,
        "Net Income": -4
    },
    "2014-09-30": {
        "Diluted EPS": -0.88,
        "Total Revenue": NaN,
        "Gross Profit": NaN,
        "Operating Income": -2,
        "EBIT": -2,
        "Net Income": -2
    },
    "2014-06-30": {
        "Diluted EPS": -31.92,
        "Total Revenue": NaN,
        "Gross Profit": NaN,
        "Operating Income": -3,
        "EBIT": -3,
        "Net Income": -4
    },
    "2014-03-31": {
        "Diluted EPS": -28.36,
        "Total Revenue": NaN,
        "Gross Profit": NaN,
        "Operating Income": -3,
        "EBIT": -3,
        "Net Income": -3
    },
    "2013-12-31": {
        "Diluted EPS": -22.16,
        "Total Revenue": NaN,
        "Gross Profit": NaN,
        "Operating Income": -2,
        "EBIT": -2,
        "Net Income": -1
    },
    "2013-09-30": {
        "Diluted EPS": -18.32,
        "Total Revenue": NaN,
        "Gross Profit": NaN,
        "Operating Income": -1,
        "EBIT": -1,
        "Net Income": -2
    },
    "2013-06-30": {
        "Diluted EPS": -22.64,
        "Total Revenue": NaN,
        "Gross Profit": NaN,
        "Operating Income": -2,
        "EBIT": -2,
        "Net Income": -3
    },
    "2013-03-31": {
        "Diluted EPS": -15.28,
        "Total Revenue": NaN,
        "Gross Profit": NaN,
        "Operating Income": -1,
        "EBIT": -1,
        "Net Income": -2
    },
    "2012-12-31": {
        "Diluted EPS": 0.0,
        "Total Revenue": NaN,
        "Gross Profit": NaN,
        "Operating Income": NaN,
        "EBIT": NaN,
        "Net Income": NaN
    },
    "2023-06-30": {
        "Tax Effect Of Unusual Items": 0.0,
        "Tax Rate For Calcs": 0.045949,
        "Normalized EBITDA": -29137000.0,
        "Net Income From Continuing Operation Net Minority Interest": -31934000.0,
        "Reconciled Depreciation": 127000.0,
        "Reconciled Cost Of Revenue": 386000.0,
        "EBITDA": -29137000.0,
        "EBIT": -29264000.0,
        "Net Interest Income": -2080000.0,
        "Interest Expense": 4208000.0,
        "Interest Income": 2128000.0,
        "Normalized Income": -31934000.0,
        "Net Income From Continuing And Discontinued Operation": -31934000.0,
        "Total Expenses": 37520000.0,
        "Total Operating Income As Reported": -31439000.0,
        "Diluted Average Shares": 52551918.0,
        "Basic Average Shares": 52551918.0,
        "Diluted EPS": -0.61,
        "Basic EPS": -0.61,
        "Diluted NI Availto Com Stockholders": -31934000.0,
        "Net Income Common Stockholders": -31934000.0,
        "Preferred Stock Dividends": NaN,
        "Net Income": -31934000.0,
        "Net Income Including Noncontrolling Interests": -31934000.0,
        "Net Income Continuous Operations": -31934000.0,
        "Tax Provision": -1538000.0,
        "Pretax Income": -33472000.0,
        "Other Income Expense": 47000.0,
        "Other Non Operating Income Expenses": 47000.0,
        "Net Non Operating Interest Income Expense": -2080000.0,
        "Interest Expense Non Operating": 4208000.0,
        "Interest Income Non Operating": 2128000.0,
        "Operating Income": -31439000.0,
        "Operating Expense": 37134000.0,
        "Other Operating Expenses": NaN,
        "Research And Development": 21412000.0,
        "Selling General And Administration": 15722000.0,
        "General And Administrative Expense": NaN,
        "Other Gand A": NaN,
        "Gross Profit": 5695000.0,
        "Cost Of Revenue": 386000.0,
        "Total Revenue": 6081000.0,
        "Operating Revenue": 6081000.0
    },
    "2023-09-30": {
        "Tax Effect Of Unusual Items": 0.0,
        "Tax Rate For Calcs": 0.0,
        "Normalized EBITDA": -28588000.0,
        "Net Income From Continuing Operation Net Minority Interest": -32972000.0,
        "Reconciled Depreciation": 142000.0,
        "Reconciled Cost Of Revenue": 455000.0,
        "EBITDA": -28588000.0,
        "EBIT": -28730000.0,
        "Net Interest Income": -2347000.0,
        "Interest Expense": 4242000.0,
        "Interest Income": 1895000.0,
        "Normalized Income": -32972000.0,
        "Net Income From Continuing And Discontinued Operation": -32972000.0,
        "Total Expenses": 38984000.0,
        "Total Operating Income As Reported": -31646000.0,
        "Diluted Average Shares": 53920109.0,
        "Basic Average Shares": 53920109.0,
        "Diluted EPS": -0.61,
        "Basic EPS": -0.61,
        "Diluted NI Availto Com Stockholders": -32972000.0,
        "Net Income Common Stockholders": -32972000.0,
        "Preferred Stock Dividends": NaN,
        "Net Income": -32972000.0,
        "Net Income Including Noncontrolling Interests": -32972000.0,
        "Net Income Continuous Operations": -32972000.0,
        "Tax Provision": 0.0,
        "Pretax Income": -32972000.0,
        "Other Income Expense": 1021000.0,
        "Other Non Operating Income Expenses": 1021000.0,
        "Net Non Operating Interest Income Expense": -2347000.0,
        "Interest Expense Non Operating": 4242000.0,
        "Interest Income Non Operating": 1895000.0,
        "Operating Income": -31646000.0,
        "Operating Expense": 38529000.0,
        "Other Operating Expenses": NaN,
        "Research And Development": 23661000.0,
        "Selling General And Administration": 14868000.0,
        "General And Administrative Expense": NaN,
        "Other Gand A": NaN,
        "Gross Profit": 6883000.0,
        "Cost Of Revenue": 455000.0,
        "Total Revenue": 7338000.0,
        "Operating Revenue": 7338000.0
    },
    "2023-12-31": {
        "Tax Effect Of Unusual Items": 0.0,
        "Tax Rate For Calcs": 0.0,
        "Normalized EBITDA": -37346000.0,
        "Net Income From Continuing Operation Net Minority Interest": -41769000.0,
        "Reconciled Depreciation": 125000.0,
        "Reconciled Cost Of Revenue": 887000.0,
        "EBITDA": -37346000.0,
        "EBIT": -37471000.0,
        "Net Interest Income": -2551000.0,
        "Interest Expense": 4298000.0,
        "Interest Income": 1747000.0,
        "Normalized Income": -41769000.0,
        "Net Income From Continuing And Discontinued Operation": -41769000.0,
        "Total Expenses": 42627000.0,
        "Total Operating Income As Reported": -35437000.0,
        "Diluted Average Shares": NaN,
        "Basic Average Shares": NaN,
        "Diluted EPS": NaN,
        "Basic EPS": NaN,
        "Diluted NI Availto Com Stockholders": -41769000.0,
        "Net Income Common Stockholders": -41769000.0,
        "Preferred Stock Dividends": NaN,
        "Net Income": -41769000.0,
        "Net Income Including Noncontrolling Interests": -41769000.0,
        "Net Income Continuous Operations": -41769000.0,
        "Tax Provision": 0.0,
        "Pretax Income": -41769000.0,
        "Other Income Expense": -3781000.0,
        "Other Non Operating Income Expenses": -3781000.0,
        "Net Non Operating Interest Income Expense": -2551000.0,
        "Interest Expense Non Operating": 4298000.0,
        "Interest Income Non Operating": 1747000.0,
        "Operating Income": -35437000.0,
        "Operating Expense": 41740000.0,
        "Other Operating Expenses": NaN,
        "Research And Development": 26382000.0,
        "Selling General And Administration": 15358000.0,
        "General And Administrative Expense": NaN,
        "Other Gand A": NaN,
        "Gross Profit": 6303000.0,
        "Cost Of Revenue": 887000.0,
        "Total Revenue": 7190000.0,
        "Operating Revenue": 7190000.0
    },
    "2024-03-31": {
        "Tax Effect Of Unusual Items": 0.0,
        "Tax Rate For Calcs": 0.0,
        "Normalized EBITDA": -34192000.0,
        "Net Income From Continuing Operation Net Minority Interest": -38669000.0,
        "Reconciled Depreciation": 131000.0,
        "Reconciled Cost Of Revenue": 756000.0,
        "EBITDA": -34192000.0,
        "EBIT": -34323000.0,
        "Net Interest Income": -2884000.0,
        "Interest Expense": 4346000.0,
        "Interest Income": 1462000.0,
        "Normalized Income": -38669000.0,
        "Net Income From Continuing And Discontinued Operation": -38669000.0,
        "Total Expenses": 43500000.0,
        "Total Operating Income As Reported": -35821000.0,
        "Diluted Average Shares": 56851811.0,
        "Basic Average Shares": 56851811.0,
        "Diluted EPS": -0.68,
        "Basic EPS": -0.68,
        "Diluted NI Availto Com Stockholders": -38669000.0,
        "Net Income Common Stockholders": -38669000.0,
        "Preferred Stock Dividends": NaN,
        "Net Income": -38669000.0,
        "Net Income Including Noncontrolling Interests": -38669000.0,
        "Net Income Continuous Operations": -38669000.0,
        "Tax Provision": NaN,
        "Pretax Income": -38669000.0,
        "Other Income Expense": 36000.0,
        "Other Non Operating Income Expenses": 36000.0,
        "Net Non Operating Interest Income Expense": -2884000.0,
        "Interest Expense Non Operating": 4346000.0,
        "Interest Income Non Operating": 1462000.0,
        "Operating Income": -35821000.0,
        "Operating Expense": 42744000.0,
        "Other Operating Expenses": NaN,
        "Research And Development": 24118000.0,
        "Selling General And Administration": 18626000.0,
        "General And Administrative Expense": NaN,
        "Other Gand A": NaN,
        "Gross Profit": 6923000.0,
        "Cost Of Revenue": 756000.0,
        "Total Revenue": 7679000.0,
        "Operating Revenue": 7679000.0
    }
}