{
    "2023-03-31": {
        "Tax Effect Of Unusual Items": NaN,
        "Tax Rate For Calcs": NaN,
        "Normalized EBITDA": NaN,
        "Total Unusual Items": NaN,
        "Total Unusual Items Excluding Goodwill": NaN,
        "Net Income From Continuing Operation Net Minority Interest": NaN,
        "Reconciled Depreciation": NaN,
        "Reconciled Cost Of Revenue": NaN,
        "EBITDA": NaN,
        "EBIT": NaN,
        "Net Interest Income": NaN,
        "Normalized Income": NaN,
        "Net Income From Continuing And Discontinued Operation": NaN,
        "Total Expenses": NaN,
        "Total Operating Income As Reported": NaN,
        "Diluted Average Shares": 629000000.0,
        "Basic Average Shares": 628000000.0,
        "Diluted EPS": 0.66,
        "Basic EPS": 0.66,
        "Diluted NI Availto Com Stockholders": NaN,
        "Net Income Common Stockholders": NaN,
        "Net Income": NaN,
        "Net Income Including Noncontrolling Interests": NaN,
        "Net Income Continuous Operations": NaN,
        "Tax Provision": NaN,
        "Pretax Income": NaN,
        "Other Income Expense": NaN,
        "Other Non Operating Income Expenses": 3000000.0,
        "Special Income Charges": NaN,
        "Gain On Sale Of Ppe": NaN,
        "Write Off": NaN,
        "Impairment Of Capital Assets": NaN,
        "Earnings From Equity Interest": NaN,
        "Gain On Sale Of Security": NaN,
        "Net Non Operating Interest Income Expense": NaN,
        "Total Other Finance Cost": 82000000.0,
        "Operating Income": NaN,
        "Operating Expense": NaN,
        "Other Operating Expenses": NaN,
        "Other Taxes": NaN,
        "Selling General And Administration": NaN,
        "General And Administrative Expense": NaN,
        "Other Gand A": NaN,
        "Salaries And Wages": NaN,
        "Gross Profit": NaN,
        "Cost Of Revenue": NaN,
        "Total Revenue": NaN,
        "Operating Revenue": NaN
    },
    "2022-12-31": {
        "Tax Effect Of Unusual Items": NaN,
        "Tax Rate For Calcs": NaN,
        "Normalized EBITDA": NaN,
        "Total Unusual Items": NaN,
        "Total Unusual Items Excluding Goodwill": NaN,
        "Net Income From Continuing Operation Net Minority Interest": NaN,
        "Reconciled Depreciation": NaN,
        "Reconciled Cost Of Revenue": NaN,
        "EBITDA": NaN,
        "EBIT": NaN,
        "Net Interest Income": NaN,
        "Normalized Income": NaN,
        "Net Income From Continuing And Discontinued Operation": NaN,
        "Total Expenses": NaN,
        "Total Operating Income As Reported": NaN,
        "Diluted Average Shares": NaN,
        "Basic Average Shares": NaN,
        "Diluted EPS": NaN,
        "Basic EPS": NaN,
        "Diluted NI Availto Com Stockholders": NaN,
        "Net Income Common Stockholders": NaN,
        "Net Income": NaN,
        "Net Income Including Noncontrolling Interests": NaN,
        "Net Income Continuous Operations": NaN,
        "Tax Provision": NaN,
        "Pretax Income": NaN,
        "Other Income Expense": NaN,
        "Other Non Operating Income Expenses": NaN,
        "Special Income Charges": NaN,
        "Gain On Sale Of Ppe": NaN,
        "Write Off": 3000000.0,
        "Impairment Of Capital Assets": 3000000.0,
        "Earnings From Equity Interest": NaN,
        "Gain On Sale Of Security": NaN,
        "Net Non Operating Interest Income Expense": NaN,
        "Total Other Finance Cost": NaN,
        "Operating Income": NaN,
        "Operating Expense": NaN,
        "Other Operating Expenses": NaN,
        "Other Taxes": NaN,
        "Selling General And Administration": NaN,
        "General And Administrative Expense": NaN,
        "Other Gand A": NaN,
        "Salaries And Wages": NaN,
        "Gross Profit": NaN,
        "Cost Of Revenue": NaN,
        "Total Revenue": NaN,
        "Operating Revenue": NaN
    },
    "2022-09-30": {
        "Tax Effect Of Unusual Items": NaN,
        "Tax Rate For Calcs": NaN,
        "Normalized EBITDA": NaN,
        "Total Unusual Items": NaN,
        "Total Unusual Items Excluding Goodwill": NaN,
        "Net Income From Continuing Operation Net Minority Interest": NaN,
        "Reconciled Depreciation": NaN,
        "Reconciled Cost Of Revenue": NaN,
        "EBITDA": NaN,
        "EBIT": NaN,
        "Net Interest Income": NaN,
        "Normalized Income": NaN,
        "Net Income From Continuing And Discontinued Operation": NaN,
        "Total Expenses": NaN,
        "Total Operating Income As Reported": NaN,
        "Diluted Average Shares": NaN,
        "Basic Average Shares": NaN,
        "Diluted EPS": NaN,
        "Basic EPS": NaN,
        "Diluted NI Availto Com Stockholders": NaN,
        "Net Income Common Stockholders": NaN,
        "Net Income": NaN,
        "Net Income Including Noncontrolling Interests": NaN,
        "Net Income Continuous Operations": NaN,
        "Tax Provision": NaN,
        "Pretax Income": NaN,
        "Other Income Expense": NaN,
        "Other Non Operating Income Expenses": NaN,
        "Special Income Charges": NaN,
        "Gain On Sale Of Ppe": NaN,
        "Write Off": 2000000.0,
        "Impairment Of Capital Assets": 2000000.0,
        "Earnings From Equity Interest": NaN,
        "Gain On Sale Of Security": NaN,
        "Net Non Operating Interest Income Expense": NaN,
        "Total Other Finance Cost": 52000000.0,
        "Operating Income": NaN,
        "Operating Expense": NaN,
        "Other Operating Expenses": NaN,
        "Other Taxes": NaN,
        "Selling General And Administration": NaN,
        "General And Administrative Expense": NaN,
        "Other Gand A": NaN,
        "Gross Profit": NaN,
        "Cost Of Revenue": NaN,
        "Total Revenue": NaN,
        "Operating Revenue": NaN
    },
    "2022-06-30": {
        "Tax Effect Of Unusual Items": -6722891.566265,
        "Tax Rate For Calcs": 0.224096,
        "Normalized EBITDA": 1202000000.0,
        "Total Unusual Items": -30000000.0,
        "Total Unusual Items Excluding Goodwill": -30000000.0,
        "Net Income From Continuing Operation Net Minority Interest": 966000000.0,
        "Reconciled Depreciation": 436000000.0,
        "Reconciled Cost Of Revenue": 791000000.0,
        "EBITDA": 1172000000.0,
        "EBIT": 1172000000.0,
        "Net Interest Income": -54000000.0,
        "Interest Expense": NaN,
        "Normalized Income": 989277108.433735,
        "Net Income From Continuing And Discontinued Operation": 966000000.0,
        "Total Expenses": 996000000.0,
        "Total Operating Income As Reported": 1294000000.0,
        "Diluted Average Shares": 705000000.0,
        "Basic Average Shares": 703000000.0,
        "Diluted EPS": 1.37,
        "Basic EPS": 1.37,
        "Diluted NI Availto Com Stockholders": 966000000.0,
        "Net Income Common Stockholders": 966000000.0,
        "Net Income": 966000000.0,
        "Net Income Including Noncontrolling Interests": 966000000.0,
        "Net Income Continuous Operations": 966000000.0,
        "Tax Provision": 279000000.0,
        "Pretax Income": 1245000000.0,
        "Other Income Expense": 127000000.0,
        "Other Non Operating Income Expenses": 5000000.0,
        "Special Income Charges": -3000000.0,
        "Gain On Sale Of Ppe": -1000000.0,
        "Impairment Of Capital Assets": 2000000.0,
        "Earnings From Equity Interest": 152000000.0,
        "Gain On Sale Of Security": -27000000.0,
        "Net Non Operating Interest Income Expense": -54000000.0,
        "Total Other Finance Cost": 54000000.0,
        "Interest Expense Non Operating": NaN,
        "Operating Income": 1172000000.0,
        "Operating Expense": 205000000.0,
        "Other Operating Expenses": -3000000.0,
        "Other Taxes": 140000000.0,
        "Selling General And Administration": 68000000.0,
        "General And Administrative Expense": 68000000.0,
        "Other Gand A": 68000000.0,
        "Gross Profit": 1377000000.0,
        "Cost Of Revenue": 791000000.0,
        "Total Revenue": 2168000000.0,
        "Operating Revenue": 2168000000.0
    },
    "2023-06-30": {
        "Tax Effect Of Unusual Items": NaN,
        "Tax Rate For Calcs": NaN,
        "Normalized EBITDA": NaN,
        "Total Unusual Items": NaN,
        "Total Unusual Items Excluding Goodwill": NaN,
        "Net Income From Continuing Operation Net Minority Interest": NaN,
        "Reconciled Depreciation": NaN,
        "Reconciled Cost Of Revenue": NaN,
        "EBITDA": NaN,
        "EBIT": NaN,
        "Net Interest Income": NaN,
        "Normalized Income": NaN,
        "Net Income From Continuing And Discontinued Operation": NaN,
        "Total Expenses": NaN,
        "Total Operating Income As Reported": NaN,
        "Diluted Average Shares": 615000000.0,
        "Basic Average Shares": 614000000.0,
        "Diluted EPS": 0.47,
        "Basic EPS": 0.47,
        "Diluted NI Availto Com Stockholders": NaN,
        "Net Income Common Stockholders": NaN,
        "Net Income": NaN,
        "Net Income Including Noncontrolling Interests": NaN,
        "Net Income Continuous Operations": NaN,
        "Tax Provision": NaN,
        "Pretax Income": NaN,
        "Other Income Expense": NaN,
        "Other Non Operating Income Expenses": 3000000.0,
        "Special Income Charges": NaN,
        "Gain On Sale Of Ppe": NaN,
        "Write Off": 0.0,
        "Impairment Of Capital Assets": 0.0,
        "Earnings From Equity Interest": NaN,
        "Gain On Sale Of Security": NaN,
        "Net Non Operating Interest Income Expense": NaN,
        "Total Other Finance Cost": 92000000.0,
        "Operating Income": NaN,
        "Operating Expense": NaN,
        "Other Operating Expenses": NaN,
        "Other Taxes": NaN,
        "Selling General And Administration": NaN,
        "General And Administrative Expense": NaN,
        "Other Gand A": NaN,
        "Salaries And Wages": -3000000.0,
        "Gross Profit": NaN,
        "Cost Of Revenue": NaN,
        "Total Revenue": NaN,
        "Operating Revenue": NaN
    },
    "2022-03-31": {
        "Diluted EPS": 1.78,
        "Total Revenue": NaN,
        "Gross Profit": NaN,
        "Operating Income": 805,
        "EBIT": NaN,
        "Net Income": NaN
    },
    "2021-12-31": {
        "Diluted EPS": 0.83,
        "Total Revenue": NaN,
        "Gross Profit": NaN,
        "Operating Income": 739,
        "EBIT": NaN,
        "Net Income": 649
    },
    "2021-09-30": {
        "Diluted EPS": 0.23,
        "Total Revenue": NaN,
        "Gross Profit": NaN,
        "Operating Income": 347,
        "EBIT": 929,
        "Net Income": 184
    },
    "2021-06-30": {
        "Diluted EPS": 0.02,
        "Total Revenue": NaN,
        "Gross Profit": NaN,
        "Operating Income": 105,
        "EBIT": 636,
        "Net Income": 16
    },
    "2021-03-31": {
        "Diluted EPS": 0.12,
        "Total Revenue": NaN,
        "Gross Profit": NaN,
        "Operating Income": 117,
        "EBIT": 614,
        "Net Income": 97
    },
    "2020-12-31": {
        "Diluted EPS": -0.42,
        "Total Revenue": 822,
        "Gross Profit": 685,
        "Operating Income": -250,
        "EBIT": 173,
        "Net Income": -338
    },
    "2020-09-30": {
        "Diluted EPS": -0.4,
        "Total Revenue": 761,
        "Gross Profit": 632,
        "Operating Income": -242,
        "EBIT": 410,
        "Net Income": -317
    },
    "2020-06-30": {
        "Diluted EPS": -0.95,
        "Total Revenue": 490,
        "Gross Profit": 361,
        "Operating Income": -703,
        "EBIT": -106,
        "Net Income": -750
    },
    "2020-03-31": {
        "Diluted EPS": -0.06,
        "Total Revenue": NaN,
        "Gross Profit": 864,
        "Operating Income": 15,
        "EBIT": 659,
        "Net Income": -46
    },
    "2019-12-31": {
        "Diluted EPS": -0.03,
        "Total Revenue": NaN,
        "Gross Profit": NaN,
        "Operating Income": 73,
        "EBIT": 689,
        "Net Income": -20
    },
    "2019-09-30": {
        "Diluted EPS": 0.21,
        "Total Revenue": NaN,
        "Gross Profit": NaN,
        "Operating Income": 237,
        "EBIT": 859,
        "Net Income": 165
    },
    "2019-06-30": {
        "Diluted EPS": 0.2,
        "Total Revenue": NaN,
        "Gross Profit": NaN,
        "Operating Income": 255,
        "EBIT": 860,
        "Net Income": 161
    },
    "2019-03-31": {
        "Diluted EPS": 0.21,
        "Total Revenue": NaN,
        "Gross Profit": NaN,
        "Operating Income": 71,
        "EBIT": 625,
        "Net Income": 174
    },
    "2018-12-31": {
        "Diluted EPS": 0.46,
        "Total Revenue": NaN,
        "Gross Profit": NaN,
        "Operating Income": 467,
        "EBIT": NaN,
        "Net Income": 390
    },
    "2018-09-30": {
        "Diluted EPS": 0.3,
        "Total Revenue": NaN,
        "Gross Profit": NaN,
        "Operating Income": 423,
        "EBIT": NaN,
        "Net Income": 254
    },
    "2018-06-30": {
        "Diluted EPS": 0.11,
        "Total Revenue": NaN,
        "Gross Profit": NaN,
        "Operating Income": 205,
        "EBIT": 817,
        "Net Income": 96
    },
    "2018-03-31": {
        "Diluted EPS": 0.42,
        "Total Revenue": NaN,
        "Gross Profit": NaN,
        "Operating Income": 572,
        "EBIT": NaN,
        "Net Income": 356
    },
    "2017-12-31": {
        "Diluted EPS": -0.03,
        "Total Revenue": NaN,
        "Gross Profit": NaN,
        "Operating Income": 211,
        "EBIT": 794,
        "Net Income": -28
    },
    "2017-09-30": {
        "Diluted EPS": -0.7,
        "Total Revenue": NaN,
        "Gross Profit": 938,
        "Operating Income": -372,
        "EBIT": 269,
        "Net Income": -599
    },
    "2017-06-30": {
        "Diluted EPS": -0.16,
        "Total Revenue": 937,
        "Gross Profit": 721,
        "Operating Income": -25,
        "EBIT": 567,
        "Net Income": -139
    },
    "2017-03-31": {
        "Diluted EPS": -5.84,
        "Total Revenue": 907,
        "Gross Profit": 720,
        "Operating Income": 72,
        "EBIT": 628,
        "Net Income": NaN
    },
    "2016-12-31": {
        "Diluted EPS": -1.62,
        "Total Revenue": NaN,
        "Gross Profit": 770,
        "Operating Income": 132,
        "EBIT": 705,
        "Net Income": NaN
    },
    "2016-09-30": {
        "Diluted EPS": -0.23,
        "Total Revenue": 861,
        "Gross Profit": 621,
        "Operating Income": -224,
        "EBIT": 298,
        "Net Income": -192
    },
    "2016-06-30": {
        "Diluted EPS": -0.2,
        "Total Revenue": 761,
        "Gross Profit": 501,
        "Operating Income": -104,
        "EBIT": 408,
        "Net Income": -170
    },
    "2016-03-31": {
        "Diluted EPS": -0.56,
        "Total Revenue": 612,
        "Gross Profit": 379,
        "Operating Income": -534,
        "EBIT": 15,
        "Net Income": -407
    },
    "2015-12-31": {
        "Diluted EPS": -1.17,
        "Total Revenue": 277,
        "Gross Profit": 569,
        "Operating Income": -376,
        "EBIT": -325,
        "Net Income": -793
    },
    "2015-09-30": {
        "Diluted EPS": -1.11,
        "Total Revenue": NaN,
        "Gross Profit": 894,
        "Operating Income": NaN,
        "EBIT": 28,
        "Net Income": -749
    },
    "2015-06-30": {
        "Diluted EPS": -0.57,
        "Total Revenue": NaN,
        "Gross Profit": 858,
        "Operating Income": -334,
        "EBIT": 417,
        "Net Income": -386
    },
    "2015-03-31": {
        "Diluted EPS": -0.41,
        "Total Revenue": NaN,
        "Gross Profit": 835,
        "Operating Income": -373,
        "EBIT": 448,
        "Net Income": -276
    },
    "2014-12-31": {
        "Diluted EPS": 1.37,
        "Total Revenue": NaN,
        "Gross Profit": NaN,
        "Operating Income": -143,
        "EBIT": 790,
        "Net Income": 926
    },
    "2014-09-30": {
        "Diluted EPS": 0.64,
        "Total Revenue": NaN,
        "Gross Profit": NaN,
        "Operating Income": 508,
        "EBIT": NaN,
        "Net Income": 431
    },
    "2014-06-30": {
        "Diluted EPS": 0.8,
        "Total Revenue": NaN,
        "Gross Profit": NaN,
        "Operating Income": 587,
        "EBIT": NaN,
        "Net Income": 540
    },
    "2014-03-31": {
        "Diluted EPS": 1.65,
        "Total Revenue": NaN,
        "Gross Profit": NaN,
        "Operating Income": 647,
        "EBIT": NaN,
        "Net Income": NaN
    },
    "2013-12-31": {
        "Diluted EPS": 0.53,
        "Total Revenue": NaN,
        "Gross Profit": 541,
        "Operating Income": -465,
        "EBIT": 217,
        "Net Income": 375
    },
    "2013-09-30": {
        "Diluted EPS": 0.8,
        "Total Revenue": NaN,
        "Gross Profit": NaN,
        "Operating Income": 826,
        "EBIT": NaN,
        "Net Income": 569
    },
    "2013-06-30": {
        "Diluted EPS": 0.6,
        "Total Revenue": NaN,
        "Gross Profit": NaN,
        "Operating Income": 871,
        "EBIT": NaN,
        "Net Income": 426
    },
    "2013-03-31": {
        "Diluted EPS": 0.54,
        "Total Revenue": NaN,
        "Gross Profit": NaN,
        "Operating Income": NaN,
        "EBIT": NaN,
        "Net Income": 383
    },
    "2012-12-31": {
        "Diluted EPS": 0.45,
        "Total Revenue": 405,
        "Gross Profit": -582,
        "Operating Income": NaN,
        "EBIT": NaN,
        "Net Income": 322
    },
    "2012-09-30": {
        "Diluted EPS": 0.63,
        "Total Revenue": NaN,
        "Gross Profit": NaN,
        "Operating Income": NaN,
        "EBIT": NaN,
        "Net Income": 450
    },
    "2012-06-30": {
        "Diluted EPS": 0.56,
        "Total Revenue": NaN,
        "Gross Profit": NaN,
        "Operating Income": NaN,
        "EBIT": NaN,
        "Net Income": 393
    },
    "2012-03-31": {
        "Diluted EPS": 0.59,
        "Total Revenue": NaN,
        "Gross Profit": NaN,
        "Operating Income": NaN,
        "EBIT": NaN,
        "Net Income": 417
    },
    "2011-12-31": {
        "Diluted EPS": 0.78,
        "Total Revenue": NaN,
        "Gross Profit": NaN,
        "Operating Income": NaN,
        "EBIT": NaN,
        "Net Income": 549
    },
    "2011-09-30": {
        "Diluted EPS": 0.57,
        "Total Revenue": NaN,
        "Gross Profit": NaN,
        "Operating Income": NaN,
        "EBIT": NaN,
        "Net Income": 405
    },
    "2011-06-30": {
        "Diluted EPS": 1.39,
        "Total Revenue": NaN,
        "Gross Profit": NaN,
        "Operating Income": 928,
        "EBIT": NaN,
        "Net Income": 996
    },
    "2011-03-31": {
        "Diluted EPS": 1.39,
        "Total Revenue": NaN,
        "Gross Profit": NaN,
        "Operating Income": NaN,
        "EBIT": NaN,
        "Net Income": 996
    },
    "2010-12-31": {
        "Diluted EPS": 0.99,
        "Total Revenue": NaN,
        "Gross Profit": NaN,
        "Operating Income": 863,
        "EBIT": NaN,
        "Net Income": 706
    },
    "2010-09-30": {
        "Diluted EPS": 0.98,
        "Total Revenue": NaN,
        "Gross Profit": NaN,
        "Operating Income": NaN,
        "EBIT": NaN,
        "Net Income": 696
    },
    "2010-06-30": {
        "Diluted EPS": 1.0,
        "Total Revenue": NaN,
        "Gross Profit": NaN,
        "Operating Income": 922,
        "EBIT": NaN,
        "Net Income": 709
    },
    "2010-03-31": {
        "Diluted EPS": 0.64,
        "Total Revenue": NaN,
        "Gross Profit": NaN,
        "Operating Income": NaN,
        "EBIT": NaN,
        "Net Income": 457
    },
    "2009-12-31": {
        "Diluted EPS": 0.5,
        "Total Revenue": NaN,
        "Gross Profit": NaN,
        "Operating Income": 993,
        "EBIT": 957,
        "Net Income": 355
    },
    "2009-09-30": {
        "Diluted EPS": 0.58,
        "Total Revenue": NaN,
        "Gross Profit": NaN,
        "Operating Income": 902,
        "EBIT": NaN,
        "Net Income": 413
    },
    "2009-06-30": {
        "Diluted EPS": 0.58,
        "Total Revenue": NaN,
        "Gross Profit": NaN,
        "Operating Income": 764,
        "EBIT": NaN,
        "Net Income": 413
    },
    "2009-03-31": {
        "Diluted EPS": 0.4,
        "Total Revenue": NaN,
        "Gross Profit": NaN,
        "Operating Income": 435,
        "EBIT": NaN,
        "Net Income": 282
    },
    "2023-09-30": {
        "Tax Effect Of Unusual Items": 440000.0,
        "Tax Rate For Calcs": 0.22,
        "Normalized EBITDA": 1210000000.0,
        "Total Unusual Items": 2000000.0,
        "Total Unusual Items Excluding Goodwill": 2000000.0,
        "Net Income From Continuing Operation Net Minority Interest": 453000000.0,
        "Reconciled Depreciation": 583000000.0,
        "Reconciled Cost Of Revenue": 939000000.0,
        "EBITDA": 1212000000.0,
        "EBIT": 629000000.0,
        "Net Interest Income": -94000000.0,
        "Normalized Income": 451440000.0,
        "Net Income From Continuing And Discontinued Operation": 453000000.0,
        "Total Expenses": 1142000000.0,
        "Total Operating Income As Reported": 669000000.0,
        "Diluted Average Shares": 604000000.0,
        "Basic Average Shares": 603000000.0,
        "Diluted EPS": 0.75,
        "Basic EPS": 0.75,
        "Diluted NI Availto Com Stockholders": 453000000.0,
        "Net Income Common Stockholders": 453000000.0,
        "Net Income": 453000000.0,
        "Net Income Including Noncontrolling Interests": 453000000.0,
        "Net Income Continuous Operations": 453000000.0,
        "Tax Provision": 127000000.0,
        "Pretax Income": 580000000.0,
        "Other Income Expense": 45000000.0,
        "Other Non Operating Income Expenses": 5000000.0,
        "Special Income Charges": 1000000.0,
        "Gain On Sale Of Ppe": 1000000.0,
        "Write Off": 0.0,
        "Impairment Of Capital Assets": NaN,
        "Earnings From Equity Interest": 38000000.0,
        "Gain On Sale Of Security": 1000000.0,
        "Net Non Operating Interest Income Expense": -94000000.0,
        "Total Other Finance Cost": 94000000.0,
        "Operating Income": 629000000.0,
        "Operating Expense": 203000000.0,
        "Other Operating Expenses": 18000000.0,
        "Other Taxes": 113000000.0,
        "Selling General And Administration": 72000000.0,
        "General And Administrative Expense": 72000000.0,
        "Other Gand A": 72000000.0,
        "Salaries And Wages": NaN,
        "Gross Profit": 832000000.0,
        "Cost Of Revenue": 939000000.0,
        "Total Revenue": 1771000000.0,
        "Operating Revenue": 1771000000.0
    },
    "2023-12-31": {
        "Tax Effect Of Unusual Items": 3225000.0,
        "Tax Rate For Calcs": 0.097727,
        "Normalized EBITDA": 1207000000.0,
        "Total Unusual Items": 33000000.0,
        "Total Unusual Items Excluding Goodwill": 33000000.0,
        "Net Income From Continuing Operation Net Minority Interest": 397000000.0,
        "Reconciled Depreciation": 549000000.0,
        "Reconciled Cost Of Revenue": 972000000.0,
        "EBITDA": 1240000000.0,
        "EBIT": 691000000.0,
        "Net Interest Income": -68000000.0,
        "Normalized Income": 367225000.0,
        "Net Income From Continuing And Discontinued Operation": 397000000.0,
        "Total Expenses": 1142000000.0,
        "Total Operating Income As Reported": 520000000.0,
        "Diluted Average Shares": NaN,
        "Basic Average Shares": NaN,
        "Diluted EPS": NaN,
        "Basic EPS": NaN,
        "Diluted NI Availto Com Stockholders": 397000000.0,
        "Net Income Common Stockholders": 397000000.0,
        "Net Income": 397000000.0,
        "Net Income Including Noncontrolling Interests": 397000000.0,
        "Net Income Continuous Operations": 397000000.0,
        "Tax Provision": 43000000.0,
        "Pretax Income": 440000000.0,
        "Other Income Expense": 65000000.0,
        "Other Non Operating Income Expenses": -13000000.0,
        "Special Income Charges": 9000000.0,
        "Gain On Sale Of Ppe": 11000000.0,
        "Write Off": 2000000.0,
        "Impairment Of Capital Assets": NaN,
        "Earnings From Equity Interest": 45000000.0,
        "Gain On Sale Of Security": 24000000.0,
        "Net Non Operating Interest Income Expense": -68000000.0,
        "Total Other Finance Cost": NaN,
        "Operating Income": 443000000.0,
        "Operating Expense": 170000000.0,
        "Other Operating Expenses": -14000000.0,
        "Other Taxes": 112000000.0,
        "Selling General And Administration": 72000000.0,
        "General And Administrative Expense": 72000000.0,
        "Other Gand A": 72000000.0,
        "Salaries And Wages": NaN,
        "Gross Profit": 613000000.0,
        "Cost Of Revenue": 972000000.0,
        "Total Revenue": 1585000000.0,
        "Operating Revenue": 1585000000.0
    },
    "2024-03-31": {
        "Tax Effect Of Unusual Items": -5280000.0,
        "Tax Rate For Calcs": 0.22,
        "Normalized EBITDA": 981000000.0,
        "Total Unusual Items": -24000000.0,
        "Total Unusual Items Excluding Goodwill": -24000000.0,
        "Net Income From Continuing Operation Net Minority Interest": 297000000.0,
        "Reconciled Depreciation": 524000000.0,
        "Reconciled Cost Of Revenue": 914000000.0,
        "EBITDA": 957000000.0,
        "EBIT": 433000000.0,
        "Net Interest Income": -69000000.0,
        "Normalized Income": 315720000.0,
        "Net Income From Continuing And Discontinued Operation": 297000000.0,
        "Total Expenses": 1105000000.0,
        "Total Operating Income As Reported": 448000000.0,
        "Diluted Average Shares": 576000000.0,
        "Basic Average Shares": 576000000.0,
        "Diluted EPS": 0.52,
        "Basic EPS": 0.52,
        "Diluted NI Availto Com Stockholders": 297000000.0,
        "Net Income Common Stockholders": 297000000.0,
        "Net Income": 297000000.0,
        "Net Income Including Noncontrolling Interests": 297000000.0,
        "Net Income Continuous Operations": 297000000.0,
        "Tax Provision": 85000000.0,
        "Pretax Income": 382000000.0,
        "Other Income Expense": 18000000.0,
        "Other Non Operating Income Expenses": 3000000.0,
        "Special Income Charges": 0.0,
        "Gain On Sale Of Ppe": 0.0,
        "Write Off": NaN,
        "Impairment Of Capital Assets": NaN,
        "Earnings From Equity Interest": 39000000.0,
        "Gain On Sale Of Security": -24000000.0,
        "Net Non Operating Interest Income Expense": -69000000.0,
        "Total Other Finance Cost": 69000000.0,
        "Operating Income": 433000000.0,
        "Operating Expense": 191000000.0,
        "Other Operating Expenses": 9000000.0,
        "Other Taxes": 96000000.0,
        "Selling General And Administration": 86000000.0,
        "General And Administrative Expense": 86000000.0,
        "Other Gand A": 86000000.0,
        "Salaries And Wages": NaN,
        "Gross Profit": 624000000.0,
        "Cost Of Revenue": 914000000.0,
        "Total Revenue": 1538000000.0,
        "Operating Revenue": 1538000000.0
    },
    "2024-06-30": {
        "Tax Effect Of Unusual Items": 2420000.0,
        "Tax Rate For Calcs": 0.22,
        "Normalized EBITDA": 1054000000.0,
        "Total Unusual Items": 11000000.0,
        "Total Unusual Items Excluding Goodwill": 11000000.0,
        "Net Income From Continuing Operation Net Minority Interest": 349000000.0,
        "Reconciled Depreciation": 577000000.0,
        "Reconciled Cost Of Revenue": 968000000.0,
        "EBITDA": 1065000000.0,
        "EBIT": 488000000.0,
        "Net Interest Income": -80000000.0,
        "Normalized Income": 340420000.0,
        "Net Income From Continuing And Discontinued Operation": 349000000.0,
        "Total Expenses": 1178000000.0,
        "Total Operating Income As Reported": 523000000.0,
        "Diluted Average Shares": 567000000.0,
        "Basic Average Shares": 566000000.0,
        "Diluted EPS": 0.62,
        "Basic EPS": 0.62,
        "Diluted NI Availto Com Stockholders": 349000000.0,
        "Net Income Common Stockholders": 349000000.0,
        "Net Income": 349000000.0,
        "Net Income Including Noncontrolling Interests": 349000000.0,
        "Net Income Continuous Operations": 349000000.0,
        "Tax Provision": 96000000.0,
        "Pretax Income": 445000000.0,
        "Other Income Expense": 37000000.0,
        "Other Non Operating Income Expenses": NaN,
        "Special Income Charges": 10000000.0,
        "Gain On Sale Of Ppe": 10000000.0,
        "Write Off": NaN,
        "Impairment Of Capital Assets": NaN,
        "Earnings From Equity Interest": 26000000.0,
        "Gain On Sale Of Security": 1000000.0,
        "Net Non Operating Interest Income Expense": -80000000.0,
        "Total Other Finance Cost": 80000000.0,
        "Operating Income": 488000000.0,
        "Operating Expense": 210000000.0,
        "Other Operating Expenses": 10000000.0,
        "Other Taxes": 103000000.0,
        "Selling General And Administration": 97000000.0,
        "General And Administrative Expense": 97000000.0,
        "Other Gand A": 99000000.0,
        "Salaries And Wages": -2000000.0,
        "Gross Profit": 698000000.0,
        "Cost Of Revenue": 968000000.0,
        "Total Revenue": 1666000000.0,
        "Operating Revenue": 1666000000.0
    },
    "2024-09-30": {
        "Tax Effect Of Unusual Items": 3040000.0,
        "Tax Rate For Calcs": 0.38,
        "Normalized EBITDA": 1112000000.0,
        "Total Unusual Items": 8000000.0,
        "Total Unusual Items Excluding Goodwill": 8000000.0,
        "Net Income From Continuing Operation Net Minority Interest": 287000000.0,
        "Reconciled Depreciation": 627000000.0,
        "Reconciled Cost Of Revenue": 1054000000.0,
        "EBITDA": 1120000000.0,
        "EBIT": 493000000.0,
        "Net Interest Income": -77000000.0,
        "Normalized Income": 282040000.0,
        "Net Income From Continuing And Discontinued Operation": 287000000.0,
        "Total Expenses": 1248000000.0,
        "Total Operating Income As Reported": 540000000.0,
        "Diluted Average Shares": 564000000.0,
        "Basic Average Shares": 563000000.0,
        "Diluted EPS": 0.51,
        "Basic EPS": 0.51,
        "Diluted NI Availto Com Stockholders": 287000000.0,
        "Net Income Common Stockholders": 287000000.0,
        "Net Income": 287000000.0,
        "Net Income Including Noncontrolling Interests": 287000000.0,
        "Net Income Continuous Operations": 287000000.0,
        "Tax Provision": 179000000.0,
        "Pretax Income": 466000000.0,
        "Other Income Expense": 50000000.0,
        "Other Non Operating Income Expenses": 3000000.0,
        "Special Income Charges": -1000000.0,
        "Gain On Sale Of Ppe": 0.0,
        "Write Off": 1000000.0,
        "Impairment Of Capital Assets": NaN,
        "Earnings From Equity Interest": 39000000.0,
        "Gain On Sale Of Security": 9000000.0,
        "Net Non Operating Interest Income Expense": -77000000.0,
        "Total Other Finance Cost": 77000000.0,
        "Operating Income": 493000000.0,
        "Operating Expense": 194000000.0,
        "Other Operating Expenses": 7000000.0,
        "Other Taxes": 99000000.0,
        "Selling General And Administration": 88000000.0,
        "General And Administrative Expense": 88000000.0,
        "Other Gand A": 88000000.0,
        "Salaries And Wages": NaN,
        "Gross Profit": 687000000.0,
        "Cost Of Revenue": 1054000000.0,
        "Total Revenue": 1741000000.0,
        "Operating Revenue": 1741000000.0
    }
}