{
    "2023-03-31": {
        "Tax Effect Of Unusual Items": 0.0,
        "Tax Rate For Calcs": 0.0,
        "Normalized EBITDA": -54861000.0,
        "Total Unusual Items": NaN,
        "Total Unusual Items Excluding Goodwill": NaN,
        "Net Income From Continuing Operation Net Minority Interest": -56163000.0,
        "Reconciled Depreciation": 319000.0,
        "EBITDA": -54861000.0,
        "EBIT": -55180000.0,
        "Net Interest Income": 1638000.0,
        "Interest Expense": 983000.0,
        "Interest Income": 2621000.0,
        "Normalized Income": -56163000.0,
        "Net Income From Continuing And Discontinued Operation": -56163000.0,
        "Total Expenses": 65603000.0,
        "Diluted Average Shares": 107514655.0,
        "Basic Average Shares": 107514655.0,
        "Diluted EPS": -0.52,
        "Basic EPS": -0.52,
        "Diluted NI Availto Com Stockholders": -56163000.0,
        "Net Income Common Stockholders": -56163000.0,
        "Net Income": -56163000.0,
        "Net Income Including Noncontrolling Interests": -56163000.0,
        "Net Income Continuous Operations": -56163000.0,
        "Pretax Income": -56163000.0,
        "Other Income Expense": NaN,
        "Special Income Charges": NaN,
        "Restructuring And Mergern Acquisition": NaN,
        "Net Non Operating Interest Income Expense": 1638000.0,
        "Interest Expense Non Operating": 983000.0,
        "Interest Income Non Operating": 2621000.0,
        "Operating Income": -57801000.0,
        "Operating Expense": 65603000.0,
        "Research And Development": 47275000.0,
        "Selling General And Administration": 18328000.0,
        "General And Administrative Expense": 18328000.0,
        "Other Gand A": 18328000.0,
        "Total Revenue": 7802000.0,
        "Operating Revenue": 7802000.0
    },
    "2022-12-31": {
        "Tax Effect Of Unusual Items": 0.0,
        "Tax Rate For Calcs": 0.0,
        "Normalized EBITDA": -43678000.0,
        "Total Unusual Items": NaN,
        "Total Unusual Items Excluding Goodwill": NaN,
        "Net Income From Continuing Operation Net Minority Interest": -44924000.0,
        "Reconciled Depreciation": 282000.0,
        "EBITDA": -43678000.0,
        "EBIT": -43960000.0,
        "Net Interest Income": 902000.0,
        "Interest Expense": 964000.0,
        "Interest Income": 1866000.0,
        "Normalized Income": -44924000.0,
        "Net Income From Continuing And Discontinued Operation": -44924000.0,
        "Total Expenses": 60514000.0,
        "Diluted Average Shares": 101014142.0,
        "Basic Average Shares": 101014142.0,
        "Diluted EPS": -0.44,
        "Basic EPS": -0.44,
        "Diluted NI Availto Com Stockholders": -44924000.0,
        "Net Income Common Stockholders": -44924000.0,
        "Net Income": -44924000.0,
        "Net Income Including Noncontrolling Interests": -44924000.0,
        "Net Income Continuous Operations": -44924000.0,
        "Pretax Income": -44924000.0,
        "Other Income Expense": NaN,
        "Special Income Charges": NaN,
        "Restructuring And Mergern Acquisition": NaN,
        "Net Non Operating Interest Income Expense": 902000.0,
        "Interest Expense Non Operating": 964000.0,
        "Interest Income Non Operating": 1866000.0,
        "Operating Income": -45826000.0,
        "Operating Expense": 60514000.0,
        "Research And Development": 45709000.0,
        "Selling General And Administration": 14805000.0,
        "General And Administrative Expense": 14805000.0,
        "Other Gand A": 14805000.0,
        "Total Revenue": 14688000.0,
        "Operating Revenue": 14688000.0
    },
    "2022-09-30": {
        "Tax Effect Of Unusual Items": NaN,
        "Tax Rate For Calcs": NaN,
        "Normalized EBITDA": NaN,
        "Total Unusual Items": 0.0,
        "Total Unusual Items Excluding Goodwill": 0.0,
        "Net Income From Continuing Operation Net Minority Interest": NaN,
        "Reconciled Depreciation": NaN,
        "EBITDA": NaN,
        "EBIT": NaN,
        "Net Interest Income": NaN,
        "Interest Expense": NaN,
        "Interest Income": NaN,
        "Normalized Income": NaN,
        "Net Income From Continuing And Discontinued Operation": NaN,
        "Total Expenses": NaN,
        "Diluted Average Shares": NaN,
        "Basic Average Shares": NaN,
        "Diluted EPS": NaN,
        "Basic EPS": NaN,
        "Diluted NI Availto Com Stockholders": NaN,
        "Net Income Common Stockholders": NaN,
        "Net Income": NaN,
        "Net Income Including Noncontrolling Interests": NaN,
        "Net Income Continuous Operations": NaN,
        "Pretax Income": NaN,
        "Other Income Expense": NaN,
        "Special Income Charges": 0.0,
        "Restructuring And Mergern Acquisition": 0.0,
        "Net Non Operating Interest Income Expense": NaN,
        "Interest Expense Non Operating": NaN,
        "Interest Income Non Operating": NaN,
        "Operating Income": NaN,
        "Operating Expense": NaN,
        "Research And Development": NaN,
        "Selling General And Administration": NaN,
        "General And Administrative Expense": NaN,
        "Other Gand A": NaN,
        "Total Revenue": NaN,
        "Operating Revenue": NaN
    },
    "2022-06-30": {
        "Tax Effect Of Unusual Items": 0.0,
        "Tax Rate For Calcs": 0.0,
        "Normalized EBITDA": -51232000.0,
        "Net Income From Continuing Operation Net Minority Interest": -52219000.0,
        "Reconciled Depreciation": 227000.0,
        "EBITDA": -51232000.0,
        "EBIT": -51459000.0,
        "Net Interest Income": -469000.0,
        "Interest Expense": 760000.0,
        "Interest Income": 291000.0,
        "Normalized Income": -52219000.0,
        "Net Income From Continuing And Discontinued Operation": -52219000.0,
        "Total Expenses": 56034000.0,
        "Diluted Average Shares": 95756782.0,
        "Basic Average Shares": 95756782.0,
        "Diluted EPS": -0.55,
        "Basic EPS": -0.55,
        "Diluted NI Availto Com Stockholders": -52219000.0,
        "Net Income Common Stockholders": -52219000.0,
        "Net Income": -52219000.0,
        "Net Income Including Noncontrolling Interests": -52219000.0,
        "Net Income Continuous Operations": -52219000.0,
        "Pretax Income": -52219000.0,
        "Other Income Expense": NaN,
        "Other Non Operating Income Expenses": NaN,
        "Net Non Operating Interest Income Expense": -469000.0,
        "Interest Expense Non Operating": 760000.0,
        "Interest Income Non Operating": 291000.0,
        "Operating Income": -51750000.0,
        "Operating Expense": 56034000.0,
        "Research And Development": 41231000.0,
        "Selling General And Administration": 14803000.0,
        "General And Administrative Expense": 14803000.0,
        "Other Gand A": 14803000.0,
        "Total Revenue": 4284000.0,
        "Operating Revenue": 4284000.0
    },
    "2022-03-31": {
        "Diluted EPS": -0.59,
        "Total Revenue": 2,
        "Gross Profit": 2,
        "Operating Income": -47,
        "EBIT": -46,
        "Net Income": -47
    },
    "2021-12-31": {
        "Diluted EPS": -0.69,
        "Total Revenue": 0,
        "Gross Profit": 0,
        "Operating Income": -48,
        "EBIT": -48,
        "Net Income": -49
    },
    "2021-09-30": {
        "Diluted EPS": -0.63,
        "Total Revenue": 0,
        "Gross Profit": 0,
        "Operating Income": -45,
        "EBIT": -45,
        "Net Income": -45
    },
    "2021-06-30": {
        "Diluted EPS": -0.59,
        "Total Revenue": 0,
        "Gross Profit": 0,
        "Operating Income": -41,
        "EBIT": -41,
        "Net Income": -41
    },
    "2021-03-31": {
        "Diluted EPS": -0.5,
        "Total Revenue": 0,
        "Gross Profit": 0,
        "Operating Income": -35,
        "EBIT": -34,
        "Net Income": -35
    },
    "2020-12-31": {
        "Diluted EPS": -0.42,
        "Total Revenue": 0,
        "Gross Profit": 0,
        "Operating Income": -29,
        "EBIT": -29,
        "Net Income": -29
    },
    "2020-09-30": {
        "Diluted EPS": -0.33,
        "Total Revenue": 0,
        "Gross Profit": 0,
        "Operating Income": -22,
        "EBIT": -22,
        "Net Income": -22
    },
    "2020-06-30": {
        "Diluted EPS": -0.33,
        "Total Revenue": 1,
        "Gross Profit": 1,
        "Operating Income": -20,
        "EBIT": -20,
        "Net Income": -20
    },
    "2020-03-31": {
        "Diluted EPS": -0.35,
        "Total Revenue": 0,
        "Gross Profit": 0,
        "Operating Income": -17,
        "EBIT": -17,
        "Net Income": -17
    },
    "2019-12-31": {
        "Diluted EPS": -0.64,
        "Total Revenue": 0,
        "Gross Profit": 0,
        "Operating Income": -17,
        "EBIT": -16,
        "Net Income": -16
    },
    "2019-09-30": {
        "Diluted EPS": -0.35,
        "Total Revenue": 1,
        "Gross Profit": 1,
        "Operating Income": -17,
        "EBIT": -17,
        "Net Income": -17
    },
    "2019-06-30": {
        "Diluted EPS": -0.36,
        "Total Revenue": 0,
        "Gross Profit": 0,
        "Operating Income": -18,
        "EBIT": -17,
        "Net Income": -17
    },
    "2019-03-31": {
        "Diluted EPS": 0.7,
        "Total Revenue": 41,
        "Gross Profit": 41,
        "Operating Income": 21,
        "EBIT": 22,
        "Net Income": 22
    },
    "2018-12-31": {
        "Diluted EPS": -0.97,
        "Total Revenue": 1,
        "Gross Profit": 1,
        "Operating Income": -23,
        "EBIT": -22,
        "Net Income": -22
    },
    "2018-09-30": {
        "Diluted EPS": -0.74,
        "Total Revenue": 2,
        "Gross Profit": 2,
        "Operating Income": -17,
        "EBIT": -17,
        "Net Income": -17
    },
    "2018-06-30": {
        "Diluted EPS": -0.54,
        "Total Revenue": 4,
        "Gross Profit": 4,
        "Operating Income": -13,
        "EBIT": -12,
        "Net Income": -12
    },
    "2018-03-31": {
        "Diluted EPS": -0.54,
        "Total Revenue": 3,
        "Gross Profit": 3,
        "Operating Income": -13,
        "EBIT": -13,
        "Net Income": -12
    },
    "2017-12-31": {
        "Diluted EPS": 9.48,
        "Total Revenue": 3,
        "Gross Profit": 3,
        "Operating Income": -14,
        "EBIT": -14,
        "Net Income": -14
    },
    "2017-09-30": {
        "Diluted EPS": -0.35,
        "Total Revenue": 6,
        "Gross Profit": 6,
        "Operating Income": -8,
        "EBIT": -8,
        "Net Income": -8
    },
    "2017-06-30": {
        "Diluted EPS": -6.33,
        "Total Revenue": 4,
        "Gross Profit": 4,
        "Operating Income": -9,
        "EBIT": -9,
        "Net Income": -9
    },
    "2017-03-31": {
        "Diluted EPS": -6.02,
        "Total Revenue": 4,
        "Gross Profit": 4,
        "Operating Income": -8,
        "EBIT": -8,
        "Net Income": -8
    },
    "2016-12-31": {
        "Diluted EPS": 0.0,
        "Total Revenue": NaN,
        "Gross Profit": NaN,
        "Operating Income": NaN,
        "EBIT": NaN,
        "Net Income": NaN
    },
    "2016-09-30": {
        "Diluted EPS": -4.56,
        "Total Revenue": 3,
        "Gross Profit": 3,
        "Operating Income": -6,
        "EBIT": -6,
        "Net Income": -6
    },
    "2016-06-30": {
        "Diluted EPS": -3.0,
        "Total Revenue": 6,
        "Gross Profit": 6,
        "Operating Income": -4,
        "EBIT": -4,
        "Net Income": -4
    },
    "2015-12-31": {
        "Diluted EPS": 0.0,
        "Total Revenue": NaN,
        "Gross Profit": NaN,
        "Operating Income": NaN,
        "EBIT": NaN,
        "Net Income": NaN
    },
    "2023-06-30": {
        "Tax Effect Of Unusual Items": 0.0,
        "Tax Rate For Calcs": 0.0,
        "Normalized EBITDA": -52958000.0,
        "Total Unusual Items": NaN,
        "Total Unusual Items Excluding Goodwill": NaN,
        "Net Income From Continuing Operation Net Minority Interest": -54307000.0,
        "Reconciled Depreciation": 324000.0,
        "EBITDA": -52958000.0,
        "EBIT": -53282000.0,
        "Net Interest Income": 2194000.0,
        "Interest Expense": 1025000.0,
        "Interest Income": 3219000.0,
        "Normalized Income": -54307000.0,
        "Net Income From Continuing And Discontinued Operation": -54307000.0,
        "Total Expenses": 67155000.0,
        "Diluted Average Shares": 115608156.0,
        "Basic Average Shares": 115608156.0,
        "Diluted EPS": -0.47,
        "Basic EPS": -0.47,
        "Diluted NI Availto Com Stockholders": -54307000.0,
        "Net Income Common Stockholders": -54307000.0,
        "Net Income": -54307000.0,
        "Net Income Including Noncontrolling Interests": -54307000.0,
        "Net Income Continuous Operations": -54307000.0,
        "Pretax Income": -54307000.0,
        "Other Income Expense": NaN,
        "Special Income Charges": NaN,
        "Restructuring And Mergern Acquisition": NaN,
        "Net Non Operating Interest Income Expense": 2194000.0,
        "Interest Expense Non Operating": 1025000.0,
        "Interest Income Non Operating": 3219000.0,
        "Operating Income": -56501000.0,
        "Operating Expense": 67155000.0,
        "Research And Development": 48968000.0,
        "Selling General And Administration": 18187000.0,
        "General And Administrative Expense": 18187000.0,
        "Other Gand A": 18187000.0,
        "Total Revenue": 10654000.0,
        "Operating Revenue": 10654000.0
    },
    "2023-09-30": {
        "Tax Effect Of Unusual Items": 0.0,
        "Tax Rate For Calcs": 0.0,
        "Normalized EBITDA": -31998000.0,
        "Total Unusual Items": -8214000.0,
        "Total Unusual Items Excluding Goodwill": -8214000.0,
        "Net Income From Continuing Operation Net Minority Interest": -41656000.0,
        "Reconciled Depreciation": 427000.0,
        "EBITDA": -40212000.0,
        "EBIT": -40639000.0,
        "Net Interest Income": 2285000.0,
        "Interest Expense": 1017000.0,
        "Interest Income": 3302000.0,
        "Normalized Income": -33442000.0,
        "Net Income From Continuing And Discontinued Operation": -41656000.0,
        "Total Expenses": 43425000.0,
        "Diluted Average Shares": 120521985.0,
        "Basic Average Shares": 120521985.0,
        "Diluted EPS": -0.35,
        "Basic EPS": -0.35,
        "Diluted NI Availto Com Stockholders": -41656000.0,
        "Net Income Common Stockholders": -41656000.0,
        "Net Income": -41656000.0,
        "Net Income Including Noncontrolling Interests": -41656000.0,
        "Net Income Continuous Operations": -41656000.0,
        "Pretax Income": -41656000.0,
        "Other Income Expense": -8214000.0,
        "Special Income Charges": -8214000.0,
        "Restructuring And Mergern Acquisition": 8214000.0,
        "Net Non Operating Interest Income Expense": 2285000.0,
        "Interest Expense Non Operating": 1017000.0,
        "Interest Income Non Operating": 3302000.0,
        "Operating Income": -35727000.0,
        "Operating Expense": 43425000.0,
        "Research And Development": 30531000.0,
        "Selling General And Administration": 12894000.0,
        "General And Administrative Expense": 12894000.0,
        "Other Gand A": 12894000.0,
        "Total Revenue": 7698000.0,
        "Operating Revenue": 7698000.0
    },
    "2023-12-31": {
        "Tax Effect Of Unusual Items": 0.0,
        "Tax Rate For Calcs": 0.0,
        "Normalized EBITDA": -17550000.0,
        "Total Unusual Items": -499000.0,
        "Total Unusual Items Excluding Goodwill": -499000.0,
        "Net Income From Continuing Operation Net Minority Interest": -19544000.0,
        "Reconciled Depreciation": 447000.0,
        "EBITDA": -18049000.0,
        "EBIT": -18496000.0,
        "Net Interest Income": 1883000.0,
        "Interest Expense": 1048000.0,
        "Interest Income": 2931000.0,
        "Normalized Income": -19045000.0,
        "Net Income From Continuing And Discontinued Operation": -19544000.0,
        "Total Expenses": 31629000.0,
        "Diluted Average Shares": 120614350.0,
        "Basic Average Shares": 120614350.0,
        "Diluted EPS": -0.16,
        "Basic EPS": -0.16,
        "Diluted NI Availto Com Stockholders": -19544000.0,
        "Net Income Common Stockholders": -19544000.0,
        "Net Income": -19544000.0,
        "Net Income Including Noncontrolling Interests": -19544000.0,
        "Net Income Continuous Operations": -19544000.0,
        "Pretax Income": -19544000.0,
        "Other Income Expense": -499000.0,
        "Special Income Charges": -499000.0,
        "Restructuring And Mergern Acquisition": 499000.0,
        "Net Non Operating Interest Income Expense": 1883000.0,
        "Interest Expense Non Operating": 1048000.0,
        "Interest Income Non Operating": 2931000.0,
        "Operating Income": -20928000.0,
        "Operating Expense": 31629000.0,
        "Research And Development": 21495000.0,
        "Selling General And Administration": 10134000.0,
        "General And Administrative Expense": 10134000.0,
        "Other Gand A": 10134000.0,
        "Total Revenue": 10701000.0,
        "Operating Revenue": 10701000.0
    },
    "2024-03-31": {
        "Tax Effect Of Unusual Items": 0.0,
        "Tax Rate For Calcs": 0.0,
        "Normalized EBITDA": -17881000.0,
        "Total Unusual Items": NaN,
        "Total Unusual Items Excluding Goodwill": NaN,
        "Net Income From Continuing Operation Net Minority Interest": -19306000.0,
        "Reconciled Depreciation": 423000.0,
        "EBITDA": -17881000.0,
        "EBIT": -18304000.0,
        "Net Interest Income": 1695000.0,
        "Interest Expense": 1002000.0,
        "Interest Income": 2697000.0,
        "Normalized Income": -19306000.0,
        "Net Income From Continuing And Discontinued Operation": -19306000.0,
        "Total Expenses": 30246000.0,
        "Diluted Average Shares": 121424953.0,
        "Basic Average Shares": 121424953.0,
        "Diluted EPS": -0.16,
        "Basic EPS": -0.16,
        "Diluted NI Availto Com Stockholders": -19306000.0,
        "Net Income Common Stockholders": -19306000.0,
        "Net Income": -19306000.0,
        "Net Income Including Noncontrolling Interests": -19306000.0,
        "Net Income Continuous Operations": -19306000.0,
        "Pretax Income": -19306000.0,
        "Other Income Expense": NaN,
        "Special Income Charges": NaN,
        "Restructuring And Mergern Acquisition": NaN,
        "Net Non Operating Interest Income Expense": 1695000.0,
        "Interest Expense Non Operating": 1002000.0,
        "Interest Income Non Operating": 2697000.0,
        "Operating Income": -21001000.0,
        "Operating Expense": 30246000.0,
        "Research And Development": 18686000.0,
        "Selling General And Administration": 11560000.0,
        "General And Administrative Expense": 11560000.0,
        "Other Gand A": 11560000.0,
        "Total Revenue": 9245000.0,
        "Operating Revenue": 9245000.0
    },
    "2024-06-30": {
        "Tax Effect Of Unusual Items": 0.0,
        "Tax Rate For Calcs": 0.0,
        "Normalized EBITDA": -22882000.0,
        "Total Unusual Items": NaN,
        "Total Unusual Items Excluding Goodwill": NaN,
        "Net Income From Continuing Operation Net Minority Interest": -24268000.0,
        "Reconciled Depreciation": 403000.0,
        "EBITDA": -22882000.0,
        "EBIT": -23285000.0,
        "Net Interest Income": 1187000.0,
        "Interest Expense": 983000.0,
        "Interest Income": 2170000.0,
        "Normalized Income": -24268000.0,
        "Net Income From Continuing And Discontinued Operation": -24268000.0,
        "Total Expenses": 27748000.0,
        "Diluted Average Shares": 122440124.0,
        "Basic Average Shares": 122440124.0,
        "Diluted EPS": -0.2,
        "Basic EPS": -0.2,
        "Diluted NI Availto Com Stockholders": -24268000.0,
        "Net Income Common Stockholders": -24268000.0,
        "Net Income": -24268000.0,
        "Net Income Including Noncontrolling Interests": -24268000.0,
        "Net Income Continuous Operations": -24268000.0,
        "Pretax Income": -24268000.0,
        "Other Income Expense": NaN,
        "Special Income Charges": NaN,
        "Restructuring And Mergern Acquisition": NaN,
        "Net Non Operating Interest Income Expense": 1187000.0,
        "Interest Expense Non Operating": 983000.0,
        "Interest Income Non Operating": 2170000.0,
        "Operating Income": -25455000.0,
        "Operating Expense": 27748000.0,
        "Research And Development": 17245000.0,
        "Selling General And Administration": 10503000.0,
        "General And Administrative Expense": 10503000.0,
        "Other Gand A": 10503000.0,
        "Total Revenue": 2293000.0,
        "Operating Revenue": 2293000.0
    }
}