{
    "2023-03-31": {
        "Tax Effect Of Unusual Items": NaN,
        "Tax Rate For Calcs": NaN,
        "Normalized EBITDA": NaN,
        "Total Unusual Items": NaN,
        "Total Unusual Items Excluding Goodwill": NaN,
        "Net Income From Continuing Operation Net Minority Interest": NaN,
        "Reconciled Depreciation": NaN,
        "Reconciled Cost Of Revenue": NaN,
        "EBITDA": NaN,
        "EBIT": NaN,
        "Net Interest Income": NaN,
        "Interest Expense": NaN,
        "Interest Income": NaN,
        "Normalized Income": NaN,
        "Net Income From Continuing And Discontinued Operation": NaN,
        "Total Expenses": NaN,
        "Total Operating Income As Reported": NaN,
        "Diluted Average Shares": NaN,
        "Basic Average Shares": NaN,
        "Diluted EPS": NaN,
        "Basic EPS": NaN,
        "Diluted NI Availto Com Stockholders": NaN,
        "Net Income Common Stockholders": NaN,
        "Net Income": NaN,
        "Minority Interests": NaN,
        "Net Income Including Noncontrolling Interests": NaN,
        "Net Income Continuous Operations": NaN,
        "Tax Provision": NaN,
        "Pretax Income": NaN,
        "Other Income Expense": NaN,
        "Other Non Operating Income Expenses": NaN,
        "Special Income Charges": NaN,
        "Gain On Sale Of Ppe": -51000.0,
        "Restructuring And Mergern Acquisition": NaN,
        "Gain On Sale Of Security": 7853000.0,
        "Net Non Operating Interest Income Expense": NaN,
        "Interest Expense Non Operating": NaN,
        "Interest Income Non Operating": NaN,
        "Operating Income": NaN,
        "Operating Expense": NaN,
        "Other Operating Expenses": 51000.0,
        "Depreciation Amortization Depletion Income Statement": NaN,
        "Depreciation And Amortization In Income Statement": NaN,
        "Selling General And Administration": NaN,
        "Gross Profit": NaN,
        "Cost Of Revenue": NaN,
        "Total Revenue": NaN,
        "Operating Revenue": NaN
    },
    "2022-06-30": {
        "Tax Effect Of Unusual Items": -17765.011753,
        "Tax Rate For Calcs": 0.000499,
        "Normalized EBITDA": -67431000.0,
        "Total Unusual Items": -35629000.0,
        "Total Unusual Items Excluding Goodwill": -35629000.0,
        "Net Income From Continuing Operation Net Minority Interest": -138035000.0,
        "Reconciled Depreciation": 24024000.0,
        "Reconciled Cost Of Revenue": 123961000.0,
        "EBITDA": -103060000.0,
        "EBIT": -127084000.0,
        "Net Interest Income": -13418000.0,
        "Interest Expense": 13306000.0,
        "Interest Income": -112000.0,
        "Normalized Income": -102423765.011753,
        "Net Income From Continuing And Discontinued Operation": -138035000.0,
        "Total Expenses": 248392000.0,
        "Total Operating Income As Reported": -70052000.0,
        "Diluted Average Shares": 51624000.0,
        "Basic Average Shares": 51558000.0,
        "Diluted EPS": -1.384926,
        "Basic EPS": -1.384926,
        "Diluted NI Availto Com Stockholders": -138035000.0,
        "Net Income Common Stockholders": -138035000.0,
        "Net Income": -138035000.0,
        "Minority Interests": 2285000.0,
        "Net Income Including Noncontrolling Interests": -140320000.0,
        "Net Income Continuous Operations": -140320000.0,
        "Tax Provision": -70000.0,
        "Pretax Income": -140390000.0,
        "Other Income Expense": -56920000.0,
        "Other Non Operating Income Expenses": -21291000.0,
        "Special Income Charges": -35629000.0,
        "Gain On Sale Of Ppe": NaN,
        "Restructuring And Mergern Acquisition": 0.0,
        "Net Non Operating Interest Income Expense": -13418000.0,
        "Interest Expense Non Operating": 13306000.0,
        "Interest Income Non Operating": -112000.0,
        "Operating Income": -70052000.0,
        "Operating Expense": 120775000.0,
        "Other Operating Expenses": NaN,
        "Depreciation Amortization Depletion Income Statement": 20368000.0,
        "Depreciation And Amortization In Income Statement": 20368000.0,
        "Selling General And Administration": 100407000.0,
        "Gross Profit": 50723000.0,
        "Cost Of Revenue": 127617000.0,
        "Total Revenue": 178340000.0,
        "Operating Revenue": 138956000.0
    },
    "2022-03-31": {
        "Diluted EPS": -0.08,
        "Total Revenue": 194,
        "Gross Profit": 84,
        "Operating Income": 16,
        "EBIT": 16,
        "Net Income": -4
    },
    "2023-06-30": {
        "Tax Effect Of Unusual Items": 4950330.0,
        "Tax Rate For Calcs": 0.21,
        "Normalized EBITDA": -19224000.0,
        "Total Unusual Items": 23573000.0,
        "Total Unusual Items Excluding Goodwill": 23573000.0,
        "Net Income From Continuing Operation Net Minority Interest": -24483000.0,
        "Reconciled Depreciation": 4119000.0,
        "Reconciled Cost Of Revenue": 112506000.0,
        "EBITDA": 4349000.0,
        "EBIT": -9745000.0,
        "Net Interest Income": -12374000.0,
        "Interest Expense": 13814000.0,
        "Interest Income": 1440000.0,
        "Normalized Income": -43105670.0,
        "Net Income From Continuing And Discontinued Operation": -24483000.0,
        "Total Expenses": 173665000.0,
        "Total Operating Income As Reported": -21790000.0,
        "Diluted Average Shares": 51819000.0,
        "Basic Average Shares": 51819000.0,
        "Diluted EPS": -0.47,
        "Basic EPS": -0.47,
        "Diluted NI Availto Com Stockholders": -24483000.0,
        "Net Income Common Stockholders": -24483000.0,
        "Net Income": -24483000.0,
        "Minority Interests": 0.0,
        "Net Income Including Noncontrolling Interests": -24483000.0,
        "Net Income Continuous Operations": -24483000.0,
        "Tax Provision": 924000.0,
        "Pretax Income": -23559000.0,
        "Other Income Expense": 14545000.0,
        "Other Non Operating Income Expenses": -9028000.0,
        "Special Income Charges": 3940000.0,
        "Gain On Sale Of Ppe": NaN,
        "Restructuring And Mergern Acquisition": 421000.0,
        "Gain On Sale Of Security": NaN,
        "Net Non Operating Interest Income Expense": -12374000.0,
        "Interest Expense Non Operating": 13814000.0,
        "Interest Income Non Operating": 1440000.0,
        "Operating Income": -25730000.0,
        "Operating Expense": 71134000.0,
        "Other Operating Expenses": NaN,
        "Depreciation Amortization Depletion Income Statement": 14094000.0,
        "Depreciation And Amortization In Income Statement": 14094000.0,
        "Selling General And Administration": 52679000.0,
        "Gross Profit": 45404000.0,
        "Cost Of Revenue": 102531000.0,
        "Total Revenue": 147935000.0,
        "Operating Revenue": 118179000.0
    },
    "2023-09-30": {
        "Tax Effect Of Unusual Items": -154540.0,
        "Tax Rate For Calcs": 0.01,
        "Normalized EBITDA": -8004000.0,
        "Total Unusual Items": -15454000.0,
        "Total Unusual Items Excluding Goodwill": -15454000.0,
        "Net Income From Continuing Operation Net Minority Interest": -50671000.0,
        "Reconciled Depreciation": 13585000.0,
        "Reconciled Cost Of Revenue": 101677000.0,
        "EBITDA": -23458000.0,
        "EBIT": -37043000.0,
        "Net Interest Income": -13436000.0,
        "Interest Expense": 14287000.0,
        "Interest Income": 851000.0,
        "Normalized Income": -35371540.0,
        "Net Income From Continuing And Discontinued Operation": -50671000.0,
        "Total Expenses": 164084000.0,
        "Total Operating Income As Reported": -33425000.0,
        "Diluted Average Shares": 50437000.0,
        "Basic Average Shares": 50437000.0,
        "Diluted EPS": -1.0,
        "Basic EPS": -1.0,
        "Diluted NI Availto Com Stockholders": -50671000.0,
        "Net Income Common Stockholders": -50671000.0,
        "Net Income": -50671000.0,
        "Minority Interests": 0.0,
        "Net Income Including Noncontrolling Interests": -50671000.0,
        "Net Income Continuous Operations": -50671000.0,
        "Tax Provision": -659000.0,
        "Pretax Income": -51330000.0,
        "Other Income Expense": -16022000.0,
        "Other Non Operating Income Expenses": -568000.0,
        "Special Income Charges": -11553000.0,
        "Gain On Sale Of Ppe": NaN,
        "Restructuring And Mergern Acquisition": 11553000.0,
        "Gain On Sale Of Security": -3901000.0,
        "Net Non Operating Interest Income Expense": -13436000.0,
        "Interest Expense Non Operating": 14287000.0,
        "Interest Income Non Operating": 851000.0,
        "Operating Income": -21872000.0,
        "Operating Expense": 62407000.0,
        "Other Operating Expenses": NaN,
        "Depreciation Amortization Depletion Income Statement": 13585000.0,
        "Depreciation And Amortization In Income Statement": 13585000.0,
        "Selling General And Administration": 48822000.0,
        "Gross Profit": 40535000.0,
        "Cost Of Revenue": 101677000.0,
        "Total Revenue": 142212000.0,
        "Operating Revenue": 141704000.0
    },
    "2022-12-31": {
        "Tax Effect Of Unusual Items": NaN,
        "Tax Rate For Calcs": NaN,
        "Normalized EBITDA": NaN,
        "Total Unusual Items": NaN,
        "Total Unusual Items Excluding Goodwill": NaN,
        "Net Income From Continuing Operation Net Minority Interest": NaN,
        "Reconciled Depreciation": NaN,
        "Reconciled Cost Of Revenue": NaN,
        "EBITDA": NaN,
        "EBIT": NaN,
        "Net Interest Income": NaN,
        "Interest Expense": NaN,
        "Interest Income": NaN,
        "Normalized Income": NaN,
        "Net Income From Continuing And Discontinued Operation": NaN,
        "Total Expenses": NaN,
        "Total Operating Income As Reported": NaN,
        "Diluted Average Shares": NaN,
        "Basic Average Shares": NaN,
        "Diluted EPS": NaN,
        "Basic EPS": NaN,
        "Diluted NI Availto Com Stockholders": NaN,
        "Net Income Common Stockholders": NaN,
        "Net Income": NaN,
        "Minority Interests": NaN,
        "Net Income Including Noncontrolling Interests": NaN,
        "Net Income Continuous Operations": NaN,
        "Tax Provision": NaN,
        "Pretax Income": NaN,
        "Other Income Expense": NaN,
        "Other Non Operating Income Expenses": NaN,
        "Special Income Charges": NaN,
        "Gain On Sale Of Ppe": 4412000.0,
        "Restructuring And Mergern Acquisition": NaN,
        "Gain On Sale Of Security": NaN,
        "Net Non Operating Interest Income Expense": NaN,
        "Interest Expense Non Operating": NaN,
        "Interest Income Non Operating": NaN,
        "Operating Income": NaN,
        "Operating Expense": NaN,
        "Other Operating Expenses": NaN,
        "Depreciation Amortization Depletion Income Statement": NaN,
        "Depreciation And Amortization In Income Statement": NaN,
        "Selling General And Administration": NaN,
        "Gross Profit": NaN,
        "Cost Of Revenue": NaN,
        "Total Revenue": NaN,
        "Operating Revenue": NaN
    },
    "2022-09-30": {
        "Tax Effect Of Unusual Items": 83000.0,
        "Tax Rate For Calcs": 0.1,
        "Normalized EBITDA": 6242000.0,
        "Total Unusual Items": 830000.0,
        "Total Unusual Items Excluding Goodwill": 830000.0,
        "Net Income From Continuing Operation Net Minority Interest": -17902000.0,
        "Reconciled Depreciation": 15985000.0,
        "Reconciled Cost Of Revenue": 101662000.0,
        "EBITDA": 7072000.0,
        "EBIT": -8913000.0,
        "Net Interest Income": -9917000.0,
        "Interest Expense": 11427000.0,
        "Interest Income": 1510000.0,
        "Normalized Income": -18649000.0,
        "Net Income From Continuing And Discontinued Operation": -17902000.0,
        "Total Expenses": 157761000.0,
        "Total Operating Income As Reported": -11309000.0,
        "Diluted Average Shares": 51624000.0,
        "Basic Average Shares": 51558000.0,
        "Diluted EPS": -0.347221,
        "Basic EPS": -0.347221,
        "Diluted NI Availto Com Stockholders": -17902000.0,
        "Net Income Common Stockholders": -17902000.0,
        "Net Income": -17902000.0,
        "Minority Interests": 372000.0,
        "Net Income Including Noncontrolling Interests": -18274000.0,
        "Net Income Continuous Operations": -18274000.0,
        "Tax Provision": -2066000.0,
        "Pretax Income": -20340000.0,
        "Other Income Expense": 886000.0,
        "Other Non Operating Income Expenses": 56000.0,
        "Special Income Charges": 0.0,
        "Gain On Sale Of Ppe": NaN,
        "Restructuring And Mergern Acquisition": 0.0,
        "Gain On Sale Of Security": 830000.0,
        "Net Non Operating Interest Income Expense": -9917000.0,
        "Interest Expense Non Operating": 11427000.0,
        "Interest Income Non Operating": 1510000.0,
        "Operating Income": -11309000.0,
        "Operating Expense": 56099000.0,
        "Other Operating Expenses": NaN,
        "Depreciation Amortization Depletion Income Statement": 15985000.0,
        "Depreciation And Amortization In Income Statement": 15985000.0,
        "Selling General And Administration": 40114000.0,
        "Gross Profit": 44790000.0,
        "Cost Of Revenue": 101662000.0,
        "Total Revenue": 146452000.0,
        "Operating Revenue": 143337000.0
    },
    "2023-12-31": {
        "Tax Effect Of Unusual Items": 22550.0,
        "Tax Rate For Calcs": 0.01,
        "Normalized EBITDA": 152302000.0,
        "Total Unusual Items": 2255000.0,
        "Total Unusual Items Excluding Goodwill": 2255000.0,
        "Net Income From Continuing Operation Net Minority Interest": 125249000.0,
        "Reconciled Depreciation": 13204000.0,
        "Reconciled Cost Of Revenue": 202762000.0,
        "EBITDA": 154557000.0,
        "EBIT": 141352000.0,
        "Net Interest Income": -13966000.0,
        "Interest Expense": 15049000.0,
        "Interest Income": 1083000.0,
        "Normalized Income": 123016550.0,
        "Net Income From Continuing And Discontinued Operation": 125249000.0,
        "Total Expenses": 264355000.0,
        "Total Operating Income As Reported": 137423000.0,
        "Diluted Average Shares": 48293000.0,
        "Basic Average Shares": 48029000.0,
        "Diluted EPS": 2.59,
        "Basic EPS": 2.61,
        "Diluted NI Availto Com Stockholders": 125249000.0,
        "Net Income Common Stockholders": 125249000.0,
        "Net Income": 125249000.0,
        "Minority Interests": 0.0,
        "Net Income Including Noncontrolling Interests": 125249000.0,
        "Net Income Continuous Operations": 125249000.0,
        "Tax Provision": 1054000.0,
        "Pretax Income": 126303000.0,
        "Other Income Expense": 1958000.0,
        "Other Non Operating Income Expenses": -297000.0,
        "Special Income Charges": -888000.0,
        "Gain On Sale Of Ppe": 0.0,
        "Restructuring And Mergern Acquisition": 888000.0,
        "Gain On Sale Of Security": 3143000.0,
        "Net Non Operating Interest Income Expense": -13966000.0,
        "Interest Expense Non Operating": 15049000.0,
        "Interest Income Non Operating": 1083000.0,
        "Operating Income": 138311000.0,
        "Operating Expense": 61594000.0,
        "Other Operating Expenses": NaN,
        "Depreciation Amortization Depletion Income Statement": 13205000.0,
        "Depreciation And Amortization In Income Statement": 13205000.0,
        "Selling General And Administration": 48389000.0,
        "Gross Profit": 199905000.0,
        "Cost Of Revenue": 202761000.0,
        "Total Revenue": 402666000.0,
        "Operating Revenue": 402666000.0
    },
    "2024-03-31": {
        "Tax Effect Of Unusual Items": 0.0,
        "Tax Rate For Calcs": 0.0,
        "Normalized EBITDA": 31817000.0,
        "Total Unusual Items": -1412000.0,
        "Total Unusual Items Excluding Goodwill": -1412000.0,
        "Net Income From Continuing Operation Net Minority Interest": 2795000.0,
        "Reconciled Depreciation": 13183000.0,
        "Reconciled Cost Of Revenue": 142020000.0,
        "EBITDA": 30405000.0,
        "EBIT": 17222000.0,
        "Net Interest Income": -14084000.0,
        "Interest Expense": 14425000.0,
        "Interest Income": 341000.0,
        "Normalized Income": 4207000.0,
        "Net Income From Continuing And Discontinued Operation": 2795000.0,
        "Total Expenses": 209148000.0,
        "Total Operating Income As Reported": 16803000.0,
        "Diluted Average Shares": 48447000.0,
        "Basic Average Shares": 48109000.0,
        "Diluted EPS": 0.06,
        "Basic EPS": 0.06,
        "Diluted NI Availto Com Stockholders": 2795000.0,
        "Net Income Common Stockholders": 2795000.0,
        "Net Income": 2795000.0,
        "Minority Interests": 0.0,
        "Net Income Including Noncontrolling Interests": 2795000.0,
        "Net Income Continuous Operations": 2795000.0,
        "Tax Provision": 2000.0,
        "Pretax Income": 2797000.0,
        "Other Income Expense": -2284000.0,
        "Other Non Operating Income Expenses": -872000.0,
        "Special Income Charges": -2362000.0,
        "Gain On Sale Of Ppe": 0.0,
        "Restructuring And Mergern Acquisition": 2362000.0,
        "Gain On Sale Of Security": 950000.0,
        "Net Non Operating Interest Income Expense": -14084000.0,
        "Interest Expense Non Operating": 14425000.0,
        "Interest Income Non Operating": 341000.0,
        "Operating Income": 19165000.0,
        "Operating Expense": 67127000.0,
        "Other Operating Expenses": NaN,
        "Depreciation Amortization Depletion Income Statement": 13182000.0,
        "Depreciation And Amortization In Income Statement": 13182000.0,
        "Selling General And Administration": 53945000.0,
        "Gross Profit": 86292000.0,
        "Cost Of Revenue": 142021000.0,
        "Total Revenue": 228313000.0,
        "Operating Revenue": 228313000.0
    },
    "2024-06-30": {
        "Tax Effect Of Unusual Items": -940590.0,
        "Tax Rate For Calcs": 0.21,
        "Normalized EBITDA": 7097000.0,
        "Total Unusual Items": -4479000.0,
        "Total Unusual Items Excluding Goodwill": -4479000.0,
        "Net Income From Continuing Operation Net Minority Interest": 66927000.0,
        "Reconciled Depreciation": 13904000.0,
        "Reconciled Cost Of Revenue": 122377000.0,
        "EBITDA": 2618000.0,
        "EBIT": -11286000.0,
        "Net Interest Income": -13492000.0,
        "Interest Expense": 14193000.0,
        "Interest Income": 701000.0,
        "Normalized Income": 70465410.0,
        "Net Income From Continuing And Discontinued Operation": 66927000.0,
        "Total Expenses": 192088000.0,
        "Total Operating Income As Reported": -8860000.0,
        "Diluted Average Shares": 47599000.0,
        "Basic Average Shares": 47067000.0,
        "Diluted EPS": 1.41,
        "Basic EPS": 1.42,
        "Diluted NI Availto Com Stockholders": 66927000.0,
        "Net Income Common Stockholders": 66927000.0,
        "Net Income": 66927000.0,
        "Minority Interests": 0.0,
        "Net Income Including Noncontrolling Interests": 66927000.0,
        "Net Income Continuous Operations": 66927000.0,
        "Tax Provision": -92406000.0,
        "Pretax Income": -25479000.0,
        "Other Income Expense": -5973000.0,
        "Other Non Operating Income Expenses": -1494000.0,
        "Special Income Charges": -2846000.0,
        "Gain On Sale Of Ppe": 0.0,
        "Restructuring And Mergern Acquisition": 2846000.0,
        "Gain On Sale Of Security": -1633000.0,
        "Net Non Operating Interest Income Expense": -13492000.0,
        "Interest Expense Non Operating": 14193000.0,
        "Interest Income Non Operating": 701000.0,
        "Operating Income": -6014000.0,
        "Operating Expense": 69711000.0,
        "Other Operating Expenses": NaN,
        "Depreciation Amortization Depletion Income Statement": 13904000.0,
        "Depreciation And Amortization In Income Statement": 13904000.0,
        "Selling General And Administration": 55807000.0,
        "Gross Profit": 63697000.0,
        "Cost Of Revenue": 122377000.0,
        "Total Revenue": 186074000.0,
        "Operating Revenue": 186074000.0
    }
}