{
    "2023-03-31": {
        "Tax Effect Of Unusual Items": NaN,
        "Tax Rate For Calcs": NaN,
        "Normalized EBITDA": NaN,
        "Total Unusual Items": NaN,
        "Total Unusual Items Excluding Goodwill": NaN,
        "Net Income From Continuing Operation Net Minority Interest": NaN,
        "Reconciled Depreciation": NaN,
        "Reconciled Cost Of Revenue": NaN,
        "EBITDA": NaN,
        "EBIT": NaN,
        "Net Interest Income": NaN,
        "Interest Expense": NaN,
        "Interest Income": 9000000.0,
        "Normalized Income": NaN,
        "Net Income From Continuing And Discontinued Operation": NaN,
        "Total Expenses": NaN,
        "Total Operating Income As Reported": NaN,
        "Diluted Average Shares": NaN,
        "Basic Average Shares": NaN,
        "Diluted EPS": NaN,
        "Basic EPS": NaN,
        "Diluted NI Availto Com Stockholders": NaN,
        "Net Income Common Stockholders": NaN,
        "Net Income": NaN,
        "Minority Interests": NaN,
        "Net Income Including Noncontrolling Interests": NaN,
        "Net Income Continuous Operations": NaN,
        "Tax Provision": NaN,
        "Pretax Income": NaN,
        "Other Income Expense": NaN,
        "Other Non Operating Income Expenses": 2000000.0,
        "Special Income Charges": NaN,
        "Other Special Charges": NaN,
        "Write Off": NaN,
        "Impairment Of Capital Assets": NaN,
        "Restructuring And Mergern Acquisition": NaN,
        "Earnings From Equity Interest": NaN,
        "Gain On Sale Of Security": NaN,
        "Net Non Operating Interest Income Expense": NaN,
        "Interest Expense Non Operating": NaN,
        "Interest Income Non Operating": 9000000.0,
        "Operating Income": NaN,
        "Operating Expense": NaN,
        "Other Operating Expenses": NaN,
        "Depreciation Amortization Depletion Income Statement": NaN,
        "Depreciation And Amortization In Income Statement": NaN,
        "Amortization": NaN,
        "Amortization Of Intangibles Income Statement": NaN,
        "Research And Development": NaN,
        "Selling General And Administration": NaN,
        "General And Administrative Expense": NaN,
        "Other Gand A": NaN,
        "Salaries And Wages": NaN,
        "Gross Profit": NaN,
        "Cost Of Revenue": NaN,
        "Total Revenue": NaN,
        "Operating Revenue": NaN
    },
    "2022-12-31": {
        "Tax Effect Of Unusual Items": NaN,
        "Tax Rate For Calcs": NaN,
        "Normalized EBITDA": NaN,
        "Total Unusual Items": NaN,
        "Total Unusual Items Excluding Goodwill": NaN,
        "Net Income From Continuing Operation Net Minority Interest": NaN,
        "Reconciled Depreciation": NaN,
        "Reconciled Cost Of Revenue": NaN,
        "EBITDA": NaN,
        "EBIT": NaN,
        "Net Interest Income": NaN,
        "Interest Expense": NaN,
        "Interest Income": 6000000.0,
        "Normalized Income": NaN,
        "Net Income From Continuing And Discontinued Operation": NaN,
        "Total Expenses": NaN,
        "Total Operating Income As Reported": NaN,
        "Diluted Average Shares": NaN,
        "Basic Average Shares": NaN,
        "Diluted EPS": NaN,
        "Basic EPS": NaN,
        "Diluted NI Availto Com Stockholders": NaN,
        "Net Income Common Stockholders": NaN,
        "Net Income": NaN,
        "Minority Interests": NaN,
        "Net Income Including Noncontrolling Interests": NaN,
        "Net Income Continuous Operations": NaN,
        "Tax Provision": NaN,
        "Pretax Income": NaN,
        "Other Income Expense": NaN,
        "Other Non Operating Income Expenses": NaN,
        "Special Income Charges": NaN,
        "Other Special Charges": -2000000.0,
        "Write Off": NaN,
        "Impairment Of Capital Assets": NaN,
        "Restructuring And Mergern Acquisition": NaN,
        "Earnings From Equity Interest": NaN,
        "Gain On Sale Of Security": NaN,
        "Net Non Operating Interest Income Expense": NaN,
        "Interest Expense Non Operating": NaN,
        "Interest Income Non Operating": 6000000.0,
        "Operating Income": NaN,
        "Operating Expense": NaN,
        "Other Operating Expenses": NaN,
        "Depreciation Amortization Depletion Income Statement": NaN,
        "Depreciation And Amortization In Income Statement": NaN,
        "Amortization": NaN,
        "Amortization Of Intangibles Income Statement": NaN,
        "Research And Development": NaN,
        "Selling General And Administration": NaN,
        "General And Administrative Expense": NaN,
        "Other Gand A": NaN,
        "Salaries And Wages": NaN,
        "Gross Profit": NaN,
        "Cost Of Revenue": NaN,
        "Total Revenue": NaN,
        "Operating Revenue": NaN
    },
    "2022-09-30": {
        "Tax Effect Of Unusual Items": NaN,
        "Tax Rate For Calcs": NaN,
        "Normalized EBITDA": NaN,
        "Total Unusual Items": NaN,
        "Total Unusual Items Excluding Goodwill": NaN,
        "Net Income From Continuing Operation Net Minority Interest": NaN,
        "Reconciled Depreciation": NaN,
        "Reconciled Cost Of Revenue": NaN,
        "EBITDA": NaN,
        "EBIT": NaN,
        "Net Interest Income": NaN,
        "Interest Expense": NaN,
        "Interest Income": 2000000.0,
        "Normalized Income": NaN,
        "Net Income From Continuing And Discontinued Operation": NaN,
        "Total Expenses": NaN,
        "Total Operating Income As Reported": NaN,
        "Diluted Average Shares": NaN,
        "Basic Average Shares": NaN,
        "Diluted EPS": NaN,
        "Basic EPS": NaN,
        "Diluted NI Availto Com Stockholders": NaN,
        "Net Income Common Stockholders": NaN,
        "Net Income": NaN,
        "Minority Interests": NaN,
        "Net Income Including Noncontrolling Interests": NaN,
        "Net Income Continuous Operations": NaN,
        "Tax Provision": NaN,
        "Pretax Income": NaN,
        "Other Income Expense": NaN,
        "Other Non Operating Income Expenses": NaN,
        "Special Income Charges": NaN,
        "Other Special Charges": 12000000.0,
        "Write Off": NaN,
        "Impairment Of Capital Assets": NaN,
        "Restructuring And Mergern Acquisition": NaN,
        "Earnings From Equity Interest": NaN,
        "Gain On Sale Of Security": NaN,
        "Net Non Operating Interest Income Expense": NaN,
        "Interest Expense Non Operating": NaN,
        "Interest Income Non Operating": 2000000.0,
        "Operating Income": NaN,
        "Operating Expense": NaN,
        "Other Operating Expenses": NaN,
        "Depreciation Amortization Depletion Income Statement": NaN,
        "Depreciation And Amortization In Income Statement": NaN,
        "Amortization": NaN,
        "Amortization Of Intangibles Income Statement": NaN,
        "Research And Development": NaN,
        "Selling General And Administration": NaN,
        "General And Administrative Expense": NaN,
        "Other Gand A": NaN,
        "Salaries And Wages": NaN,
        "Gross Profit": NaN,
        "Cost Of Revenue": NaN,
        "Total Revenue": NaN,
        "Operating Revenue": NaN
    },
    "2022-06-30": {
        "Tax Effect Of Unusual Items": -7920000.0,
        "Tax Rate For Calcs": 0.24,
        "Normalized EBITDA": 504000000.0,
        "Total Unusual Items": -33000000.0,
        "Total Unusual Items Excluding Goodwill": -33000000.0,
        "Net Income From Continuing Operation Net Minority Interest": 228000000.0,
        "Reconciled Depreciation": 112000000.0,
        "Reconciled Cost Of Revenue": 1103000000.0,
        "EBITDA": 471000000.0,
        "EBIT": 359000000.0,
        "Net Interest Income": -56000000.0,
        "Interest Expense": 59000000.0,
        "Interest Income": 3000000.0,
        "Normalized Income": 253080000.0,
        "Net Income From Continuing And Discontinued Operation": 228000000.0,
        "Total Expenses": 1762000000.0,
        "Total Operating Income As Reported": 358000000.0,
        "Diluted Average Shares": 170900000.0,
        "Basic Average Shares": 167200000.0,
        "Diluted EPS": 1.33,
        "Basic EPS": 1.36,
        "Diluted NI Availto Com Stockholders": 228000000.0,
        "Net Income Common Stockholders": 228000000.0,
        "Net Income": 228000000.0,
        "Minority Interests": -1000000.0,
        "Net Income Including Noncontrolling Interests": 229000000.0,
        "Net Income Continuous Operations": 229000000.0,
        "Tax Provision": 71000000.0,
        "Pretax Income": 300000000.0,
        "Other Income Expense": -22000000.0,
        "Other Non Operating Income Expenses": 25000000.0,
        "Special Income Charges": -26000000.0,
        "Other Special Charges": 6000000.0,
        "Write Off": 0.0,
        "Impairment Of Capital Assets": 11000000.0,
        "Restructuring And Mergern Acquisition": 9000000.0,
        "Earnings From Equity Interest": -14000000.0,
        "Gain On Sale Of Security": -7000000.0,
        "Net Non Operating Interest Income Expense": -56000000.0,
        "Interest Expense Non Operating": 59000000.0,
        "Interest Income Non Operating": 3000000.0,
        "Operating Income": 378000000.0,
        "Operating Expense": 612000000.0,
        "Other Operating Expenses": NaN,
        "Depreciation Amortization Depletion Income Statement": 65000000.0,
        "Depreciation And Amortization In Income Statement": 65000000.0,
        "Amortization": 65000000.0,
        "Amortization Of Intangibles Income Statement": 65000000.0,
        "Research And Development": 191000000.0,
        "Selling General And Administration": 356000000.0,
        "Gross Profit": 990000000.0,
        "Cost Of Revenue": 1150000000.0,
        "Total Revenue": 2140000000.0,
        "Operating Revenue": 2140000000.0
    },
    "2023-06-30": {
        "Tax Effect Of Unusual Items": NaN,
        "Tax Rate For Calcs": NaN,
        "Normalized EBITDA": NaN,
        "Total Unusual Items": NaN,
        "Total Unusual Items Excluding Goodwill": NaN,
        "Net Income From Continuing Operation Net Minority Interest": NaN,
        "Reconciled Depreciation": NaN,
        "Reconciled Cost Of Revenue": NaN,
        "EBITDA": NaN,
        "EBIT": NaN,
        "Net Interest Income": NaN,
        "Interest Expense": NaN,
        "Interest Income": 6000000.0,
        "Normalized Income": NaN,
        "Net Income From Continuing And Discontinued Operation": NaN,
        "Total Expenses": NaN,
        "Total Operating Income As Reported": NaN,
        "Diluted Average Shares": NaN,
        "Basic Average Shares": NaN,
        "Diluted EPS": NaN,
        "Basic EPS": NaN,
        "Diluted NI Availto Com Stockholders": NaN,
        "Net Income Common Stockholders": NaN,
        "Net Income": NaN,
        "Minority Interests": NaN,
        "Net Income Including Noncontrolling Interests": NaN,
        "Net Income Continuous Operations": NaN,
        "Tax Provision": NaN,
        "Pretax Income": NaN,
        "Other Income Expense": NaN,
        "Other Non Operating Income Expenses": NaN,
        "Special Income Charges": NaN,
        "Other Special Charges": NaN,
        "Write Off": NaN,
        "Impairment Of Capital Assets": NaN,
        "Restructuring And Mergern Acquisition": NaN,
        "Earnings From Equity Interest": 17000000.0,
        "Gain On Sale Of Security": NaN,
        "Net Non Operating Interest Income Expense": NaN,
        "Interest Expense Non Operating": NaN,
        "Interest Income Non Operating": 6000000.0,
        "Operating Income": NaN,
        "Operating Expense": NaN,
        "Other Operating Expenses": 15000000.0,
        "Depreciation Amortization Depletion Income Statement": NaN,
        "Depreciation And Amortization In Income Statement": NaN,
        "Amortization": NaN,
        "Amortization Of Intangibles Income Statement": NaN,
        "Research And Development": NaN,
        "Selling General And Administration": NaN,
        "General And Administrative Expense": NaN,
        "Other Gand A": NaN,
        "Salaries And Wages": -24000000.0,
        "Gross Profit": NaN,
        "Cost Of Revenue": NaN,
        "Total Revenue": NaN,
        "Operating Revenue": NaN
    },
    "2022-03-31": {
        "Diluted EPS": 1.54,
        "Total Revenue": NaN,
        "Gross Profit": 857,
        "Operating Income": 239,
        "EBIT": 350,
        "Net Income": 267
    },
    "2021-12-31": {
        "Diluted EPS": 2.31,
        "Total Revenue": NaN,
        "Gross Profit": NaN,
        "Operating Income": 548,
        "EBIT": 661,
        "Net Income": 401
    },
    "2021-09-30": {
        "Diluted EPS": 1.76,
        "Total Revenue": NaN,
        "Gross Profit": NaN,
        "Operating Income": 451,
        "EBIT": 556,
        "Net Income": 307
    },
    "2021-06-30": {
        "Diluted EPS": 1.69,
        "Total Revenue": NaN,
        "Gross Profit": 952,
        "Operating Income": 370,
        "EBIT": 480,
        "Net Income": 293
    },
    "2021-03-31": {
        "Diluted EPS": 1.41,
        "Total Revenue": NaN,
        "Gross Profit": 860,
        "Operating Income": 298,
        "EBIT": 408,
        "Net Income": 244
    },
    "2020-12-31": {
        "Diluted EPS": 2.37,
        "Total Revenue": NaN,
        "Gross Profit": NaN,
        "Operating Income": 554,
        "EBIT": 663,
        "Net Income": 412
    },
    "2020-09-30": {
        "Diluted EPS": 1.18,
        "Total Revenue": NaN,
        "Gross Profit": 909,
        "Operating Income": 352,
        "EBIT": 455,
        "Net Income": 205
    },
    "2020-06-30": {
        "Diluted EPS": 0.78,
        "Total Revenue": NaN,
        "Gross Profit": 766,
        "Operating Income": 218,
        "EBIT": 316,
        "Net Income": 135
    },
    "2020-03-31": {
        "Diluted EPS": 1.12,
        "Total Revenue": NaN,
        "Gross Profit": 787,
        "Operating Income": 259,
        "EBIT": 358,
        "Net Income": 197
    },
    "2019-12-31": {
        "Diluted EPS": 1.4,
        "Total Revenue": NaN,
        "Gross Profit": NaN,
        "Operating Income": 590,
        "EBIT": 694,
        "Net Income": 243
    },
    "2019-09-30": {
        "Diluted EPS": 1.51,
        "Total Revenue": NaN,
        "Gross Profit": NaN,
        "Operating Income": 413,
        "EBIT": 512,
        "Net Income": 267
    },
    "2019-06-30": {
        "Diluted EPS": 1.18,
        "Total Revenue": NaN,
        "Gross Profit": 931,
        "Operating Income": 349,
        "EBIT": 445,
        "Net Income": 207
    },
    "2019-03-31": {
        "Diluted EPS": 0.86,
        "Total Revenue": NaN,
        "Gross Profit": 773,
        "Operating Income": 229,
        "EBIT": 324,
        "Net Income": 151
    },
    "2018-12-31": {
        "Diluted EPS": 2.45,
        "Total Revenue": NaN,
        "Gross Profit": NaN,
        "Operating Income": 517,
        "EBIT": 610,
        "Net Income": 422
    },
    "2018-09-30": {
        "Diluted EPS": 1.43,
        "Total Revenue": NaN,
        "Gross Profit": 901,
        "Operating Income": 294,
        "EBIT": 383,
        "Net Income": 247
    },
    "2018-06-30": {
        "Diluted EPS": 1.05,
        "Total Revenue": NaN,
        "Gross Profit": 822,
        "Operating Income": 273,
        "EBIT": 369,
        "Net Income": 180
    },
    "2018-03-31": {
        "Diluted EPS": 0.69,
        "Total Revenue": NaN,
        "Gross Profit": 669,
        "Operating Income": 171,
        "EBIT": 253,
        "Net Income": 117
    },
    "2017-12-31": {
        "Diluted EPS": -3.43,
        "Total Revenue": NaN,
        "Gross Profit": 970,
        "Operating Income": 503,
        "EBIT": 503,
        "Net Income": -575
    },
    "2017-09-30": {
        "Diluted EPS": 1.25,
        "Total Revenue": NaN,
        "Gross Profit": 794,
        "Operating Income": 347,
        "EBIT": 347,
        "Net Income": 212
    },
    "2017-06-30": {
        "Diluted EPS": 0.78,
        "Total Revenue": NaN,
        "Gross Profit": 690,
        "Operating Income": 261,
        "EBIT": 347,
        "Net Income": 131
    },
    "2017-03-31": {
        "Diluted EPS": 0.45,
        "Total Revenue": NaN,
        "Gross Profit": 570,
        "Operating Income": 173,
        "EBIT": 253,
        "Net Income": 77
    },
    "2016-12-31": {
        "Diluted EPS": 1.4,
        "Total Revenue": NaN,
        "Gross Profit": 929,
        "Operating Income": 383,
        "EBIT": 458,
        "Net Income": 244
    },
    "2016-09-30": {
        "Diluted EPS": 1.13,
        "Total Revenue": NaN,
        "Gross Profit": 762,
        "Operating Income": 341,
        "EBIT": 417,
        "Net Income": 192
    },
    "2016-06-30": {
        "Diluted EPS": 0.61,
        "Total Revenue": NaN,
        "Gross Profit": 676,
        "Operating Income": 224,
        "EBIT": 306,
        "Net Income": 107
    },
    "2016-03-31": {
        "Diluted EPS": 0.1,
        "Total Revenue": NaN,
        "Gross Profit": 502,
        "Operating Income": 100,
        "EBIT": 162,
        "Net Income": 17
    },
    "2015-12-31": {
        "Diluted EPS": 1.43,
        "Total Revenue": NaN,
        "Gross Profit": 838,
        "Operating Income": 390,
        "EBIT": 427,
        "Net Income": 279
    },
    "2015-09-30": {
        "Diluted EPS": 0.57,
        "Total Revenue": NaN,
        "Gross Profit": 685,
        "Operating Income": 231,
        "EBIT": 263,
        "Net Income": 115
    },
    "2015-06-30": {
        "Diluted EPS": 0.68,
        "Total Revenue": NaN,
        "Gross Profit": 648,
        "Operating Income": 254,
        "EBIT": 294,
        "Net Income": 142
    },
    "2015-03-31": {
        "Diluted EPS": 0.34,
        "Total Revenue": NaN,
        "Gross Profit": 548,
        "Operating Income": 119,
        "EBIT": 160,
        "Net Income": 74
    },
    "2014-12-31": {
        "Diluted EPS": 0.99,
        "Total Revenue": NaN,
        "Gross Profit": 913,
        "Operating Income": NaN,
        "EBIT": NaN,
        "Net Income": 201
    },
    "2014-09-30": {
        "Diluted EPS": 0.59,
        "Total Revenue": NaN,
        "Gross Profit": 685,
        "Operating Income": 207,
        "EBIT": 252,
        "Net Income": 147
    },
    "2014-06-30": {
        "Diluted EPS": 3.22,
        "Total Revenue": NaN,
        "Gross Profit": 656,
        "Operating Income": 138,
        "EBIT": 184,
        "Net Income": 824
    },
    "2014-03-31": {
        "Diluted EPS": 0.49,
        "Total Revenue": NaN,
        "Gross Profit": 577,
        "Operating Income": 107,
        "EBIT": 147,
        "Net Income": 127
    },
    "2013-12-31": {
        "Diluted EPS": 1.28,
        "Total Revenue": NaN,
        "Gross Profit": 639,
        "Operating Income": 282,
        "EBIT": 324,
        "Net Income": 342
    },
    "2013-09-30": {
        "Diluted EPS": 1.16,
        "Total Revenue": NaN,
        "Gross Profit": 765,
        "Operating Income": 246,
        "EBIT": 286,
        "Net Income": 307
    },
    "2013-06-30": {
        "Diluted EPS": 0.94,
        "Total Revenue": NaN,
        "Gross Profit": 750,
        "Operating Income": 203,
        "EBIT": 227,
        "Net Income": 258
    },
    "2013-03-31": {
        "Diluted EPS": 0.68,
        "Total Revenue": NaN,
        "Gross Profit": 955,
        "Operating Income": 216,
        "EBIT": 268,
        "Net Income": 192
    },
    "2012-12-31": {
        "Diluted EPS": 1.18,
        "Total Revenue": NaN,
        "Gross Profit": NaN,
        "Operating Income": 423,
        "EBIT": 423,
        "Net Income": 336
    },
    "2012-09-30": {
        "Diluted EPS": 0.72,
        "Total Revenue": NaN,
        "Gross Profit": NaN,
        "Operating Income": 324,
        "EBIT": 369,
        "Net Income": 206
    },
    "2012-06-30": {
        "Diluted EPS": 0.61,
        "Total Revenue": NaN,
        "Gross Profit": NaN,
        "Operating Income": 278,
        "EBIT": 331,
        "Net Income": 182
    },
    "2012-03-31": {
        "Diluted EPS": 0.49,
        "Total Revenue": NaN,
        "Gross Profit": 973,
        "Operating Income": 232,
        "EBIT": 285,
        "Net Income": 157
    },
    "2011-12-31": {
        "Diluted EPS": 0.59,
        "Total Revenue": NaN,
        "Gross Profit": NaN,
        "Operating Income": 276,
        "EBIT": 369,
        "Net Income": 184
    },
    "2011-09-30": {
        "Diluted EPS": 0.38,
        "Total Revenue": NaN,
        "Gross Profit": NaN,
        "Operating Income": 254,
        "EBIT": 346,
        "Net Income": 128
    },
    "2011-06-30": {
        "Diluted EPS": 1.0,
        "Total Revenue": NaN,
        "Gross Profit": NaN,
        "Operating Income": 159,
        "EBIT": 249,
        "Net Income": 349
    },
    "2011-03-31": {
        "Diluted EPS": 1.44,
        "Total Revenue": NaN,
        "Gross Profit": 924,
        "Operating Income": 169,
        "EBIT": 260,
        "Net Income": 497
    },
    "2010-12-31": {
        "Diluted EPS": 0.85,
        "Total Revenue": NaN,
        "Gross Profit": NaN,
        "Operating Income": 259,
        "EBIT": 355,
        "Net Income": 292
    },
    "2010-09-30": {
        "Diluted EPS": 0.33,
        "Total Revenue": NaN,
        "Gross Profit": 964,
        "Operating Income": 211,
        "EBIT": 296,
        "Net Income": 110
    },
    "2010-06-30": {
        "Diluted EPS": 0.48,
        "Total Revenue": NaN,
        "Gross Profit": 965,
        "Operating Income": 161,
        "EBIT": 246,
        "Net Income": 162
    },
    "2010-03-31": {
        "Diluted EPS": 0.21,
        "Total Revenue": NaN,
        "Gross Profit": 853,
        "Operating Income": 120,
        "EBIT": 207,
        "Net Income": 69
    },
    "2009-12-31": {
        "Diluted EPS": 0.43,
        "Total Revenue": NaN,
        "Gross Profit": NaN,
        "Operating Income": 88,
        "EBIT": -11,
        "Net Income": 142
    },
    "2009-09-30": {
        "Diluted EPS": 0.07,
        "Total Revenue": NaN,
        "Gross Profit": NaN,
        "Operating Income": -11,
        "EBIT": 94,
        "Net Income": 12
    },
    "2009-06-30": {
        "Diluted EPS": 0.07,
        "Total Revenue": NaN,
        "Gross Profit": NaN,
        "Operating Income": 10,
        "EBIT": 202,
        "Net Income": 26
    },
    "2009-03-31": {
        "Diluted EPS": -0.7,
        "Total Revenue": NaN,
        "Gross Profit": NaN,
        "Operating Income": -449,
        "EBIT": -259,
        "Net Income": -231
    },
    "2023-09-30": {
        "Tax Effect Of Unusual Items": -5040000.0,
        "Tax Rate For Calcs": 0.21,
        "Normalized EBITDA": 762000000.0,
        "Total Unusual Items": -24000000.0,
        "Total Unusual Items Excluding Goodwill": -24000000.0,
        "Net Income From Continuing Operation Net Minority Interest": 464000000.0,
        "Reconciled Depreciation": 86000000.0,
        "Reconciled Cost Of Revenue": 1229000000.0,
        "EBITDA": 738000000.0,
        "EBIT": 652000000.0,
        "Net Interest Income": -53000000.0,
        "Interest Expense": 60000000.0,
        "Interest Income": 7000000.0,
        "Normalized Income": 482960000.0,
        "Net Income From Continuing And Discontinued Operation": 464000000.0,
        "Total Expenses": 1910000000.0,
        "Total Operating Income As Reported": 639000000.0,
        "Diluted Average Shares": 171700000.0,
        "Basic Average Shares": 166700000.0,
        "Diluted EPS": 2.7,
        "Basic EPS": 2.78,
        "Diluted NI Availto Com Stockholders": 464000000.0,
        "Net Income Common Stockholders": 464000000.0,
        "Net Income": 464000000.0,
        "Minority Interests": -1000000.0,
        "Net Income Including Noncontrolling Interests": 465000000.0,
        "Net Income Continuous Operations": 465000000.0,
        "Tax Provision": 127000000.0,
        "Pretax Income": 592000000.0,
        "Other Income Expense": -1000000.0,
        "Other Non Operating Income Expenses": 23000000.0,
        "Special Income Charges": -13000000.0,
        "Other Special Charges": 1000000.0,
        "Write Off": 7000000.0,
        "Impairment Of Capital Assets": 0.0,
        "Restructuring And Mergern Acquisition": 5000000.0,
        "Earnings From Equity Interest": 0.0,
        "Gain On Sale Of Security": -11000000.0,
        "Net Non Operating Interest Income Expense": -53000000.0,
        "Interest Expense Non Operating": 60000000.0,
        "Interest Income Non Operating": 7000000.0,
        "Operating Income": 646000000.0,
        "Operating Expense": 634000000.0,
        "Other Operating Expenses": NaN,
        "Depreciation Amortization Depletion Income Statement": 39000000.0,
        "Depreciation And Amortization In Income Statement": 39000000.0,
        "Amortization": 39000000.0,
        "Amortization Of Intangibles Income Statement": 39000000.0,
        "Research And Development": 215000000.0,
        "Selling General And Administration": 380000000.0,
        "General And Administrative Expense": 380000000.0,
        "Other Gand A": 380000000.0,
        "Salaries And Wages": -24000000.0,
        "Gross Profit": 1280000000.0,
        "Cost Of Revenue": 1276000000.0,
        "Total Revenue": 2556000000.0,
        "Operating Revenue": 2556000000.0
    },
    "2023-12-31": {
        "Tax Effect Of Unusual Items": -7211864.40678,
        "Tax Rate For Calcs": 0.15678,
        "Normalized EBITDA": 924000000.0,
        "Total Unusual Items": -46000000.0,
        "Total Unusual Items Excluding Goodwill": -46000000.0,
        "Net Income From Continuing Operation Net Minority Interest": 596000000.0,
        "Reconciled Depreciation": 85000000.0,
        "Reconciled Cost Of Revenue": 1349000000.0,
        "EBITDA": 878000000.0,
        "EBIT": 793000000.0,
        "Net Interest Income": -52000000.0,
        "Interest Expense": 85000000.0,
        "Interest Income": NaN,
        "Normalized Income": 634788135.59322,
        "Net Income From Continuing And Discontinued Operation": 596000000.0,
        "Total Expenses": 2075000000.0,
        "Total Operating Income As Reported": 738000000.0,
        "Diluted Average Shares": 171500000.0,
        "Basic Average Shares": 166100000.0,
        "Diluted EPS": 3.47,
        "Basic EPS": 3.58,
        "Diluted NI Availto Com Stockholders": 596000000.0,
        "Net Income Common Stockholders": 596000000.0,
        "Net Income": 596000000.0,
        "Minority Interests": -1000000.0,
        "Net Income Including Noncontrolling Interests": 597000000.0,
        "Net Income Continuous Operations": 597000000.0,
        "Tax Provision": 111000000.0,
        "Pretax Income": 708000000.0,
        "Other Income Expense": -14000000.0,
        "Other Non Operating Income Expenses": 32000000.0,
        "Special Income Charges": -39000000.0,
        "Other Special Charges": 3000000.0,
        "Write Off": 0.0,
        "Impairment Of Capital Assets": 2000000.0,
        "Restructuring And Mergern Acquisition": 10000000.0,
        "Earnings From Equity Interest": 0.0,
        "Gain On Sale Of Security": -7000000.0,
        "Net Non Operating Interest Income Expense": -52000000.0,
        "Interest Expense Non Operating": 85000000.0,
        "Interest Income Non Operating": NaN,
        "Operating Income": 774000000.0,
        "Operating Expense": 681000000.0,
        "Other Operating Expenses": 0.0,
        "Depreciation Amortization Depletion Income Statement": 40000000.0,
        "Depreciation And Amortization In Income Statement": 40000000.0,
        "Amortization": 40000000.0,
        "Amortization Of Intangibles Income Statement": 40000000.0,
        "Research And Development": 218000000.0,
        "Selling General And Administration": 423000000.0,
        "General And Administrative Expense": 423000000.0,
        "Other Gand A": 423000000.0,
        "Salaries And Wages": -26000000.0,
        "Gross Profit": 1455000000.0,
        "Cost Of Revenue": 1394000000.0,
        "Total Revenue": 2849000000.0,
        "Operating Revenue": 2849000000.0
    },
    "2024-03-31": {
        "Tax Effect Of Unusual Items": -129570000.0,
        "Tax Rate For Calcs": 0.21,
        "Normalized EBITDA": 671000000.0,
        "Total Unusual Items": -617000000.0,
        "Total Unusual Items Excluding Goodwill": -617000000.0,
        "Net Income From Continuing Operation Net Minority Interest": -39000000.0,
        "Reconciled Depreciation": 83000000.0,
        "Reconciled Cost Of Revenue": 1153000000.0,
        "EBITDA": 54000000.0,
        "EBIT": -29000000.0,
        "Net Interest Income": -44000000.0,
        "Interest Expense": 61000000.0,
        "Interest Income": 17000000.0,
        "Normalized Income": 448430000.0,
        "Net Income From Continuing And Discontinued Operation": -39000000.0,
        "Total Expenses": 1851000000.0,
        "Total Operating Income As Reported": 519000000.0,
        "Diluted Average Shares": 166300000.0,
        "Basic Average Shares": 166300000.0,
        "Diluted EPS": -0.23,
        "Basic EPS": -0.23,
        "Diluted NI Availto Com Stockholders": -39000000.0,
        "Net Income Common Stockholders": -39000000.0,
        "Net Income": -39000000.0,
        "Minority Interests": -1000000.0,
        "Net Income Including Noncontrolling Interests": -38000000.0,
        "Net Income Continuous Operations": -38000000.0,
        "Tax Provision": -52000000.0,
        "Pretax Income": -90000000.0,
        "Other Income Expense": -584000000.0,
        "Other Non Operating Income Expenses": 35000000.0,
        "Special Income Charges": -608000000.0,
        "Other Special Charges": 591000000.0,
        "Write Off": 3000000.0,
        "Impairment Of Capital Assets": 3000000.0,
        "Restructuring And Mergern Acquisition": 11000000.0,
        "Earnings From Equity Interest": -2000000.0,
        "Gain On Sale Of Security": -9000000.0,
        "Net Non Operating Interest Income Expense": -44000000.0,
        "Interest Expense Non Operating": 61000000.0,
        "Interest Income Non Operating": 17000000.0,
        "Operating Income": 538000000.0,
        "Operating Expense": 654000000.0,
        "Other Operating Expenses": NaN,
        "Depreciation Amortization Depletion Income Statement": 39000000.0,
        "Depreciation And Amortization In Income Statement": 39000000.0,
        "Amortization": 39000000.0,
        "Amortization Of Intangibles Income Statement": 39000000.0,
        "Research And Development": 218000000.0,
        "Selling General And Administration": 397000000.0,
        "General And Administrative Expense": 397000000.0,
        "Other Gand A": 397000000.0,
        "Salaries And Wages": -32000000.0,
        "Gross Profit": 1192000000.0,
        "Cost Of Revenue": 1197000000.0,
        "Total Revenue": 2389000000.0,
        "Operating Revenue": 2389000000.0
    },
    "2024-06-30": {
        "Tax Effect Of Unusual Items": -2530000.0,
        "Tax Rate For Calcs": 0.23,
        "Normalized EBITDA": 761000000.0,
        "Total Unusual Items": -11000000.0,
        "Total Unusual Items Excluding Goodwill": -11000000.0,
        "Net Income From Continuing Operation Net Minority Interest": 443000000.0,
        "Reconciled Depreciation": 83000000.0,
        "Reconciled Cost Of Revenue": 1242000000.0,
        "EBITDA": 750000000.0,
        "EBIT": 667000000.0,
        "Net Interest Income": -69000000.0,
        "Interest Expense": 87000000.0,
        "Interest Income": 18000000.0,
        "Normalized Income": 451470000.0,
        "Net Income From Continuing And Discontinued Operation": 443000000.0,
        "Total Expenses": 1975000000.0,
        "Total Operating Income As Reported": 644000000.0,
        "Diluted Average Shares": 170300000.0,
        "Basic Average Shares": 166900000.0,
        "Diluted EPS": 2.6,
        "Basic EPS": 2.65,
        "Diluted NI Availto Com Stockholders": 443000000.0,
        "Net Income Common Stockholders": 443000000.0,
        "Net Income": 443000000.0,
        "Minority Interests": -2000000.0,
        "Net Income Including Noncontrolling Interests": 445000000.0,
        "Net Income Continuous Operations": 445000000.0,
        "Tax Provision": 135000000.0,
        "Pretax Income": 580000000.0,
        "Other Income Expense": -4000000.0,
        "Other Non Operating Income Expenses": 18000000.0,
        "Special Income Charges": -9000000.0,
        "Other Special Charges": NaN,
        "Write Off": 0.0,
        "Impairment Of Capital Assets": 1000000.0,
        "Restructuring And Mergern Acquisition": 8000000.0,
        "Earnings From Equity Interest": -11000000.0,
        "Gain On Sale Of Security": -2000000.0,
        "Net Non Operating Interest Income Expense": -69000000.0,
        "Interest Expense Non Operating": 87000000.0,
        "Interest Income Non Operating": 18000000.0,
        "Operating Income": 653000000.0,
        "Operating Expense": 686000000.0,
        "Other Operating Expenses": NaN,
        "Depreciation Amortization Depletion Income Statement": 36000000.0,
        "Depreciation And Amortization In Income Statement": 36000000.0,
        "Amortization": 36000000.0,
        "Amortization Of Intangibles Income Statement": 36000000.0,
        "Research And Development": 220000000.0,
        "Selling General And Administration": 430000000.0,
        "General And Administrative Expense": 430000000.0,
        "Other Gand A": 430000000.0,
        "Salaries And Wages": -31000000.0,
        "Gross Profit": 1339000000.0,
        "Cost Of Revenue": 1289000000.0,
        "Total Revenue": 2628000000.0,
        "Operating Revenue": 2628000000.0
    },
    "2024-09-30": {
        "Tax Effect Of Unusual Items": -1140000.0,
        "Tax Rate For Calcs": 0.19,
        "Normalized EBITDA": 858000000.0,
        "Total Unusual Items": -6000000.0,
        "Total Unusual Items Excluding Goodwill": -6000000.0,
        "Net Income From Continuing Operation Net Minority Interest": 562000000.0,
        "Reconciled Depreciation": 84000000.0,
        "Reconciled Cost Of Revenue": 1311000000.0,
        "EBITDA": 852000000.0,
        "EBIT": 768000000.0,
        "Net Interest Income": -58000000.0,
        "Interest Expense": 73000000.0,
        "Interest Income": 15000000.0,
        "Normalized Income": 566860000.0,
        "Net Income From Continuing And Discontinued Operation": 562000000.0,
        "Total Expenses": 2068000000.0,
        "Total Operating Income As Reported": 711000000.0,
        "Diluted Average Shares": 170900000.0,
        "Basic Average Shares": 167100000.0,
        "Diluted EPS": 3.29,
        "Basic EPS": 3.36,
        "Diluted NI Availto Com Stockholders": 562000000.0,
        "Net Income Common Stockholders": 562000000.0,
        "Net Income": 562000000.0,
        "Minority Interests": -1000000.0,
        "Net Income Including Noncontrolling Interests": 563000000.0,
        "Net Income Continuous Operations": 563000000.0,
        "Tax Provision": 132000000.0,
        "Pretax Income": 695000000.0,
        "Other Income Expense": 31000000.0,
        "Other Non Operating Income Expenses": 37000000.0,
        "Special Income Charges": -11000000.0,
        "Other Special Charges": 1000000.0,
        "Write Off": 0.0,
        "Impairment Of Capital Assets": 1000000.0,
        "Restructuring And Mergern Acquisition": 9000000.0,
        "Earnings From Equity Interest": NaN,
        "Gain On Sale Of Security": 5000000.0,
        "Net Non Operating Interest Income Expense": -58000000.0,
        "Interest Expense Non Operating": 73000000.0,
        "Interest Income Non Operating": 15000000.0,
        "Operating Income": 722000000.0,
        "Operating Expense": 711000000.0,
        "Other Operating Expenses": NaN,
        "Depreciation Amortization Depletion Income Statement": 38000000.0,
        "Depreciation And Amortization In Income Statement": 38000000.0,
        "Amortization": 38000000.0,
        "Amortization Of Intangibles Income Statement": 38000000.0,
        "Research And Development": 234000000.0,
        "Selling General And Administration": 439000000.0,
        "General And Administrative Expense": 439000000.0,
        "Other Gand A": 439000000.0,
        "Salaries And Wages": NaN,
        "Gross Profit": 1433000000.0,
        "Cost Of Revenue": 1357000000.0,
        "Total Revenue": 2790000000.0,
        "Operating Revenue": 2790000000.0
    }
}