{
    "2023-03-31": {
        "Tax Effect Of Unusual Items": 0.0,
        "Tax Rate For Calcs": 0.4,
        "Total Unusual Items": NaN,
        "Total Unusual Items Excluding Goodwill": NaN,
        "Net Income From Continuing Operation Net Minority Interest": 340000.0,
        "Reconciled Depreciation": 48000.0,
        "Net Interest Income": 1833000.0,
        "Interest Expense": 623000.0,
        "Interest Income": 2456000.0,
        "Normalized Income": 340000.0,
        "Net Income From Continuing And Discontinued Operation": 340000.0,
        "Diluted Average Shares": 2700829.0,
        "Basic Average Shares": 2700728.0,
        "Diluted EPS": 0.13,
        "Basic EPS": 0.13,
        "Diluted NI Availto Com Stockholders": 340000.0,
        "Net Income Common Stockholders": 340000.0,
        "Net Income": 340000.0,
        "Net Income Including Noncontrolling Interests": 340000.0,
        "Net Income Continuous Operations": 340000.0,
        "Tax Provision": -37000.0,
        "Pretax Income": 303000.0,
        "Special Income Charges": NaN,
        "Other Special Charges": NaN,
        "Gain On Sale Of Security": -27000.0,
        "Selling General And Administration": 1044000.0,
        "Selling And Marketing Expense": 26000.0,
        "General And Administrative Expense": 1018000.0,
        "Other Gand A": 18000.0,
        "Insurance And Claims": 20000.0,
        "Salaries And Wages": 980000.0,
        "Total Revenue": 2104000.0,
        "Operating Revenue": 2104000.0
    },
    "2022-12-31": {
        "Tax Effect Of Unusual Items": -587.301587,
        "Tax Rate For Calcs": 0.005291,
        "Total Unusual Items": -111000.0,
        "Total Unusual Items Excluding Goodwill": -111000.0,
        "Net Income From Continuing Operation Net Minority Interest": 376000.0,
        "Reconciled Depreciation": 44000.0,
        "Net Interest Income": 1961000.0,
        "Interest Expense": 501000.0,
        "Interest Income": 2462000.0,
        "Normalized Income": 486412.698413,
        "Net Income From Continuing And Discontinued Operation": 376000.0,
        "Diluted Average Shares": NaN,
        "Basic Average Shares": NaN,
        "Diluted EPS": NaN,
        "Basic EPS": NaN,
        "Diluted NI Availto Com Stockholders": 376000.0,
        "Net Income Common Stockholders": 376000.0,
        "Net Income": 376000.0,
        "Net Income Including Noncontrolling Interests": 376000.0,
        "Net Income Continuous Operations": 376000.0,
        "Tax Provision": 2000.0,
        "Pretax Income": 378000.0,
        "Special Income Charges": -74000.0,
        "Other Special Charges": 74000.0,
        "Gain On Sale Of Security": 0.0,
        "Selling General And Administration": 883000.0,
        "Selling And Marketing Expense": NaN,
        "General And Administrative Expense": 757000.0,
        "Other Gand A": -325000.0,
        "Insurance And Claims": 18000.0,
        "Salaries And Wages": 1064000.0,
        "Total Revenue": 2253000.0,
        "Operating Revenue": 2253000.0
    },
    "2022-09-30": {
        "Tax Effect Of Unusual Items": -570.902394,
        "Tax Rate For Calcs": 0.05709,
        "Total Unusual Items": -10000.0,
        "Total Unusual Items Excluding Goodwill": -10000.0,
        "Net Income From Continuing Operation Net Minority Interest": 512000.0,
        "Reconciled Depreciation": 58000.0,
        "Net Interest Income": 1979000.0,
        "Interest Expense": 294000.0,
        "Interest Income": 2273000.0,
        "Normalized Income": 521429.097606,
        "Net Income From Continuing And Discontinued Operation": 512000.0,
        "Diluted Average Shares": 2685209.0,
        "Basic Average Shares": 2679500.0,
        "Diluted EPS": 0.19,
        "Basic EPS": 0.19,
        "Diluted NI Availto Com Stockholders": 512000.0,
        "Net Income Common Stockholders": 512000.0,
        "Net Income": 512000.0,
        "Net Income Including Noncontrolling Interests": 512000.0,
        "Net Income Continuous Operations": 512000.0,
        "Tax Provision": 31000.0,
        "Pretax Income": 543000.0,
        "Special Income Charges": -10000.0,
        "Other Special Charges": 10000.0,
        "Gain On Sale Of Security": 0.0,
        "Selling General And Administration": 1180000.0,
        "Selling And Marketing Expense": NaN,
        "General And Administrative Expense": 1180000.0,
        "Other Gand A": 144000.0,
        "Insurance And Claims": 16000.0,
        "Salaries And Wages": 1020000.0,
        "Total Revenue": 2295000.0,
        "Operating Revenue": 2295000.0
    },
    "2022-06-30": {
        "Tax Effect Of Unusual Items": -305.454545,
        "Tax Rate For Calcs": 0.043636,
        "Total Unusual Items": -7000.0,
        "Total Unusual Items Excluding Goodwill": -7000.0,
        "Net Income From Continuing Operation Net Minority Interest": 526000.0,
        "Reconciled Depreciation": 42000.0,
        "Net Interest Income": 1975000.0,
        "Interest Expense": 173000.0,
        "Interest Income": 2148000.0,
        "Normalized Income": 532694.545455,
        "Net Income From Continuing And Discontinued Operation": 526000.0,
        "Diluted Average Shares": 2725889.0,
        "Basic Average Shares": 2722365.0,
        "Diluted EPS": 0.19,
        "Basic EPS": 0.19,
        "Diluted NI Availto Com Stockholders": 526000.0,
        "Net Income Common Stockholders": 526000.0,
        "Net Income": 526000.0,
        "Net Income Including Noncontrolling Interests": 526000.0,
        "Net Income Continuous Operations": 526000.0,
        "Tax Provision": 24000.0,
        "Pretax Income": 550000.0,
        "Special Income Charges": -7000.0,
        "Other Special Charges": 7000.0,
        "Gain On Sale Of Security": 0.0,
        "Selling General And Administration": 1239000.0,
        "Selling And Marketing Expense": NaN,
        "General And Administrative Expense": 1239000.0,
        "Other Gand A": 150000.0,
        "Insurance And Claims": 17000.0,
        "Salaries And Wages": 1072000.0,
        "Total Revenue": 2344000.0,
        "Operating Revenue": 2344000.0
    },
    "2022-03-31": {
        "Diluted EPS": 0.17,
        "Total Revenue": 2,
        "Gross Profit": 2,
        "Operating Income": 1,
        "EBIT": NaN,
        "Net Income": 0
    },
    "2021-12-31": {
        "Diluted EPS": 0.13,
        "Total Revenue": 2,
        "Gross Profit": 2,
        "Operating Income": 0,
        "EBIT": NaN,
        "Net Income": 0
    },
    "2021-09-30": {
        "Diluted EPS": 0.16,
        "Total Revenue": 2,
        "Gross Profit": 2,
        "Operating Income": 0,
        "EBIT": NaN,
        "Net Income": 0
    },
    "2021-06-30": {
        "Diluted EPS": 0.13,
        "Total Revenue": 2,
        "Gross Profit": 2,
        "Operating Income": 0,
        "EBIT": NaN,
        "Net Income": 0
    },
    "2021-03-31": {
        "Diluted EPS": 0.13,
        "Total Revenue": 2,
        "Gross Profit": 2,
        "Operating Income": 0,
        "EBIT": NaN,
        "Net Income": 0
    },
    "2020-12-31": {
        "Diluted EPS": 0.07,
        "Total Revenue": 2,
        "Gross Profit": 2,
        "Operating Income": 0,
        "EBIT": NaN,
        "Net Income": 0
    },
    "2020-09-30": {
        "Diluted EPS": 0.09,
        "Total Revenue": 2,
        "Gross Profit": 2,
        "Operating Income": 0,
        "EBIT": NaN,
        "Net Income": 0
    },
    "2020-06-30": {
        "Diluted EPS": 0.1,
        "Total Revenue": 2,
        "Gross Profit": 2,
        "Operating Income": 0,
        "EBIT": NaN,
        "Net Income": 0
    },
    "2020-03-31": {
        "Diluted EPS": 0.12,
        "Total Revenue": 2,
        "Gross Profit": 2,
        "Operating Income": 0,
        "EBIT": NaN,
        "Net Income": 0
    },
    "2019-12-31": {
        "Diluted EPS": 0.06,
        "Total Revenue": 2,
        "Gross Profit": 2,
        "Operating Income": 0,
        "EBIT": NaN,
        "Net Income": 0
    },
    "2019-09-30": {
        "Diluted EPS": 0.03,
        "Total Revenue": 2,
        "Gross Profit": 2,
        "Operating Income": 0,
        "EBIT": NaN,
        "Net Income": 0
    },
    "2019-06-30": {
        "Diluted EPS": 0.09,
        "Total Revenue": 2,
        "Gross Profit": 2,
        "Operating Income": 0,
        "EBIT": NaN,
        "Net Income": 0
    },
    "2019-03-31": {
        "Diluted EPS": 0.11,
        "Total Revenue": 2,
        "Gross Profit": 2,
        "Operating Income": 0,
        "EBIT": NaN,
        "Net Income": 0
    },
    "2018-12-31": {
        "Diluted EPS": 0.15,
        "Total Revenue": 2,
        "Gross Profit": 2,
        "Operating Income": 0,
        "EBIT": NaN,
        "Net Income": 1
    },
    "2018-09-30": {
        "Diluted EPS": 0.08,
        "Total Revenue": 2,
        "Gross Profit": 2,
        "Operating Income": 0,
        "EBIT": NaN,
        "Net Income": 0
    },
    "2018-06-30": {
        "Diluted EPS": 0.09,
        "Total Revenue": 2,
        "Gross Profit": 2,
        "Operating Income": 0,
        "EBIT": NaN,
        "Net Income": 0
    },
    "2018-03-31": {
        "Diluted EPS": 0.09,
        "Total Revenue": 2,
        "Gross Profit": 2,
        "Operating Income": 0,
        "EBIT": NaN,
        "Net Income": 0
    },
    "2017-12-31": {
        "Diluted EPS": -0.05,
        "Total Revenue": 2,
        "Gross Profit": 2,
        "Operating Income": 1,
        "EBIT": NaN,
        "Net Income": 0
    },
    "2017-09-30": {
        "Diluted EPS": 0.07,
        "Total Revenue": 2,
        "Gross Profit": 2,
        "Operating Income": 0,
        "EBIT": NaN,
        "Net Income": 0
    },
    "2017-06-30": {
        "Diluted EPS": 0.18,
        "Total Revenue": 2,
        "Gross Profit": 2,
        "Operating Income": 0,
        "EBIT": NaN,
        "Net Income": 0
    },
    "2017-03-31": {
        "Diluted EPS": 0.14,
        "Total Revenue": 2,
        "Gross Profit": 2,
        "Operating Income": 1,
        "EBIT": NaN,
        "Net Income": 0
    },
    "2023-06-30": {
        "Tax Effect Of Unusual Items": 154.03423,
        "Tax Rate For Calcs": 0.022005,
        "Total Unusual Items": 7000.0,
        "Total Unusual Items Excluding Goodwill": 7000.0,
        "Net Income From Continuing Operation Net Minority Interest": 400000.0,
        "Reconciled Depreciation": 47000.0,
        "Net Interest Income": 1896000.0,
        "Interest Expense": 687000.0,
        "Interest Income": 2583000.0,
        "Normalized Income": 393154.03423,
        "Net Income From Continuing And Discontinued Operation": 400000.0,
        "Diluted Average Shares": 2704744.0,
        "Basic Average Shares": 2703389.0,
        "Diluted EPS": 0.14,
        "Basic EPS": 0.14,
        "Diluted NI Availto Com Stockholders": 400000.0,
        "Net Income Common Stockholders": 400000.0,
        "Net Income": 400000.0,
        "Net Income Including Noncontrolling Interests": 400000.0,
        "Net Income Continuous Operations": 400000.0,
        "Tax Provision": 9000.0,
        "Pretax Income": 409000.0,
        "Special Income Charges": 0.0,
        "Other Special Charges": NaN,
        "Gain On Sale Of Security": 0.0,
        "Selling General And Administration": 1380000.0,
        "Selling And Marketing Expense": 22000.0,
        "General And Administrative Expense": 1358000.0,
        "Other Gand A": 305000.0,
        "Insurance And Claims": 30000.0,
        "Salaries And Wages": 1023000.0,
        "Total Revenue": 2225000.0,
        "Operating Revenue": 2225000.0
    }
}