{
    "2023-06-30": {
        "Tax Effect Of Unusual Items": NaN,
        "Tax Rate For Calcs": NaN,
        "Normalized EBITDA": NaN,
        "Total Unusual Items": -133000000.0,
        "Total Unusual Items Excluding Goodwill": -133000000.0,
        "Net Income From Continuing Operation Net Minority Interest": NaN,
        "Reconciled Depreciation": NaN,
        "Reconciled Cost Of Revenue": 680000000.0,
        "EBITDA": NaN,
        "EBIT": NaN,
        "Net Interest Income": -47000000.0,
        "Interest Expense": NaN,
        "Normalized Income": NaN,
        "Net Income From Continuing And Discontinued Operation": NaN,
        "Total Expenses": 680000000.0,
        "Total Operating Income As Reported": NaN,
        "Diluted Average Shares": 845000000.0,
        "Basic Average Shares": 842000000.0,
        "Diluted EPS": 2.2,
        "Basic EPS": 2.21,
        "Diluted NI Availto Com Stockholders": NaN,
        "Net Income Common Stockholders": NaN,
        "Net Income": NaN,
        "Minority Interests": NaN,
        "Net Income Including Noncontrolling Interests": NaN,
        "Net Income Continuous Operations": NaN,
        "Tax Provision": NaN,
        "Pretax Income": NaN,
        "Other Income Expense": 260000000.0,
        "Special Income Charges": 0.0,
        "Gain On Sale Of Business": NaN,
        "Write Off": 0.0,
        "Restructuring And Mergern Acquisition": 0.0,
        "Earnings From Equity Interest": NaN,
        "Gain On Sale Of Security": -133000000.0,
        "Net Non Operating Interest Income Expense": -47000000.0,
        "Interest Expense Non Operating": NaN,
        "Operating Income": NaN,
        "Gross Profit": 17926000000.0,
        "Cost Of Revenue": 680000000.0,
        "Total Revenue": NaN,
        "Operating Revenue": NaN
    },
    "2023-03-31": {
        "Tax Effect Of Unusual Items": NaN,
        "Tax Rate For Calcs": NaN,
        "Normalized EBITDA": NaN,
        "Total Unusual Items": NaN,
        "Total Unusual Items Excluding Goodwill": NaN,
        "Net Income From Continuing Operation Net Minority Interest": NaN,
        "Reconciled Depreciation": NaN,
        "Reconciled Cost Of Revenue": NaN,
        "EBITDA": NaN,
        "EBIT": NaN,
        "Net Interest Income": NaN,
        "Interest Expense": NaN,
        "Normalized Income": NaN,
        "Net Income From Continuing And Discontinued Operation": NaN,
        "Total Expenses": NaN,
        "Total Operating Income As Reported": NaN,
        "Diluted Average Shares": NaN,
        "Basic Average Shares": NaN,
        "Diluted EPS": NaN,
        "Basic EPS": NaN,
        "Diluted NI Availto Com Stockholders": NaN,
        "Net Income Common Stockholders": NaN,
        "Net Income": NaN,
        "Minority Interests": NaN,
        "Net Income Including Noncontrolling Interests": NaN,
        "Net Income Continuous Operations": NaN,
        "Tax Provision": NaN,
        "Pretax Income": NaN,
        "Other Income Expense": NaN,
        "Special Income Charges": NaN,
        "Gain On Sale Of Business": 0.0,
        "Write Off": NaN,
        "Restructuring And Mergern Acquisition": NaN,
        "Earnings From Equity Interest": NaN,
        "Gain On Sale Of Security": NaN,
        "Net Non Operating Interest Income Expense": NaN,
        "Interest Expense Non Operating": NaN,
        "Operating Income": NaN,
        "Gross Profit": NaN,
        "Cost Of Revenue": NaN,
        "Total Revenue": NaN,
        "Operating Revenue": NaN
    },
    "2022-12-31": {
        "Tax Effect Of Unusual Items": NaN,
        "Tax Rate For Calcs": NaN,
        "Normalized EBITDA": NaN,
        "Total Unusual Items": 1251000000.0,
        "Total Unusual Items Excluding Goodwill": 1251000000.0,
        "Net Income From Continuing Operation Net Minority Interest": NaN,
        "Reconciled Depreciation": NaN,
        "Reconciled Cost Of Revenue": 65365000000.0,
        "EBITDA": NaN,
        "EBIT": NaN,
        "Net Interest Income": -369000000.0,
        "Interest Expense": NaN,
        "Normalized Income": NaN,
        "Net Income From Continuing And Discontinued Operation": NaN,
        "Total Expenses": 67628000000.0,
        "Total Operating Income As Reported": NaN,
        "Diluted Average Shares": NaN,
        "Basic Average Shares": NaN,
        "Diluted EPS": NaN,
        "Basic EPS": NaN,
        "Diluted NI Availto Com Stockholders": NaN,
        "Net Income Common Stockholders": NaN,
        "Net Income": NaN,
        "Minority Interests": NaN,
        "Net Income Including Noncontrolling Interests": NaN,
        "Net Income Continuous Operations": NaN,
        "Tax Provision": NaN,
        "Pretax Income": NaN,
        "Other Income Expense": 1248000000.0,
        "Special Income Charges": 381000000.0,
        "Gain On Sale Of Business": NaN,
        "Write Off": NaN,
        "Earnings From Equity Interest": NaN,
        "Gain On Sale Of Security": 870000000.0,
        "Net Non Operating Interest Income Expense": -369000000.0,
        "Interest Expense Non Operating": NaN,
        "Operating Income": NaN,
        "Gross Profit": -48474000000.0,
        "Cost Of Revenue": 65365000000.0,
        "Total Revenue": NaN,
        "Operating Revenue": NaN
    },
    "2022-09-30": {
        "Tax Effect Of Unusual Items": NaN,
        "Tax Rate For Calcs": NaN,
        "Normalized EBITDA": NaN,
        "Total Unusual Items": -628000000.0,
        "Total Unusual Items Excluding Goodwill": -628000000.0,
        "Net Income From Continuing Operation Net Minority Interest": NaN,
        "Reconciled Depreciation": NaN,
        "Reconciled Cost Of Revenue": 628000000.0,
        "EBITDA": NaN,
        "EBIT": NaN,
        "Net Interest Income": -37000000.0,
        "Interest Expense": NaN,
        "Normalized Income": NaN,
        "Net Income From Continuing And Discontinued Operation": NaN,
        "Total Expenses": 628000000.0,
        "Total Operating Income As Reported": NaN,
        "Diluted Average Shares": NaN,
        "Basic Average Shares": NaN,
        "Diluted EPS": NaN,
        "Basic EPS": NaN,
        "Diluted NI Availto Com Stockholders": NaN,
        "Net Income Common Stockholders": NaN,
        "Net Income": NaN,
        "Minority Interests": NaN,
        "Net Income Including Noncontrolling Interests": NaN,
        "Net Income Continuous Operations": NaN,
        "Tax Provision": NaN,
        "Pretax Income": NaN,
        "Other Income Expense": -569000000.0,
        "Special Income Charges": -381000000.0,
        "Gain On Sale Of Business": NaN,
        "Other Special Charges": 381000000.0,
        "Write Off": NaN,
        "Earnings From Equity Interest": NaN,
        "Gain On Sale Of Security": -247000000.0,
        "Net Non Operating Interest Income Expense": -37000000.0,
        "Interest Expense Non Operating": NaN,
        "Operating Income": NaN,
        "Gross Profit": 18347000000.0,
        "Cost Of Revenue": 628000000.0,
        "Total Revenue": NaN,
        "Operating Revenue": NaN
    },
    "2022-06-30": {
        "Tax Effect Of Unusual Items": -73200000.0,
        "Tax Rate For Calcs": 0.4,
        "Normalized EBITDA": 5741000000.0,
        "Total Unusual Items": -183000000.0,
        "Total Unusual Items Excluding Goodwill": -183000000.0,
        "Net Income From Continuing Operation Net Minority Interest": 3923000000.0,
        "Reconciled Depreciation": 669000000.0,
        "Reconciled Cost Of Revenue": 669000000.0,
        "EBITDA": 5558000000.0,
        "EBIT": 4889000000.0,
        "Net Interest Income": -53000000.0,
        "Interest Expense": 53000000.0,
        "Normalized Income": 4032800000.0,
        "Net Income From Continuing And Discontinued Operation": 3923000000.0,
        "Total Expenses": 669000000.0,
        "Total Operating Income As Reported": 4494000000.0,
        "Diluted Average Shares": 926000000.0,
        "Basic Average Shares": 924000000.0,
        "Diluted EPS": 4.24,
        "Basic EPS": 4.25,
        "Diluted NI Availto Com Stockholders": 3923000000.0,
        "Net Income Common Stockholders": 3923000000.0,
        "Net Income": 3923000000.0,
        "Minority Interests": -87000000.0,
        "Net Income Including Noncontrolling Interests": 4010000000.0,
        "Net Income Continuous Operations": 5662000000.0,
        "Tax Provision": -826000000.0,
        "Pretax Income": 4836000000.0,
        "Other Income Expense": 395000000.0,
        "Special Income Charges": 0.0,
        "Other Special Charges": NaN,
        "Write Off": 0.0,
        "Earnings From Equity Interest": 578000000.0,
        "Gain On Sale Of Security": -183000000.0,
        "Net Non Operating Interest Income Expense": -53000000.0,
        "Interest Expense Non Operating": 53000000.0,
        "Operating Income": 21473000000.0,
        "Gross Profit": 21473000000.0,
        "Cost Of Revenue": 669000000.0,
        "Total Revenue": 22142000000.0,
        "Operating Revenue": 22142000000.0
    },
    "2023-09-30": {
        "Tax Effect Of Unusual Items": 0.0,
        "Tax Rate For Calcs": 0.2206,
        "Normalized EBITDA": 1926000000.0,
        "Total Unusual Items": -224000000.0,
        "Total Unusual Items Excluding Goodwill": -224000000.0,
        "Net Income From Continuing Operation Net Minority Interest": 929000000.0,
        "Reconciled Depreciation": 662000000.0,
        "Reconciled Cost Of Revenue": 662000000.0,
        "EBITDA": 1926000000.0,
        "EBIT": 1264000000.0,
        "Net Interest Income": -31000000.0,
        "Interest Expense": 31000000.0,
        "Normalized Income": 929000000.0,
        "Net Income From Continuing And Discontinued Operation": 929000000.0,
        "Total Expenses": 662000000.0,
        "Total Operating Income As Reported": 1203000000.0,
        "Diluted Average Shares": 841000000.0,
        "Basic Average Shares": 838000000.0,
        "Diluted EPS": 1.1,
        "Basic EPS": 1.11,
        "Diluted NI Availto Com Stockholders": 929000000.0,
        "Net Income Common Stockholders": 929000000.0,
        "Net Income": 929000000.0,
        "Minority Interests": -32000000.0,
        "Net Income Including Noncontrolling Interests": 961000000.0,
        "Net Income Continuous Operations": 961000000.0,
        "Tax Provision": 272000000.0,
        "Pretax Income": 1233000000.0,
        "Other Income Expense": 61000000.0,
        "Special Income Charges": 0.0,
        "Gain On Sale Of Business": NaN,
        "Write Off": 0.0,
        "Restructuring And Mergern Acquisition": 0.0,
        "Earnings From Equity Interest": 285000000.0,
        "Gain On Sale Of Security": -224000000.0,
        "Net Non Operating Interest Income Expense": -31000000.0,
        "Interest Expense Non Operating": 31000000.0,
        "Operating Income": 1203000000.0,
        "Gross Profit": 15954000000.0,
        "Cost Of Revenue": 662000000.0,
        "Total Revenue": 16616000000.0,
        "Operating Revenue": 16616000000.0
    },
    "2023-12-31": {
        "Tax Effect Of Unusual Items": 0.0,
        "Tax Rate For Calcs": 0.131977,
        "Normalized EBITDA": -2164000000.0,
        "Total Unusual Items": -976000000.0,
        "Total Unusual Items Excluding Goodwill": -976000000.0,
        "Net Income From Continuing Operation Net Minority Interest": -2966000000.0,
        "Reconciled Depreciation": 703000000.0,
        "Reconciled Cost Of Revenue": 61566000000.0,
        "EBITDA": -2164000000.0,
        "EBIT": -2867000000.0,
        "Net Interest Income": -669000000.0,
        "Interest Expense": 573000000.0,
        "Normalized Income": -2966000000.0,
        "Net Income From Continuing And Discontinued Operation": -2966000000.0,
        "Total Expenses": 63963000000.0,
        "Total Operating Income As Reported": -1980000000.0,
        "Diluted Average Shares": 830000000.0,
        "Basic Average Shares": 830000000.0,
        "Diluted EPS": -3.57,
        "Basic EPS": -3.57,
        "Diluted NI Availto Com Stockholders": -2966000000.0,
        "Net Income Common Stockholders": -2966000000.0,
        "Net Income": -2966000000.0,
        "Minority Interests": 20000000.0,
        "Net Income Including Noncontrolling Interests": -2986000000.0,
        "Net Income Continuous Operations": -2986000000.0,
        "Tax Provision": -454000000.0,
        "Pretax Income": -3440000000.0,
        "Other Income Expense": -791000000.0,
        "Special Income Charges": -1405000000.0,
        "Gain On Sale Of Business": NaN,
        "Write Off": 1405000000.0,
        "Restructuring And Mergern Acquisition": NaN,
        "Earnings From Equity Interest": 185000000.0,
        "Gain On Sale Of Security": 429000000.0,
        "Net Non Operating Interest Income Expense": -669000000.0,
        "Interest Expense Non Operating": 573000000.0,
        "Operating Income": -2223000000.0,
        "Gross Profit": -47014000000.0,
        "Cost Of Revenue": 61566000000.0,
        "Total Revenue": 14552000000.0,
        "Operating Revenue": 14552000000.0
    },
    "2024-03-31": {
        "Tax Effect Of Unusual Items": 0.0,
        "Tax Rate For Calcs": 0.168232,
        "Normalized EBITDA": 1876000000.0,
        "Total Unusual Items": NaN,
        "Total Unusual Items Excluding Goodwill": NaN,
        "Net Income From Continuing Operation Net Minority Interest": 938000000.0,
        "Reconciled Depreciation": 642000000.0,
        "Reconciled Cost Of Revenue": NaN,
        "EBITDA": 1876000000.0,
        "EBIT": 1234000000.0,
        "Net Interest Income": NaN,
        "Interest Expense": 63000000.0,
        "Normalized Income": 938000000.0,
        "Net Income From Continuing And Discontinued Operation": 938000000.0,
        "Total Expenses": NaN,
        "Total Operating Income As Reported": 1072000000.0,
        "Diluted Average Shares": 811000000.0,
        "Basic Average Shares": 809000000.0,
        "Diluted EPS": 1.16,
        "Basic EPS": 1.16,
        "Diluted NI Availto Com Stockholders": 938000000.0,
        "Net Income Common Stockholders": 938000000.0,
        "Net Income": 938000000.0,
        "Minority Interests": -36000000.0,
        "Net Income Including Noncontrolling Interests": 974000000.0,
        "Net Income Continuous Operations": 974000000.0,
        "Tax Provision": 197000000.0,
        "Pretax Income": 1171000000.0,
        "Other Income Expense": NaN,
        "Special Income Charges": NaN,
        "Gain On Sale Of Business": 0.0,
        "Write Off": 0.0,
        "Restructuring And Mergern Acquisition": NaN,
        "Earnings From Equity Interest": 242000000.0,
        "Gain On Sale Of Security": NaN,
        "Net Non Operating Interest Income Expense": NaN,
        "Interest Expense Non Operating": 63000000.0,
        "Operating Income": 1072000000.0,
        "Gross Profit": NaN,
        "Cost Of Revenue": NaN,
        "Total Revenue": 16282000000.0,
        "Operating Revenue": 16282000000.0
    },
    "2024-06-30": {
        "Tax Effect Of Unusual Items": 0.0,
        "Tax Rate For Calcs": 0.349428,
        "Normalized EBITDA": 1942000000.0,
        "Total Unusual Items": NaN,
        "Total Unusual Items Excluding Goodwill": NaN,
        "Net Income From Continuing Operation Net Minority Interest": 504000000.0,
        "Reconciled Depreciation": 635000000.0,
        "Reconciled Cost Of Revenue": NaN,
        "EBITDA": 1942000000.0,
        "EBIT": 1307000000.0,
        "Net Interest Income": NaN,
        "Interest Expense": 520000000.0,
        "Normalized Income": 504000000.0,
        "Net Income From Continuing And Discontinued Operation": 504000000.0,
        "Total Expenses": NaN,
        "Total Operating Income As Reported": 1046000000.0,
        "Diluted Average Shares": NaN,
        "Basic Average Shares": NaN,
        "Diluted EPS": NaN,
        "Basic EPS": NaN,
        "Diluted NI Availto Com Stockholders": 504000000.0,
        "Net Income Common Stockholders": 504000000.0,
        "Net Income": 504000000.0,
        "Minority Interests": -8000000.0,
        "Net Income Including Noncontrolling Interests": 512000000.0,
        "Net Income Continuous Operations": 512000000.0,
        "Tax Provision": 275000000.0,
        "Pretax Income": 787000000.0,
        "Other Income Expense": NaN,
        "Special Income Charges": NaN,
        "Gain On Sale Of Business": NaN,
        "Write Off": NaN,
        "Restructuring And Mergern Acquisition": NaN,
        "Earnings From Equity Interest": 181000000.0,
        "Gain On Sale Of Security": NaN,
        "Net Non Operating Interest Income Expense": NaN,
        "Interest Expense Non Operating": 520000000.0,
        "Operating Income": 1046000000.0,
        "Gross Profit": NaN,
        "Cost Of Revenue": NaN,
        "Total Revenue": 16249000000.0,
        "Operating Revenue": 16249000000.0
    },
    "2024-09-30": {
        "Tax Effect Of Unusual Items": 0.0,
        "Tax Rate For Calcs": 0.21,
        "Normalized EBITDA": 1304000000.0,
        "Total Unusual Items": NaN,
        "Total Unusual Items Excluding Goodwill": NaN,
        "Net Income From Continuing Operation Net Minority Interest": 287000000.0,
        "Reconciled Depreciation": 682000000.0,
        "Reconciled Cost Of Revenue": NaN,
        "EBITDA": 1304000000.0,
        "EBIT": 622000000.0,
        "Net Interest Income": NaN,
        "Interest Expense": 8000000.0,
        "Normalized Income": 287000000.0,
        "Net Income From Continuing And Discontinued Operation": 287000000.0,
        "Total Expenses": NaN,
        "Total Operating Income As Reported": 663000000.0,
        "Diluted Average Shares": 781000000.0,
        "Basic Average Shares": 778000000.0,
        "Diluted EPS": 0.37,
        "Basic EPS": 0.37,
        "Diluted NI Availto Com Stockholders": 287000000.0,
        "Net Income Common Stockholders": 287000000.0,
        "Net Income": 287000000.0,
        "Minority Interests": -12000000.0,
        "Net Income Including Noncontrolling Interests": 299000000.0,
        "Net Income Continuous Operations": 299000000.0,
        "Tax Provision": 315000000.0,
        "Pretax Income": 614000000.0,
        "Other Income Expense": NaN,
        "Special Income Charges": NaN,
        "Gain On Sale Of Business": NaN,
        "Write Off": 36000000.0,
        "Restructuring And Mergern Acquisition": 91000000.0,
        "Earnings From Equity Interest": 162000000.0,
        "Gain On Sale Of Security": NaN,
        "Net Non Operating Interest Income Expense": NaN,
        "Interest Expense Non Operating": 8000000.0,
        "Operating Income": 663000000.0,
        "Gross Profit": NaN,
        "Cost Of Revenue": NaN,
        "Total Revenue": 15196000000.0,
        "Operating Revenue": 15196000000.0
    }
}