{
    "2023-05-31": {
        "Tax Effect Of Unusual Items": NaN,
        "Tax Rate For Calcs": NaN,
        "Normalized EBITDA": NaN,
        "Total Unusual Items": NaN,
        "Total Unusual Items Excluding Goodwill": NaN,
        "Net Income From Continuing Operation Net Minority Interest": NaN,
        "Reconciled Depreciation": NaN,
        "Reconciled Cost Of Revenue": NaN,
        "EBITDA": NaN,
        "EBIT": NaN,
        "Net Interest Income": NaN,
        "Interest Expense": NaN,
        "Interest Income": NaN,
        "Normalized Income": NaN,
        "Net Income From Continuing And Discontinued Operation": NaN,
        "Total Expenses": NaN,
        "Total Operating Income As Reported": NaN,
        "Diluted Average Shares": 1094000000.0,
        "Basic Average Shares": 1094000000.0,
        "Diluted EPS": -1.73,
        "Basic EPS": -1.73,
        "Diluted NI Availto Com Stockholders": NaN,
        "Net Income Common Stockholders": NaN,
        "Net Income": NaN,
        "Net Income Including Noncontrolling Interests": NaN,
        "Net Income Continuous Operations": NaN,
        "Earnings From Equity Interest Net Of Tax": NaN,
        "Tax Provision": NaN,
        "Pretax Income": NaN,
        "Other Income Expense": NaN,
        "Other Non Operating Income Expenses": NaN,
        "Special Income Charges": NaN,
        "Gain On Sale Of Ppe": 24000000.0,
        "Other Special Charges": 68000000.0,
        "Write Off": 1000000.0,
        "Restructuring And Mergern Acquisition": NaN,
        "Gain On Sale Of Security": NaN,
        "Net Non Operating Interest Income Expense": NaN,
        "Interest Expense Non Operating": NaN,
        "Interest Income Non Operating": NaN,
        "Operating Income": NaN,
        "Operating Expense": NaN,
        "Other Operating Expenses": NaN,
        "Research And Development": NaN,
        "Selling General And Administration": NaN,
        "Gross Profit": NaN,
        "Cost Of Revenue": NaN,
        "Total Revenue": NaN,
        "Operating Revenue": NaN
    },
    "2023-02-28": {
        "Tax Effect Of Unusual Items": NaN,
        "Tax Rate For Calcs": NaN,
        "Normalized EBITDA": NaN,
        "Total Unusual Items": NaN,
        "Total Unusual Items Excluding Goodwill": NaN,
        "Net Income From Continuing Operation Net Minority Interest": NaN,
        "Reconciled Depreciation": NaN,
        "Reconciled Cost Of Revenue": NaN,
        "EBITDA": NaN,
        "EBIT": NaN,
        "Net Interest Income": NaN,
        "Interest Expense": NaN,
        "Interest Income": NaN,
        "Normalized Income": NaN,
        "Net Income From Continuing And Discontinued Operation": NaN,
        "Total Expenses": NaN,
        "Total Operating Income As Reported": NaN,
        "Diluted Average Shares": NaN,
        "Basic Average Shares": NaN,
        "Diluted EPS": NaN,
        "Basic EPS": NaN,
        "Diluted NI Availto Com Stockholders": NaN,
        "Net Income Common Stockholders": NaN,
        "Net Income": NaN,
        "Net Income Including Noncontrolling Interests": NaN,
        "Net Income Continuous Operations": NaN,
        "Earnings From Equity Interest Net Of Tax": NaN,
        "Tax Provision": NaN,
        "Pretax Income": NaN,
        "Other Income Expense": NaN,
        "Other Non Operating Income Expenses": NaN,
        "Special Income Charges": NaN,
        "Gain On Sale Of Ppe": NaN,
        "Other Special Charges": NaN,
        "Write Off": NaN,
        "Restructuring And Mergern Acquisition": NaN,
        "Gain On Sale Of Security": -2000000.0,
        "Net Non Operating Interest Income Expense": NaN,
        "Interest Expense Non Operating": NaN,
        "Interest Income Non Operating": NaN,
        "Operating Income": NaN,
        "Operating Expense": NaN,
        "Other Operating Expenses": NaN,
        "Research And Development": NaN,
        "Selling General And Administration": NaN,
        "Gross Profit": NaN,
        "Cost Of Revenue": NaN,
        "Total Revenue": NaN,
        "Operating Revenue": NaN
    },
    "2022-11-30": {
        "Tax Effect Of Unusual Items": NaN,
        "Tax Rate For Calcs": NaN,
        "Normalized EBITDA": NaN,
        "Total Unusual Items": NaN,
        "Total Unusual Items Excluding Goodwill": NaN,
        "Net Income From Continuing Operation Net Minority Interest": NaN,
        "Reconciled Depreciation": NaN,
        "Reconciled Cost Of Revenue": NaN,
        "EBITDA": NaN,
        "EBIT": NaN,
        "Net Interest Income": NaN,
        "Interest Expense": NaN,
        "Interest Income": NaN,
        "Normalized Income": NaN,
        "Net Income From Continuing And Discontinued Operation": NaN,
        "Total Expenses": NaN,
        "Total Operating Income As Reported": NaN,
        "Diluted Average Shares": NaN,
        "Basic Average Shares": NaN,
        "Diluted EPS": NaN,
        "Basic EPS": NaN,
        "Diluted NI Availto Com Stockholders": NaN,
        "Net Income Common Stockholders": NaN,
        "Net Income": NaN,
        "Net Income Including Noncontrolling Interests": NaN,
        "Net Income Continuous Operations": NaN,
        "Earnings From Equity Interest Net Of Tax": NaN,
        "Tax Provision": NaN,
        "Pretax Income": NaN,
        "Other Income Expense": NaN,
        "Other Non Operating Income Expenses": NaN,
        "Special Income Charges": NaN,
        "Gain On Sale Of Ppe": NaN,
        "Other Special Charges": NaN,
        "Write Off": NaN,
        "Restructuring And Mergern Acquisition": NaN,
        "Gain On Sale Of Security": -9000000.0,
        "Net Non Operating Interest Income Expense": NaN,
        "Interest Expense Non Operating": NaN,
        "Interest Income Non Operating": NaN,
        "Operating Income": NaN,
        "Operating Expense": NaN,
        "Other Operating Expenses": NaN,
        "Research And Development": NaN,
        "Selling General And Administration": NaN,
        "Gross Profit": NaN,
        "Cost Of Revenue": NaN,
        "Total Revenue": NaN,
        "Operating Revenue": NaN
    },
    "2022-08-31": {
        "Tax Effect Of Unusual Items": NaN,
        "Tax Rate For Calcs": NaN,
        "Normalized EBITDA": NaN,
        "Total Unusual Items": NaN,
        "Total Unusual Items Excluding Goodwill": NaN,
        "Net Income From Continuing Operation Net Minority Interest": NaN,
        "Reconciled Depreciation": NaN,
        "Reconciled Cost Of Revenue": NaN,
        "EBITDA": NaN,
        "EBIT": NaN,
        "Net Interest Income": NaN,
        "Interest Expense": NaN,
        "Interest Income": NaN,
        "Normalized Income": NaN,
        "Net Income From Continuing And Discontinued Operation": NaN,
        "Total Expenses": NaN,
        "Total Operating Income As Reported": NaN,
        "Diluted Average Shares": NaN,
        "Basic Average Shares": NaN,
        "Diluted EPS": NaN,
        "Basic EPS": NaN,
        "Diluted NI Availto Com Stockholders": NaN,
        "Net Income Common Stockholders": NaN,
        "Net Income": NaN,
        "Net Income Including Noncontrolling Interests": NaN,
        "Net Income Continuous Operations": NaN,
        "Earnings From Equity Interest Net Of Tax": NaN,
        "Tax Provision": NaN,
        "Pretax Income": NaN,
        "Other Income Expense": NaN,
        "Other Non Operating Income Expenses": NaN,
        "Special Income Charges": NaN,
        "Gain On Sale Of Ppe": NaN,
        "Other Special Charges": 0.0,
        "Write Off": NaN,
        "Restructuring And Mergern Acquisition": NaN,
        "Gain On Sale Of Security": 1000000.0,
        "Net Non Operating Interest Income Expense": NaN,
        "Interest Expense Non Operating": NaN,
        "Interest Income Non Operating": NaN,
        "Operating Income": NaN,
        "Operating Expense": NaN,
        "Other Operating Expenses": NaN,
        "Research And Development": NaN,
        "Selling General And Administration": NaN,
        "Gross Profit": NaN,
        "Cost Of Revenue": NaN,
        "Total Revenue": NaN,
        "Operating Revenue": NaN
    },
    "2022-05-31": {
        "Tax Effect Of Unusual Items": 0.0,
        "Tax Rate For Calcs": 0.119813,
        "Normalized EBITDA": 4853000000.0,
        "Total Unusual Items": 0.0,
        "Total Unusual Items Excluding Goodwill": 0.0,
        "Net Income From Continuing Operation Net Minority Interest": 2626000000.0,
        "Reconciled Depreciation": 1821000000.0,
        "Reconciled Cost Of Revenue": 4607000000.0,
        "EBIT": 3032000000.0,
        "Net Interest Income": -24000000.0,
        "Interest Expense": 44000000.0,
        "Interest Income": 20000000.0,
        "Normalized Income": 2626000000.0,
        "Net Income From Continuing And Discontinued Operation": 2626000000.0,
        "Total Expenses": 5638000000.0,
        "Total Operating Income As Reported": 3004000000.0,
        "Diluted Average Shares": 1121000000.0,
        "Basic Average Shares": 1112000000.0,
        "Diluted EPS": 2.34,
        "Basic EPS": 2.36,
        "Diluted NI Availto Com Stockholders": 2626000000.0,
        "Net Income Common Stockholders": 2626000000.0,
        "Net Income": 2626000000.0,
        "Net Income Including Noncontrolling Interests": 2626000000.0,
        "Net Income Continuous Operations": 2626000000.0,
        "Earnings From Equity Interest Net Of Tax": -4000000.0,
        "Tax Provision": 358000000.0,
        "Pretax Income": 2988000000.0,
        "Other Income Expense": 8000000.0,
        "Other Non Operating Income Expenses": 8000000.0,
        "Special Income Charges": 0.0,
        "Gain On Sale Of Ppe": NaN,
        "Other Special Charges": NaN,
        "Write Off": NaN,
        "Restructuring And Mergern Acquisition": 0.0,
        "Gain On Sale Of Security": 12000000.0,
        "Net Non Operating Interest Income Expense": -24000000.0,
        "Interest Expense Non Operating": 44000000.0,
        "Interest Income Non Operating": 20000000.0,
        "Operating Income": 3004000000.0,
        "Operating Expense": 1031000000.0,
        "Other Operating Expenses": -6000000.0,
        "Research And Development": 773000000.0,
        "Selling General And Administration": 264000000.0,
        "Gross Profit": 4035000000.0,
        "Cost Of Revenue": 4607000000.0,
        "Total Revenue": 8642000000.0,
        "Operating Revenue": 8642000000.0
    },
    "2023-08-31": {
        "Tax Effect Of Unusual Items": -1728395.061728,
        "Tax Rate For Calcs": 0.016461,
        "Normalized EBITDA": 713000000.0,
        "Total Unusual Items": -105000000.0,
        "Total Unusual Items Excluding Goodwill": -105000000.0,
        "Net Income From Continuing Operation Net Minority Interest": -1430000000.0,
        "Reconciled Depreciation": 1937000000.0,
        "Reconciled Cost Of Revenue": 4445000000.0,
        "EBITDA": 608000000.0,
        "EBIT": -1329000000.0,
        "Net Interest Income": 5000000.0,
        "Interest Expense": 129000000.0,
        "Interest Income": 134000000.0,
        "Normalized Income": -1326728395.061728,
        "Net Income From Continuing And Discontinued Operation": -1430000000.0,
        "Total Expenses": 5385000000.0,
        "Total Operating Income As Reported": -1472000000.0,
        "Diluted Average Shares": 1095000000.0,
        "Basic Average Shares": 1095000000.0,
        "Diluted EPS": -1.31,
        "Basic EPS": -1.31,
        "Diluted NI Availto Com Stockholders": -1430000000.0,
        "Net Income Common Stockholders": -1430000000.0,
        "Net Income": -1430000000.0,
        "Net Income Including Noncontrolling Interests": -1430000000.0,
        "Net Income Continuous Operations": -1430000000.0,
        "Earnings From Equity Interest Net Of Tax": 4000000.0,
        "Tax Provision": -24000000.0,
        "Pretax Income": -1458000000.0,
        "Other Income Expense": -88000000.0,
        "Other Non Operating Income Expenses": 17000000.0,
        "Special Income Charges": -97000000.0,
        "Gain On Sale Of Ppe": 8000000.0,
        "Other Special Charges": 0.0,
        "Write Off": 5000000.0,
        "Restructuring And Mergern Acquisition": -1000000.0,
        "Gain On Sale Of Security": NaN,
        "Net Non Operating Interest Income Expense": 5000000.0,
        "Interest Expense Non Operating": 129000000.0,
        "Interest Income Non Operating": 134000000.0,
        "Operating Income": -1375000000.0,
        "Operating Expense": 940000000.0,
        "Other Operating Expenses": 2000000.0,
        "Research And Development": 719000000.0,
        "Selling General And Administration": 219000000.0,
        "Gross Profit": -435000000.0,
        "Cost Of Revenue": 4445000000.0,
        "Total Revenue": 4010000000.0,
        "Operating Revenue": 4010000000.0
    },
    "2023-11-30": {
        "Tax Effect Of Unusual Items": 0.0,
        "Tax Rate For Calcs": 0.21,
        "Normalized EBITDA": 892000000.0,
        "Total Unusual Items": 0.0,
        "Total Unusual Items Excluding Goodwill": 0.0,
        "Net Income From Continuing Operation Net Minority Interest": -1234000000.0,
        "Reconciled Depreciation": 1915000000.0,
        "Reconciled Cost Of Revenue": 4761000000.0,
        "EBITDA": 892000000.0,
        "EBIT": -1023000000.0,
        "Net Interest Income": 0.0,
        "Interest Expense": 132000000.0,
        "Interest Income": 132000000.0,
        "Normalized Income": -1234000000.0,
        "Net Income From Continuing And Discontinued Operation": -1234000000.0,
        "Total Expenses": 5854000000.0,
        "Total Operating Income As Reported": -1128000000.0,
        "Diluted Average Shares": 1100000000.0,
        "Basic Average Shares": 1100000000.0,
        "Diluted EPS": -1.12,
        "Basic EPS": -1.12,
        "Diluted NI Availto Com Stockholders": -1234000000.0,
        "Net Income Common Stockholders": -1234000000.0,
        "Net Income": -1234000000.0,
        "Net Income Including Noncontrolling Interests": -1234000000.0,
        "Net Income Continuous Operations": -1234000000.0,
        "Earnings From Equity Interest Net Of Tax": -6000000.0,
        "Tax Provision": 73000000.0,
        "Pretax Income": -1155000000.0,
        "Other Income Expense": -27000000.0,
        "Other Non Operating Income Expenses": -27000000.0,
        "Special Income Charges": 0.0,
        "Gain On Sale Of Ppe": NaN,
        "Other Special Charges": NaN,
        "Write Off": NaN,
        "Restructuring And Mergern Acquisition": 0.0,
        "Gain On Sale Of Security": NaN,
        "Net Non Operating Interest Income Expense": 0.0,
        "Interest Expense Non Operating": 132000000.0,
        "Interest Income Non Operating": 132000000.0,
        "Operating Income": -1128000000.0,
        "Operating Expense": 1093000000.0,
        "Other Operating Expenses": -15000000.0,
        "Research And Development": 845000000.0,
        "Selling General And Administration": 263000000.0,
        "Gross Profit": -35000000.0,
        "Cost Of Revenue": 4761000000.0,
        "Total Revenue": 4726000000.0,
        "Operating Revenue": 4726000000.0
    },
    "2024-02-29": {
        "Tax Effect Of Unusual Items": 1890000.0,
        "Tax Rate For Calcs": 0.21,
        "Normalized EBITDA": 2229000000.0,
        "Total Unusual Items": 9000000.0,
        "Total Unusual Items Excluding Goodwill": 9000000.0,
        "Net Income From Continuing Operation Net Minority Interest": 793000000.0,
        "Reconciled Depreciation": 1924000000.0,
        "Reconciled Cost Of Revenue": 4745000000.0,
        "EBITDA": 2238000000.0,
        "EBIT": 314000000.0,
        "Net Interest Income": -14000000.0,
        "Interest Expense": 144000000.0,
        "Interest Income": 130000000.0,
        "Normalized Income": 785890000.0,
        "Net Income From Continuing And Discontinued Operation": 793000000.0,
        "Total Expenses": 5642000000.0,
        "Total Operating Income As Reported": 191000000.0,
        "Diluted Average Shares": 1114000000.0,
        "Basic Average Shares": 1104000000.0,
        "Diluted EPS": 0.71,
        "Basic EPS": 0.72,
        "Diluted NI Availto Com Stockholders": 793000000.0,
        "Net Income Common Stockholders": 793000000.0,
        "Net Income": 793000000.0,
        "Net Income Including Noncontrolling Interests": 793000000.0,
        "Net Income Continuous Operations": 793000000.0,
        "Earnings From Equity Interest Net Of Tax": 1000000.0,
        "Tax Provision": -622000000.0,
        "Pretax Income": 170000000.0,
        "Other Income Expense": 2000000.0,
        "Other Non Operating Income Expenses": -7000000.0,
        "Special Income Charges": 9000000.0,
        "Gain On Sale Of Ppe": 9000000.0,
        "Other Special Charges": NaN,
        "Write Off": 0.0,
        "Restructuring And Mergern Acquisition": 0.0,
        "Gain On Sale Of Security": NaN,
        "Net Non Operating Interest Income Expense": -14000000.0,
        "Interest Expense Non Operating": 144000000.0,
        "Interest Income Non Operating": 130000000.0,
        "Operating Income": 182000000.0,
        "Operating Expense": 897000000.0,
        "Other Operating Expenses": -215000000.0,
        "Research And Development": 832000000.0,
        "Selling General And Administration": 280000000.0,
        "Gross Profit": 1079000000.0,
        "Cost Of Revenue": 4745000000.0,
        "Total Revenue": 5824000000.0,
        "Operating Revenue": 5824000000.0
    },
    "2024-05-31": {
        "Tax Effect Of Unusual Items": 7980000.0,
        "Tax Rate For Calcs": 0.21,
        "Normalized EBITDA": 2782000000.0,
        "Total Unusual Items": 38000000.0,
        "Total Unusual Items Excluding Goodwill": 38000000.0,
        "Net Income From Continuing Operation Net Minority Interest": 332000000.0,
        "Reconciled Depreciation": 1955000000.0,
        "Reconciled Cost Of Revenue": 4979000000.0,
        "EBITDA": 2820000000.0,
        "EBIT": 865000000.0,
        "Net Interest Income": -14000000.0,
        "Interest Expense": 150000000.0,
        "Interest Income": 136000000.0,
        "Normalized Income": 301980000.0,
        "Net Income From Continuing And Discontinued Operation": 332000000.0,
        "Total Expenses": 6130000000.0,
        "Total Operating Income As Reported": 719000000.0,
        "Diluted Average Shares": 1123000000.0,
        "Basic Average Shares": 1107000000.0,
        "Diluted EPS": 0.3,
        "Basic EPS": 0.3,
        "Diluted NI Availto Com Stockholders": 332000000.0,
        "Net Income Common Stockholders": 332000000.0,
        "Net Income": 332000000.0,
        "Net Income Including Noncontrolling Interests": 332000000.0,
        "Net Income Continuous Operations": 332000000.0,
        "Earnings From Equity Interest Net Of Tax": -6000000.0,
        "Tax Provision": 377000000.0,
        "Pretax Income": 715000000.0,
        "Other Income Expense": 48000000.0,
        "Other Non Operating Income Expenses": 10000000.0,
        "Special Income Charges": 38000000.0,
        "Gain On Sale Of Ppe": 38000000.0,
        "Other Special Charges": NaN,
        "Write Off": 0.0,
        "Restructuring And Mergern Acquisition": 0.0,
        "Gain On Sale Of Security": NaN,
        "Net Non Operating Interest Income Expense": -14000000.0,
        "Interest Expense Non Operating": 150000000.0,
        "Interest Income Non Operating": 136000000.0,
        "Operating Income": 681000000.0,
        "Operating Expense": 1151000000.0,
        "Other Operating Expenses": 10000000.0,
        "Research And Development": 850000000.0,
        "Selling General And Administration": 291000000.0,
        "Gross Profit": 1832000000.0,
        "Cost Of Revenue": 4979000000.0,
        "Total Revenue": 6811000000.0,
        "Operating Revenue": 6811000000.0
    },
    "2024-08-31": {
        "Tax Effect Of Unusual Items": -1050000.0,
        "Tax Rate For Calcs": 0.21,
        "Normalized EBITDA": 3637000000.0,
        "Total Unusual Items": -5000000.0,
        "Total Unusual Items Excluding Goodwill": -5000000.0,
        "Net Income From Continuing Operation Net Minority Interest": 887000000.0,
        "Reconciled Depreciation": 1986000000.0,
        "Reconciled Cost Of Revenue": 5013000000.0,
        "EBITDA": 3632000000.0,
        "EBIT": 1646000000.0,
        "Net Interest Income": -5000000.0,
        "Interest Expense": 136000000.0,
        "Interest Income": 131000000.0,
        "Normalized Income": 890950000.0,
        "Net Income From Continuing And Discontinued Operation": 887000000.0,
        "Total Expenses": 6223000000.0,
        "Total Operating Income As Reported": 1522000000.0,
        "Diluted Average Shares": NaN,
        "Basic Average Shares": NaN,
        "Diluted EPS": NaN,
        "Basic EPS": NaN,
        "Diluted NI Availto Com Stockholders": 887000000.0,
        "Net Income Common Stockholders": 887000000.0,
        "Net Income": 887000000.0,
        "Net Income Including Noncontrolling Interests": 887000000.0,
        "Net Income Continuous Operations": 887000000.0,
        "Earnings From Equity Interest Net Of Tax": 0.0,
        "Tax Provision": 623000000.0,
        "Pretax Income": 1510000000.0,
        "Other Income Expense": -12000000.0,
        "Other Non Operating Income Expenses": -7000000.0,
        "Special Income Charges": -5000000.0,
        "Gain On Sale Of Ppe": -4000000.0,
        "Other Special Charges": NaN,
        "Write Off": 0.0,
        "Restructuring And Mergern Acquisition": 1000000.0,
        "Gain On Sale Of Security": NaN,
        "Net Non Operating Interest Income Expense": -5000000.0,
        "Interest Expense Non Operating": 136000000.0,
        "Interest Income Non Operating": 131000000.0,
        "Operating Income": 1527000000.0,
        "Operating Expense": 1210000000.0,
        "Other Operating Expenses": 12000000.0,
        "Research And Development": 903000000.0,
        "Selling General And Administration": 295000000.0,
        "Gross Profit": 2737000000.0,
        "Cost Of Revenue": 5013000000.0,
        "Total Revenue": 7750000000.0,
        "Operating Revenue": 7750000000.0
    }
}