{
    "2023-03-31": {
        "Tax Effect Of Unusual Items": NaN,
        "Tax Rate For Calcs": NaN,
        "Normalized EBITDA": NaN,
        "Total Unusual Items": NaN,
        "Total Unusual Items Excluding Goodwill": NaN,
        "Net Income From Continuing Operation Net Minority Interest": NaN,
        "Reconciled Depreciation": NaN,
        "Reconciled Cost Of Revenue": 87101.0,
        "EBITDA": NaN,
        "EBIT": NaN,
        "Net Interest Income": NaN,
        "Interest Expense": NaN,
        "Normalized Income": NaN,
        "Net Income From Continuing And Discontinued Operation": NaN,
        "Total Expenses": NaN,
        "Rent Expense Supplemental": NaN,
        "Total Operating Income As Reported": NaN,
        "Diluted Average Shares": 91566.0,
        "Basic Average Shares": 91566.0,
        "Diluted EPS": -1167.18,
        "Basic EPS": -1167.18,
        "Diluted NI Availto Com Stockholders": NaN,
        "Net Income Common Stockholders": NaN,
        "Otherunder Preferred Stock Dividend": NaN,
        "Preferred Stock Dividends": NaN,
        "Net Income": NaN,
        "Minority Interests": NaN,
        "Net Income Including Noncontrolling Interests": NaN,
        "Net Income Continuous Operations": NaN,
        "Tax Provision": NaN,
        "Pretax Income": NaN,
        "Other Income Expense": NaN,
        "Other Non Operating Income Expenses": NaN,
        "Special Income Charges": NaN,
        "Gain On Sale Of Ppe": NaN,
        "Other Special Charges": NaN,
        "Impairment Of Capital Assets": 0.0,
        "Gain On Sale Of Security": NaN,
        "Net Non Operating Interest Income Expense": NaN,
        "Total Other Finance Cost": NaN,
        "Interest Expense Non Operating": NaN,
        "Operating Income": NaN,
        "Operating Expense": NaN,
        "Other Operating Expenses": NaN,
        "Other Taxes": 150323.0,
        "Depreciation Amortization Depletion Income Statement": NaN,
        "Depreciation And Amortization In Income Statement": NaN,
        "Amortization": NaN,
        "Amortization Of Intangibles Income Statement": NaN,
        "Depreciation Income Statement": NaN,
        "Research And Development": NaN,
        "Selling General And Administration": NaN,
        "Selling And Marketing Expense": NaN,
        "General And Administrative Expense": NaN,
        "Other Gand A": NaN,
        "Rent And Landing Fees": NaN,
        "Salaries And Wages": NaN,
        "Gross Profit": 0.0,
        "Cost Of Revenue": 0.0,
        "Total Revenue": NaN,
        "Operating Revenue": NaN
    },
    "2022-12-31": {
        "Tax Effect Of Unusual Items": NaN,
        "Tax Rate For Calcs": NaN,
        "Normalized EBITDA": NaN,
        "Total Unusual Items": NaN,
        "Total Unusual Items Excluding Goodwill": NaN,
        "Net Income From Continuing Operation Net Minority Interest": NaN,
        "Reconciled Depreciation": NaN,
        "Reconciled Cost Of Revenue": NaN,
        "EBITDA": NaN,
        "EBIT": NaN,
        "Net Interest Income": NaN,
        "Interest Expense": NaN,
        "Normalized Income": NaN,
        "Net Income From Continuing And Discontinued Operation": NaN,
        "Total Expenses": NaN,
        "Rent Expense Supplemental": NaN,
        "Total Operating Income As Reported": NaN,
        "Diluted Average Shares": NaN,
        "Basic Average Shares": NaN,
        "Diluted EPS": NaN,
        "Basic EPS": NaN,
        "Diluted NI Availto Com Stockholders": NaN,
        "Net Income Common Stockholders": NaN,
        "Otherunder Preferred Stock Dividend": NaN,
        "Preferred Stock Dividends": NaN,
        "Net Income": NaN,
        "Minority Interests": NaN,
        "Net Income Including Noncontrolling Interests": NaN,
        "Net Income Continuous Operations": NaN,
        "Tax Provision": NaN,
        "Pretax Income": NaN,
        "Other Income Expense": NaN,
        "Other Non Operating Income Expenses": NaN,
        "Special Income Charges": NaN,
        "Gain On Sale Of Ppe": NaN,
        "Other Special Charges": NaN,
        "Impairment Of Capital Assets": NaN,
        "Gain On Sale Of Security": NaN,
        "Net Non Operating Interest Income Expense": NaN,
        "Total Other Finance Cost": 255960025.0,
        "Interest Expense Non Operating": NaN,
        "Operating Income": NaN,
        "Operating Expense": NaN,
        "Other Operating Expenses": NaN,
        "Other Taxes": 102358.0,
        "Depreciation Amortization Depletion Income Statement": NaN,
        "Depreciation And Amortization In Income Statement": NaN,
        "Amortization": NaN,
        "Amortization Of Intangibles Income Statement": NaN,
        "Depreciation Income Statement": NaN,
        "Research And Development": NaN,
        "Selling General And Administration": NaN,
        "Selling And Marketing Expense": NaN,
        "General And Administrative Expense": NaN,
        "Other Gand A": NaN,
        "Rent And Landing Fees": NaN,
        "Salaries And Wages": NaN,
        "Gross Profit": NaN,
        "Cost Of Revenue": NaN,
        "Total Revenue": NaN,
        "Operating Revenue": NaN
    },
    "2022-09-30": {
        "Tax Effect Of Unusual Items": NaN,
        "Tax Rate For Calcs": NaN,
        "Normalized EBITDA": NaN,
        "Total Unusual Items": NaN,
        "Total Unusual Items Excluding Goodwill": NaN,
        "Net Income From Continuing Operation Net Minority Interest": NaN,
        "Reconciled Depreciation": NaN,
        "Reconciled Cost Of Revenue": NaN,
        "EBITDA": NaN,
        "EBIT": NaN,
        "Net Interest Income": NaN,
        "Interest Expense": NaN,
        "Normalized Income": NaN,
        "Net Income From Continuing And Discontinued Operation": NaN,
        "Total Expenses": NaN,
        "Rent Expense Supplemental": NaN,
        "Total Operating Income As Reported": NaN,
        "Diluted Average Shares": NaN,
        "Basic Average Shares": NaN,
        "Diluted EPS": NaN,
        "Basic EPS": NaN,
        "Diluted NI Availto Com Stockholders": NaN,
        "Net Income Common Stockholders": NaN,
        "Preferred Stock Dividends": NaN,
        "Net Income": NaN,
        "Minority Interests": NaN,
        "Net Income Including Noncontrolling Interests": NaN,
        "Net Income Continuous Operations": NaN,
        "Tax Provision": NaN,
        "Pretax Income": NaN,
        "Other Income Expense": NaN,
        "Other Non Operating Income Expenses": NaN,
        "Special Income Charges": NaN,
        "Gain On Sale Of Ppe": NaN,
        "Other Special Charges": NaN,
        "Impairment Of Capital Assets": NaN,
        "Gain On Sale Of Security": NaN,
        "Net Non Operating Interest Income Expense": NaN,
        "Total Other Finance Cost": NaN,
        "Interest Expense Non Operating": NaN,
        "Operating Income": NaN,
        "Operating Expense": NaN,
        "Other Operating Expenses": NaN,
        "Other Taxes": -310780.0,
        "Depreciation Amortization Depletion Income Statement": NaN,
        "Depreciation And Amortization In Income Statement": NaN,
        "Amortization": NaN,
        "Amortization Of Intangibles Income Statement": NaN,
        "Depreciation Income Statement": NaN,
        "Research And Development": NaN,
        "Selling General And Administration": NaN,
        "Selling And Marketing Expense": NaN,
        "General And Administrative Expense": NaN,
        "Other Gand A": NaN,
        "Rent And Landing Fees": NaN,
        "Salaries And Wages": NaN,
        "Gross Profit": NaN,
        "Cost Of Revenue": NaN,
        "Total Revenue": NaN,
        "Operating Revenue": NaN
    },
    "2022-06-30": {
        "Tax Effect Of Unusual Items": 0.0,
        "Tax Rate For Calcs": 0.0,
        "Normalized EBITDA": -53144254.0,
        "Total Unusual Items": -670181.0,
        "Total Unusual Items Excluding Goodwill": -670181.0,
        "Net Income From Continuing Operation Net Minority Interest": -59471560.0,
        "Reconciled Depreciation": 310359.0,
        "Reconciled Cost Of Revenue": NaN,
        "EBITDA": -53814435.0,
        "EBIT": -54124794.0,
        "Net Interest Income": -5346766.0,
        "Interest Expense": 5346766.0,
        "Normalized Income": -58801379.0,
        "Net Income From Continuing And Discontinued Operation": -59471560.0,
        "Total Expenses": 18051558.0,
        "Rent Expense Supplemental": 474032.0,
        "Total Operating Income As Reported": -18221165.0,
        "Diluted Average Shares": 4651686.0,
        "Basic Average Shares": 4651686.0,
        "Diluted EPS": -1.5336,
        "Basic EPS": -1.5336,
        "Diluted NI Availto Com Stockholders": -59471560.0,
        "Net Income Common Stockholders": -59471560.0,
        "Preferred Stock Dividends": NaN,
        "Net Income": -59471560.0,
        "Minority Interests": NaN,
        "Net Income Including Noncontrolling Interests": -59471560.0,
        "Net Income Continuous Operations": -59471560.0,
        "Tax Provision": NaN,
        "Pretax Income": -59471560.0,
        "Other Income Expense": -36073236.0,
        "Other Non Operating Income Expenses": -35403055.0,
        "Special Income Charges": -3715181.0,
        "Gain On Sale Of Ppe": -50574.0,
        "Other Special Charges": 3664607.0,
        "Gain On Sale Of Security": 3045000.0,
        "Net Non Operating Interest Income Expense": -5346766.0,
        "Total Other Finance Cost": NaN,
        "Interest Expense Non Operating": 5346766.0,
        "Operating Income": -18051558.0,
        "Operating Expense": 18051558.0,
        "Other Operating Expenses": 167173.0,
        "Other Taxes": 8805.0,
        "Depreciation Amortization Depletion Income Statement": 308297.0,
        "Depreciation And Amortization In Income Statement": 308297.0,
        "Amortization": NaN,
        "Amortization Of Intangibles Income Statement": NaN,
        "Depreciation Income Statement": NaN,
        "Research And Development": 7324365.0,
        "Selling General And Administration": 10242918.0,
        "Selling And Marketing Expense": 644423.0,
        "General And Administrative Expense": 9598495.0,
        "Other Gand A": 5306894.0,
        "Rent And Landing Fees": 474032.0,
        "Salaries And Wages": 3817569.0,
        "Gross Profit": NaN,
        "Cost Of Revenue": NaN,
        "Total Revenue": 0.0,
        "Operating Revenue": 0.0
    },
    "2022-03-31": {
        "Diluted EPS": -173.83,
        "Total Revenue": NaN,
        "Gross Profit": NaN,
        "Operating Income": -30,
        "EBIT": -30,
        "Net Income": -357
    },
    "2021-12-31": {
        "Diluted EPS": -223.25,
        "Total Revenue": NaN,
        "Gross Profit": NaN,
        "Operating Income": -14,
        "EBIT": 5,
        "Net Income": -156
    },
    "2021-09-30": {
        "Diluted EPS": -71.75,
        "Total Revenue": NaN,
        "Gross Profit": NaN,
        "Operating Income": -7,
        "EBIT": -4,
        "Net Income": -15
    },
    "2021-06-30": {
        "Diluted EPS": -72.5,
        "Total Revenue": NaN,
        "Gross Profit": NaN,
        "Operating Income": -6,
        "EBIT": -3,
        "Net Income": -15
    },
    "2021-03-31": {
        "Diluted EPS": -45.25,
        "Total Revenue": NaN,
        "Gross Profit": NaN,
        "Operating Income": -5,
        "EBIT": -4,
        "Net Income": -9
    },
    "2020-12-31": {
        "Diluted EPS": 0.0,
        "Total Revenue": NaN,
        "Gross Profit": NaN,
        "Operating Income": NaN,
        "EBIT": NaN,
        "Net Income": NaN
    },
    "2020-09-30": {
        "Diluted EPS": -13.0,
        "Total Revenue": 17,
        "Gross Profit": 2,
        "Operating Income": 17,
        "EBIT": 17,
        "Net Income": -2
    },
    "2020-06-30": {
        "Diluted EPS": -2.0,
        "Total Revenue": 14,
        "Gross Profit": 2,
        "Operating Income": 0,
        "EBIT": 1,
        "Net Income": 0
    },
    "2020-03-31": {
        "Diluted EPS": -8.25,
        "Total Revenue": 16,
        "Gross Profit": 3,
        "Operating Income": -1,
        "EBIT": -1,
        "Net Income": -1
    },
    "2019-12-31": {
        "Diluted EPS": 0.0,
        "Total Revenue": NaN,
        "Gross Profit": NaN,
        "Operating Income": NaN,
        "EBIT": NaN,
        "Net Income": NaN
    },
    "2019-09-30": {
        "Diluted EPS": -6.0,
        "Total Revenue": 17,
        "Gross Profit": 3,
        "Operating Income": 17,
        "EBIT": 18,
        "Net Income": -1
    },
    "2019-06-30": {
        "Diluted EPS": -9.25,
        "Total Revenue": 16,
        "Gross Profit": 3,
        "Operating Income": -3,
        "EBIT": -2,
        "Net Income": -2
    },
    "2019-03-31": {
        "Diluted EPS": -7.25,
        "Total Revenue": 15,
        "Gross Profit": 3,
        "Operating Income": -1,
        "EBIT": -1,
        "Net Income": -1
    },
    "2018-12-31": {
        "Diluted EPS": 0.0,
        "Total Revenue": NaN,
        "Gross Profit": NaN,
        "Operating Income": NaN,
        "EBIT": NaN,
        "Net Income": NaN
    },
    "2018-09-30": {
        "Diluted EPS": -5.75,
        "Total Revenue": 17,
        "Gross Profit": 3,
        "Operating Income": 17,
        "EBIT": 18,
        "Net Income": -1
    },
    "2018-06-30": {
        "Diluted EPS": -5.75,
        "Total Revenue": 16,
        "Gross Profit": 3,
        "Operating Income": -1,
        "EBIT": -1,
        "Net Income": -1
    },
    "2018-03-31": {
        "Diluted EPS": -10.5,
        "Total Revenue": 16,
        "Gross Profit": 2,
        "Operating Income": -1,
        "EBIT": -1,
        "Net Income": -2
    },
    "2017-12-31": {
        "Diluted EPS": 0.0,
        "Total Revenue": NaN,
        "Gross Profit": NaN,
        "Operating Income": NaN,
        "EBIT": NaN,
        "Net Income": NaN
    },
    "2017-09-30": {
        "Diluted EPS": -22.5,
        "Total Revenue": 15,
        "Gross Profit": 2,
        "Operating Income": 15,
        "EBIT": 16,
        "Net Income": -2
    },
    "2017-06-30": {
        "Diluted EPS": -23.25,
        "Total Revenue": 16,
        "Gross Profit": 3,
        "Operating Income": -1,
        "EBIT": -1,
        "Net Income": -2
    },
    "2017-03-31": {
        "Diluted EPS": -37.75,
        "Total Revenue": 14,
        "Gross Profit": 2,
        "Operating Income": -2,
        "EBIT": -2,
        "Net Income": -2
    },
    "2016-12-31": {
        "Diluted EPS": 0.0,
        "Total Revenue": NaN,
        "Gross Profit": NaN,
        "Operating Income": NaN,
        "EBIT": NaN,
        "Net Income": NaN
    },
    "2016-09-30": {
        "Diluted EPS": -61.75,
        "Total Revenue": 14,
        "Gross Profit": 2,
        "Operating Income": 14,
        "EBIT": 15,
        "Net Income": -3
    },
    "2016-06-30": {
        "Diluted EPS": -114.75,
        "Total Revenue": 14,
        "Gross Profit": 2,
        "Operating Income": -3,
        "EBIT": -2,
        "Net Income": -5
    },
    "2016-03-31": {
        "Diluted EPS": -41.0,
        "Total Revenue": 11,
        "Gross Profit": 2,
        "Operating Income": -2,
        "EBIT": -2,
        "Net Income": -2
    },
    "2015-12-31": {
        "Diluted EPS": 0.0,
        "Total Revenue": NaN,
        "Gross Profit": NaN,
        "Operating Income": NaN,
        "EBIT": NaN,
        "Net Income": NaN
    },
    "2015-09-30": {
        "Diluted EPS": -187.5,
        "Total Revenue": 13,
        "Gross Profit": 2,
        "Operating Income": 13,
        "EBIT": 15,
        "Net Income": -5
    },
    "2015-06-30": {
        "Diluted EPS": -115.0,
        "Total Revenue": 7,
        "Gross Profit": 1,
        "Operating Income": -3,
        "EBIT": -1,
        "Net Income": -2
    },
    "2015-03-31": {
        "Diluted EPS": -122.5,
        "Total Revenue": 6,
        "Gross Profit": 1,
        "Operating Income": -2,
        "EBIT": -2,
        "Net Income": -2
    },
    "2014-12-31": {
        "Diluted EPS": 0.0,
        "Total Revenue": NaN,
        "Gross Profit": NaN,
        "Operating Income": NaN,
        "EBIT": NaN,
        "Net Income": NaN
    },
    "2014-09-30": {
        "Diluted EPS": -325.0,
        "Total Revenue": 6,
        "Gross Profit": 1,
        "Operating Income": 6,
        "EBIT": 7,
        "Net Income": -5
    },
    "2014-06-30": {
        "Diluted EPS": 100.0,
        "Total Revenue": 5,
        "Gross Profit": 2,
        "Operating Income": 0,
        "EBIT": 2,
        "Net Income": 1
    },
    "2014-03-31": {
        "Diluted EPS": -275.0,
        "Total Revenue": 5,
        "Gross Profit": 1,
        "Operating Income": -3,
        "EBIT": -3,
        "Net Income": -4
    },
    "2013-12-31": {
        "Diluted EPS": 0.0,
        "Total Revenue": NaN,
        "Gross Profit": NaN,
        "Operating Income": NaN,
        "EBIT": NaN,
        "Net Income": NaN
    },
    "2013-09-30": {
        "Diluted EPS": -325.0,
        "Total Revenue": 7,
        "Gross Profit": 2,
        "Operating Income": 7,
        "EBIT": 7,
        "Net Income": -4
    },
    "2013-06-30": {
        "Diluted EPS": NaN,
        "Total Revenue": 6,
        "Gross Profit": 1,
        "Operating Income": -20,
        "EBIT": -19,
        "Net Income": -20
    },
    "2013-03-31": {
        "Diluted EPS": -275.0,
        "Total Revenue": 1,
        "Gross Profit": 1,
        "Operating Income": -3,
        "EBIT": -3,
        "Net Income": -3
    },
    "2012-12-31": {
        "Diluted EPS": 0.0,
        "Total Revenue": NaN,
        "Gross Profit": NaN,
        "Operating Income": NaN,
        "EBIT": NaN,
        "Net Income": NaN
    },
    "2012-09-30": {
        "Diluted EPS": -225.0,
        "Total Revenue": 0,
        "Gross Profit": 0,
        "Operating Income": -2,
        "EBIT": -2,
        "Net Income": -2
    },
    "2012-06-30": {
        "Diluted EPS": -325.0,
        "Total Revenue": 0,
        "Gross Profit": 0,
        "Operating Income": -3,
        "EBIT": -3,
        "Net Income": -3
    },
    "2012-03-31": {
        "Diluted EPS": -600.0,
        "Total Revenue": 0,
        "Gross Profit": 0,
        "Operating Income": -4,
        "EBIT": -4,
        "Net Income": -5
    },
    "2011-12-31": {
        "Diluted EPS": 0.0,
        "Total Revenue": 0,
        "Gross Profit": 0,
        "Operating Income": -25,
        "EBIT": -25,
        "Net Income": -25
    },
    "2011-09-30": {
        "Diluted EPS": -50.0,
        "Total Revenue": NaN,
        "Gross Profit": NaN,
        "Operating Income": 0,
        "EBIT": NaN,
        "Net Income": 0
    },
    "2011-06-30": {
        "Diluted EPS": 0.0,
        "Total Revenue": NaN,
        "Gross Profit": NaN,
        "Operating Income": 0,
        "EBIT": 0,
        "Net Income": 0
    },
    "2011-03-31": {
        "Diluted EPS": -50.0,
        "Total Revenue": NaN,
        "Gross Profit": NaN,
        "Operating Income": 0,
        "EBIT": 0,
        "Net Income": 0
    },
    "2010-12-31": {
        "Diluted EPS": 0.0,
        "Total Revenue": NaN,
        "Gross Profit": NaN,
        "Operating Income": NaN,
        "EBIT": NaN,
        "Net Income": NaN
    },
    "2023-06-30": {
        "Tax Effect Of Unusual Items": NaN,
        "Tax Rate For Calcs": NaN,
        "Normalized EBITDA": NaN,
        "Total Unusual Items": NaN,
        "Total Unusual Items Excluding Goodwill": NaN,
        "Net Income From Continuing Operation Net Minority Interest": NaN,
        "Reconciled Depreciation": NaN,
        "Reconciled Cost Of Revenue": 374768.0,
        "EBITDA": NaN,
        "EBIT": NaN,
        "Net Interest Income": NaN,
        "Interest Expense": NaN,
        "Normalized Income": NaN,
        "Net Income From Continuing And Discontinued Operation": NaN,
        "Total Expenses": NaN,
        "Rent Expense Supplemental": 273234.0,
        "Total Operating Income As Reported": NaN,
        "Diluted Average Shares": 2772.0,
        "Basic Average Shares": 2772.0,
        "Diluted EPS": -111425.454185,
        "Basic EPS": -111423.0,
        "Diluted NI Availto Com Stockholders": NaN,
        "Net Income Common Stockholders": NaN,
        "Otherunder Preferred Stock Dividend": 0.0,
        "Preferred Stock Dividends": NaN,
        "Net Income": NaN,
        "Minority Interests": NaN,
        "Net Income Including Noncontrolling Interests": NaN,
        "Net Income Continuous Operations": NaN,
        "Tax Provision": NaN,
        "Pretax Income": NaN,
        "Other Income Expense": NaN,
        "Other Non Operating Income Expenses": NaN,
        "Special Income Charges": NaN,
        "Gain On Sale Of Ppe": NaN,
        "Other Special Charges": NaN,
        "Impairment Of Capital Assets": 0.0,
        "Gain On Sale Of Security": NaN,
        "Net Non Operating Interest Income Expense": NaN,
        "Total Other Finance Cost": 8934892.0,
        "Interest Expense Non Operating": NaN,
        "Operating Income": NaN,
        "Operating Expense": NaN,
        "Other Operating Expenses": 302623.0,
        "Other Taxes": 120500.0,
        "Depreciation Amortization Depletion Income Statement": 2593656.0,
        "Depreciation And Amortization In Income Statement": 2593656.0,
        "Amortization": 913061.0,
        "Amortization Of Intangibles Income Statement": 913061.0,
        "Depreciation Income Statement": 1680595.0,
        "Research And Development": NaN,
        "Selling General And Administration": NaN,
        "Selling And Marketing Expense": 985763.0,
        "General And Administrative Expense": NaN,
        "Other Gand A": NaN,
        "Rent And Landing Fees": 273234.0,
        "Salaries And Wages": 16347817.0,
        "Gross Profit": 59331.0,
        "Cost Of Revenue": 248669.0,
        "Total Revenue": NaN,
        "Operating Revenue": NaN
    },
    "2023-09-30": {
        "Tax Effect Of Unusual Items": -6089280.085041,
        "Tax Rate For Calcs": 0.04977,
        "Normalized EBITDA": -83005801.0,
        "Total Unusual Items": -122349468.0,
        "Total Unusual Items Excluding Goodwill": -122349468.0,
        "Net Income From Continuing Operation Net Minority Interest": -172207243.0,
        "Reconciled Depreciation": 5397060.0,
        "Reconciled Cost Of Revenue": 25213.0,
        "EBITDA": -205355269.0,
        "EBIT": -210752329.0,
        "Net Interest Income": 9355937.0,
        "Interest Expense": -421045.0,
        "Normalized Income": -55947055.085041,
        "Net Income From Continuing And Discontinued Operation": -172207243.0,
        "Total Expenses": 97883529.0,
        "Rent Expense Supplemental": -519178.0,
        "Total Operating Income As Reported": -182456529.0,
        "Diluted Average Shares": NaN,
        "Basic Average Shares": NaN,
        "Diluted EPS": NaN,
        "Basic EPS": NaN,
        "Diluted NI Availto Com Stockholders": -172234657.0,
        "Net Income Common Stockholders": -172234657.0,
        "Otherunder Preferred Stock Dividend": NaN,
        "Preferred Stock Dividends": 27414.0,
        "Net Income": -172207243.0,
        "Minority Interests": 27655944.0,
        "Net Income Including Noncontrolling Interests": -199863187.0,
        "Net Income Continuous Operations": -199863187.0,
        "Tax Provision": -10468097.0,
        "Pretax Income": -210331284.0,
        "Other Income Expense": -121861692.0,
        "Other Non Operating Income Expenses": 487776.0,
        "Special Income Charges": -84756000.0,
        "Gain On Sale Of Ppe": 0.0,
        "Other Special Charges": 125000.0,
        "Impairment Of Capital Assets": NaN,
        "Gain On Sale Of Security": -37593468.0,
        "Net Non Operating Interest Income Expense": 9355937.0,
        "Total Other Finance Cost": NaN,
        "Interest Expense Non Operating": -421045.0,
        "Operating Income": -97825529.0,
        "Operating Expense": 97858316.0,
        "Other Operating Expenses": 443346.0,
        "Other Taxes": 69898.0,
        "Depreciation Amortization Depletion Income Statement": 4904400.0,
        "Depreciation And Amortization In Income Statement": 4904400.0,
        "Amortization": 2169253.0,
        "Amortization Of Intangibles Income Statement": 2169253.0,
        "Depreciation Income Statement": 2735147.0,
        "Research And Development": 26198345.0,
        "Selling General And Administration": 66242327.0,
        "Selling And Marketing Expense": 3697279.0,
        "General And Administrative Expense": 62545048.0,
        "Other Gand A": 19480426.0,
        "Rent And Landing Fees": -519178.0,
        "Salaries And Wages": 43583800.0,
        "Gross Profit": 32787.0,
        "Cost Of Revenue": 25213.0,
        "Total Revenue": 58000.0,
        "Operating Revenue": 58000.0
    },
    "2023-12-31": {
        "Tax Effect Of Unusual Items": -173438.837567,
        "Tax Rate For Calcs": 0.026267,
        "Normalized EBITDA": -54514643.0,
        "Total Unusual Items": -6602991.0,
        "Total Unusual Items Excluding Goodwill": -6602991.0,
        "Net Income From Continuing Operation Net Minority Interest": -61394898.0,
        "Reconciled Depreciation": 4343960.0,
        "Reconciled Cost Of Revenue": NaN,
        "EBITDA": -61117634.0,
        "EBIT": -65461594.0,
        "Net Interest Income": -258023.0,
        "Interest Expense": 258023.0,
        "Normalized Income": -54965345.837567,
        "Net Income From Continuing And Discontinued Operation": -61394898.0,
        "Total Expenses": 59404019.0,
        "Rent Expense Supplemental": 198485.0,
        "Total Operating Income As Reported": -59404019.0,
        "Diluted Average Shares": 40077.0,
        "Basic Average Shares": 40077.0,
        "Diluted EPS": -1532.455049,
        "Basic EPS": -1532.0,
        "Diluted NI Availto Com Stockholders": -61416201.0,
        "Net Income Common Stockholders": -61416201.0,
        "Otherunder Preferred Stock Dividend": NaN,
        "Preferred Stock Dividends": 21303.0,
        "Net Income": -61394898.0,
        "Minority Interests": 2598481.0,
        "Net Income Including Noncontrolling Interests": -63993379.0,
        "Net Income Continuous Operations": -63993379.0,
        "Tax Provision": -1726238.0,
        "Pretax Income": -65719617.0,
        "Other Income Expense": -6057575.0,
        "Other Non Operating Income Expenses": 545416.0,
        "Special Income Charges": 125990.0,
        "Gain On Sale Of Ppe": 75990.0,
        "Other Special Charges": -50000.0,
        "Impairment Of Capital Assets": NaN,
        "Gain On Sale Of Security": -6728981.0,
        "Net Non Operating Interest Income Expense": -258023.0,
        "Total Other Finance Cost": NaN,
        "Interest Expense Non Operating": 258023.0,
        "Operating Income": -59404019.0,
        "Operating Expense": 59404019.0,
        "Other Operating Expenses": 823234.0,
        "Other Taxes": NaN,
        "Depreciation Amortization Depletion Income Statement": 4343960.0,
        "Depreciation And Amortization In Income Statement": 4343960.0,
        "Amortization": 1319877.0,
        "Amortization Of Intangibles Income Statement": 1319877.0,
        "Depreciation Income Statement": 3024083.0,
        "Research And Development": 16169967.0,
        "Selling General And Administration": 38066858.0,
        "Selling And Marketing Expense": 6341015.0,
        "General And Administrative Expense": 31725843.0,
        "Other Gand A": 22135664.0,
        "Rent And Landing Fees": 198485.0,
        "Salaries And Wages": 9391694.0,
        "Gross Profit": NaN,
        "Cost Of Revenue": NaN,
        "Total Revenue": 0.0,
        "Operating Revenue": 0.0
    },
    "2024-03-31": {
        "Tax Effect Of Unusual Items": -1275800.358351,
        "Tax Rate For Calcs": 0.012477,
        "Normalized EBITDA": -61047141.0,
        "Total Unusual Items": -102253979.0,
        "Total Unusual Items Excluding Goodwill": -102253979.0,
        "Net Income From Continuing Operation Net Minority Interest": -132431960.0,
        "Reconciled Depreciation": 9966490.0,
        "Reconciled Cost Of Revenue": 13440.0,
        "EBITDA": -163301120.0,
        "EBIT": -173267610.0,
        "Net Interest Income": -259700.0,
        "Interest Expense": 259700.0,
        "Normalized Income": -31453781.358351,
        "Net Income From Continuing And Discontinued Operation": -132431960.0,
        "Total Expenses": 71940658.0,
        "Rent Expense Supplemental": 774141.0,
        "Total Operating Income As Reported": -177368830.0,
        "Diluted Average Shares": 68294.0,
        "Basic Average Shares": 68294.0,
        "Diluted EPS": -1939.0,
        "Basic EPS": -1939.0,
        "Diluted NI Availto Com Stockholders": -132454003.0,
        "Net Income Common Stockholders": -132454003.0,
        "Otherunder Preferred Stock Dividend": NaN,
        "Preferred Stock Dividends": 22043.0,
        "Net Income": -132431960.0,
        "Minority Interests": 38930288.0,
        "Net Income Including Noncontrolling Interests": -171362248.0,
        "Net Income Continuous Operations": -171362248.0,
        "Tax Provision": -2165062.0,
        "Pretax Income": -173527310.0,
        "Other Income Expense": -101360287.0,
        "Other Non Operating Income Expenses": 893692.0,
        "Special Income Charges": -105876737.0,
        "Gain On Sale Of Ppe": -449855.0,
        "Other Special Charges": -34625.0,
        "Impairment Of Capital Assets": 105461507.0,
        "Gain On Sale Of Security": 3622758.0,
        "Net Non Operating Interest Income Expense": -259700.0,
        "Total Other Finance Cost": NaN,
        "Interest Expense Non Operating": 259700.0,
        "Operating Income": -71907323.0,
        "Operating Expense": 71927218.0,
        "Other Operating Expenses": 545726.0,
        "Other Taxes": NaN,
        "Depreciation Amortization Depletion Income Statement": 9369143.0,
        "Depreciation And Amortization In Income Statement": 9369143.0,
        "Amortization": 1310278.0,
        "Amortization Of Intangibles Income Statement": 1310278.0,
        "Depreciation Income Statement": 8058865.0,
        "Research And Development": 24023526.0,
        "Selling General And Administration": 37988823.0,
        "Selling And Marketing Expense": 7295407.0,
        "General And Administrative Expense": 30693416.0,
        "Other Gand A": 27097372.0,
        "Rent And Landing Fees": 774141.0,
        "Salaries And Wages": 2821903.0,
        "Gross Profit": 19895.0,
        "Cost Of Revenue": 13440.0,
        "Total Revenue": 33335.0,
        "Operating Revenue": 33335.0
    },
    "2024-06-30": {
        "Tax Effect Of Unusual Items": -3451932.33,
        "Tax Rate For Calcs": 0.21,
        "Normalized EBITDA": -63454205.0,
        "Total Unusual Items": -16437773.0,
        "Total Unusual Items Excluding Goodwill": -16437773.0,
        "Net Income From Continuing Operation Net Minority Interest": -87360817.0,
        "Reconciled Depreciation": 3457633.0,
        "Reconciled Cost Of Revenue": 36008.0,
        "EBITDA": -79891978.0,
        "EBIT": -83349611.0,
        "Net Interest Income": -14277802.0,
        "Interest Expense": 8277802.0,
        "Normalized Income": -74374976.33,
        "Net Income From Continuing And Discontinued Operation": -87360817.0,
        "Total Expenses": 61806129.0,
        "Rent Expense Supplemental": 382290.0,
        "Total Operating Income As Reported": -61770954.0,
        "Diluted Average Shares": 121348.0,
        "Basic Average Shares": 121348.0,
        "Diluted EPS": -791.013548,
        "Basic EPS": -791.0,
        "Diluted NI Availto Com Stockholders": -95987912.0,
        "Net Income Common Stockholders": -95987912.0,
        "Otherunder Preferred Stock Dividend": 8604029.0,
        "Preferred Stock Dividends": 23066.0,
        "Net Income": -87360817.0,
        "Minority Interests": 4267796.0,
        "Net Income Including Noncontrolling Interests": -91628613.0,
        "Net Income Continuous Operations": -91628613.0,
        "Tax Provision": 1200.0,
        "Pretax Income": -91627413.0,
        "Other Income Expense": -15608717.0,
        "Other Non Operating Income Expenses": 829056.0,
        "Special Income Charges": -824379.0,
        "Gain On Sale Of Ppe": -103973.0,
        "Other Special Charges": 690346.0,
        "Impairment Of Capital Assets": 30060.0,
        "Gain On Sale Of Security": -15613394.0,
        "Net Non Operating Interest Income Expense": -14277802.0,
        "Total Other Finance Cost": 6000000.0,
        "Interest Expense Non Operating": 8277802.0,
        "Operating Income": -61740894.0,
        "Operating Expense": 61770121.0,
        "Other Operating Expenses": 405975.0,
        "Other Taxes": NaN,
        "Depreciation Amortization Depletion Income Statement": 3108675.0,
        "Depreciation And Amortization In Income Statement": 3108675.0,
        "Amortization": 873476.0,
        "Amortization Of Intangibles Income Statement": 873476.0,
        "Depreciation Income Statement": 2235199.0,
        "Research And Development": 14292744.0,
        "Selling General And Administration": 43962727.0,
        "Selling And Marketing Expense": 2552524.0,
        "General And Administrative Expense": 41410203.0,
        "Other Gand A": 25172051.0,
        "Rent And Landing Fees": 382290.0,
        "Salaries And Wages": 15855862.0,
        "Gross Profit": 29227.0,
        "Cost Of Revenue": 36008.0,
        "Total Revenue": 65235.0,
        "Operating Revenue": 65235.0
    },
    "2024-09-30": {
        "Tax Effect Of Unusual Items": -12351200.82,
        "Tax Rate For Calcs": 0.21,
        "Normalized EBITDA": -75227840.0,
        "Total Unusual Items": -58815242.0,
        "Total Unusual Items Excluding Goodwill": -58815242.0,
        "Net Income From Continuing Operation Net Minority Interest": -175871226.0,
        "Reconciled Depreciation": 4216229.0,
        "Reconciled Cost Of Revenue": 16844652.0,
        "EBITDA": -134043082.0,
        "EBIT": -138259311.0,
        "Net Interest Income": -40581600.0,
        "Interest Expense": 40581600.0,
        "Normalized Income": -129407184.82,
        "Net Income From Continuing And Discontinued Operation": -175871226.0,
        "Total Expenses": 80580235.0,
        "Rent Expense Supplemental": NaN,
        "Total Operating Income As Reported": -93282646.0,
        "Diluted Average Shares": NaN,
        "Basic Average Shares": NaN,
        "Diluted EPS": NaN,
        "Basic EPS": NaN,
        "Diluted NI Availto Com Stockholders": -181103628.0,
        "Net Income Common Stockholders": -181103628.0,
        "Otherunder Preferred Stock Dividend": NaN,
        "Preferred Stock Dividends": 13836431.0,
        "Net Income": -175871226.0,
        "Minority Interests": 2971085.0,
        "Net Income Including Noncontrolling Interests": -178842311.0,
        "Net Income Continuous Operations": -178842311.0,
        "Tax Provision": 1400.0,
        "Pretax Income": -178840911.0,
        "Other Income Expense": -58674828.0,
        "Other Non Operating Income Expenses": 140414.0,
        "Special Income Charges": -13732163.0,
        "Gain On Sale Of Ppe": -34000.0,
        "Other Special Charges": 0.0,
        "Impairment Of Capital Assets": 13698163.0,
        "Gain On Sale Of Security": -45083079.0,
        "Net Non Operating Interest Income Expense": -40581600.0,
        "Total Other Finance Cost": 0.0,
        "Interest Expense Non Operating": 40581600.0,
        "Operating Income": -79584483.0,
        "Operating Expense": 63735583.0,
        "Other Operating Expenses": NaN,
        "Other Taxes": NaN,
        "Depreciation Amortization Depletion Income Statement": NaN,
        "Depreciation And Amortization In Income Statement": NaN,
        "Amortization": NaN,
        "Amortization Of Intangibles Income Statement": NaN,
        "Depreciation Income Statement": NaN,
        "Research And Development": 20403163.0,
        "Selling General And Administration": 61929133.0,
        "Selling And Marketing Expense": NaN,
        "General And Administrative Expense": 78118079.0,
        "Other Gand A": 107542454.0,
        "Rent And Landing Fees": NaN,
        "Salaries And Wages": NaN,
        "Gross Profit": -15848900.0,
        "Cost Of Revenue": 16844652.0,
        "Total Revenue": 995752.0,
        "Operating Revenue": 995752.0
    }
}