{
    "2023-03-31": {
        "Tax Effect Of Unusual Items": 682400.0,
        "Tax Rate For Calcs": 0.4,
        "Normalized EBITDA": -20626000.0,
        "Total Unusual Items": 1706000.0,
        "Total Unusual Items Excluding Goodwill": 1706000.0,
        "Net Income From Continuing Operation Net Minority Interest": -19027000.0,
        "Reconciled Depreciation": 2271000.0,
        "Reconciled Cost Of Revenue": 544000.0,
        "EBITDA": -18920000.0,
        "EBIT": -21191000.0,
        "Normalized Income": -20050600.0,
        "Net Income From Continuing And Discontinued Operation": -19027000.0,
        "Total Expenses": 21973000.0,
        "Total Operating Income As Reported": -21191000.0,
        "Diluted Average Shares": 174703000.0,
        "Basic Average Shares": 174703000.0,
        "Diluted EPS": -0.11,
        "Basic EPS": -0.11,
        "Diluted NI Availto Com Stockholders": -19027000.0,
        "Net Income Common Stockholders": -19027000.0,
        "Net Income": -19027000.0,
        "Net Income Including Noncontrolling Interests": -19027000.0,
        "Net Income Continuous Operations": -19027000.0,
        "Tax Provision": 181000.0,
        "Pretax Income": -18846000.0,
        "Other Income Expense": 2345000.0,
        "Other Non Operating Income Expenses": 639000.0,
        "Special Income Charges": 1706000.0,
        "Gain On Sale Of Ppe": NaN,
        "Restructuring And Mergern Acquisition": -1706000.0,
        "Gain On Sale Of Security": 1706000.0,
        "Operating Income": -21191000.0,
        "Operating Expense": 21429000.0,
        "Research And Development": 12692000.0,
        "Selling General And Administration": 8737000.0,
        "Gross Profit": 238000.0,
        "Cost Of Revenue": 544000.0,
        "Total Revenue": 782000.0,
        "Operating Revenue": 782000.0
    },
    "2022-12-31": {
        "Tax Effect Of Unusual Items": 0.0,
        "Tax Rate For Calcs": 0.0,
        "Normalized EBITDA": -13995000.0,
        "Total Unusual Items": 0.0,
        "Total Unusual Items Excluding Goodwill": 0.0,
        "Net Income From Continuing Operation Net Minority Interest": -13475000.0,
        "Reconciled Depreciation": 821000.0,
        "Reconciled Cost Of Revenue": 33000.0,
        "EBITDA": -13995000.0,
        "EBIT": -13995000.0,
        "Normalized Income": -13475000.0,
        "Net Income From Continuing And Discontinued Operation": -13475000.0,
        "Total Expenses": 13995000.0,
        "Total Operating Income As Reported": -13995000.0,
        "Diluted Average Shares": 168331000.0,
        "Basic Average Shares": 168331000.0,
        "Diluted EPS": -0.08,
        "Basic EPS": -0.08,
        "Diluted NI Availto Com Stockholders": -13475000.0,
        "Net Income Common Stockholders": -13475000.0,
        "Net Income": -13475000.0,
        "Net Income Including Noncontrolling Interests": -13475000.0,
        "Net Income Continuous Operations": -13475000.0,
        "Tax Provision": NaN,
        "Pretax Income": -13475000.0,
        "Other Income Expense": 520000.0,
        "Other Non Operating Income Expenses": 520000.0,
        "Special Income Charges": 0.0,
        "Gain On Sale Of Ppe": NaN,
        "Restructuring And Mergern Acquisition": NaN,
        "Gain On Sale Of Security": NaN,
        "Operating Income": -13995000.0,
        "Operating Expense": 13962000.0,
        "Research And Development": 7585000.0,
        "Selling General And Administration": 6377000.0,
        "Gross Profit": -33000.0,
        "Cost Of Revenue": 33000.0,
        "Total Revenue": 0.0,
        "Operating Revenue": 0.0
    },
    "2022-09-30": {
        "Tax Effect Of Unusual Items": 0.0,
        "Tax Rate For Calcs": 0.0,
        "Normalized EBITDA": -13102000.0,
        "Total Unusual Items": 0.0,
        "Total Unusual Items Excluding Goodwill": 0.0,
        "Net Income From Continuing Operation Net Minority Interest": -12851000.0,
        "Reconciled Depreciation": 524000.0,
        "Reconciled Cost Of Revenue": 45000.0,
        "EBITDA": -13102000.0,
        "EBIT": -13102000.0,
        "Normalized Income": -12851000.0,
        "Net Income From Continuing And Discontinued Operation": -12851000.0,
        "Total Expenses": 13102000.0,
        "Total Operating Income As Reported": -13102000.0,
        "Diluted Average Shares": 165687000.0,
        "Basic Average Shares": 165687000.0,
        "Diluted EPS": -0.08,
        "Basic EPS": -0.08,
        "Diluted NI Availto Com Stockholders": -12851000.0,
        "Net Income Common Stockholders": -12851000.0,
        "Net Income": -12851000.0,
        "Net Income Including Noncontrolling Interests": -12851000.0,
        "Net Income Continuous Operations": -12851000.0,
        "Tax Provision": NaN,
        "Pretax Income": -12851000.0,
        "Other Income Expense": 251000.0,
        "Other Non Operating Income Expenses": 251000.0,
        "Special Income Charges": 0.0,
        "Gain On Sale Of Ppe": NaN,
        "Restructuring And Mergern Acquisition": NaN,
        "Gain On Sale Of Security": NaN,
        "Operating Income": -13102000.0,
        "Operating Expense": 13057000.0,
        "Research And Development": 7535000.0,
        "Selling General And Administration": 5522000.0,
        "Gross Profit": -45000.0,
        "Cost Of Revenue": 45000.0,
        "Total Revenue": 0.0,
        "Operating Revenue": 0.0
    },
    "2022-06-30": {
        "Tax Effect Of Unusual Items": 0.0,
        "Tax Rate For Calcs": 0.0,
        "Normalized EBITDA": -13251000.0,
        "Total Unusual Items": NaN,
        "Total Unusual Items Excluding Goodwill": NaN,
        "Net Income From Continuing Operation Net Minority Interest": -13597000.0,
        "Reconciled Depreciation": 418000.0,
        "Reconciled Cost Of Revenue": 18000.0,
        "EBITDA": -13251000.0,
        "EBIT": -13669000.0,
        "Normalized Income": -13597000.0,
        "Net Income From Continuing And Discontinued Operation": -13597000.0,
        "Total Expenses": 13983000.0,
        "Total Operating Income As Reported": -13669000.0,
        "Diluted Average Shares": 165238000.0,
        "Basic Average Shares": 165238000.0,
        "Diluted EPS": -0.08,
        "Basic EPS": -0.08,
        "Diluted NI Availto Com Stockholders": -13597000.0,
        "Net Income Common Stockholders": -13597000.0,
        "Net Income": -13597000.0,
        "Net Income Including Noncontrolling Interests": -13597000.0,
        "Net Income Continuous Operations": -13597000.0,
        "Tax Provision": NaN,
        "Pretax Income": -13597000.0,
        "Other Income Expense": 72000.0,
        "Other Non Operating Income Expenses": 72000.0,
        "Special Income Charges": NaN,
        "Gain On Sale Of Ppe": NaN,
        "Restructuring And Mergern Acquisition": NaN,
        "Gain On Sale Of Security": NaN,
        "Operating Income": -13669000.0,
        "Operating Expense": 13965000.0,
        "Research And Development": 7700000.0,
        "Selling General And Administration": 6265000.0,
        "Gross Profit": 296000.0,
        "Cost Of Revenue": 18000.0,
        "Total Revenue": 314000.0,
        "Operating Revenue": 314000.0
    },
    "2022-03-31": {
        "Diluted EPS": -0.08,
        "Total Revenue": 0,
        "Gross Profit": 0,
        "Operating Income": -13,
        "EBIT": -13,
        "Net Income": -13
    },
    "2021-12-31": {
        "Diluted EPS": -0.08,
        "Total Revenue": 1,
        "Gross Profit": 1,
        "Operating Income": -13,
        "EBIT": -12,
        "Net Income": -13
    },
    "2021-09-30": {
        "Diluted EPS": -0.06,
        "Total Revenue": 1,
        "Gross Profit": 1,
        "Operating Income": -10,
        "EBIT": -10,
        "Net Income": -9
    },
    "2021-06-30": {
        "Diluted EPS": -0.09,
        "Total Revenue": 1,
        "Gross Profit": 1,
        "Operating Income": -15,
        "EBIT": -15,
        "Net Income": -15
    },
    "2021-03-31": {
        "Diluted EPS": -0.04,
        "Total Revenue": 0,
        "Gross Profit": 0,
        "Operating Income": -6,
        "EBIT": -6,
        "Net Income": -6
    },
    "2020-12-31": {
        "Diluted EPS": -0.02,
        "Total Revenue": 0,
        "Gross Profit": 0,
        "Operating Income": -4,
        "EBIT": -3,
        "Net Income": -4
    },
    "2020-09-30": {
        "Diluted EPS": -0.02,
        "Total Revenue": 1,
        "Gross Profit": 1,
        "Operating Income": -3,
        "EBIT": -3,
        "Net Income": -3
    },
    "2020-06-30": {
        "Diluted EPS": -0.02,
        "Total Revenue": 1,
        "Gross Profit": 1,
        "Operating Income": -2,
        "EBIT": -2,
        "Net Income": -2
    },
    "2020-03-31": {
        "Diluted EPS": -0.04,
        "Total Revenue": 1,
        "Gross Profit": 0,
        "Operating Income": -5,
        "EBIT": -5,
        "Net Income": -5
    },
    "2019-12-31": {
        "Diluted EPS": -0.03,
        "Total Revenue": 5,
        "Gross Profit": 1,
        "Operating Income": -3,
        "EBIT": -3,
        "Net Income": -3
    },
    "2019-09-30": {
        "Diluted EPS": -0.05,
        "Total Revenue": 1,
        "Gross Profit": -1,
        "Operating Income": -6,
        "EBIT": -6,
        "Net Income": -6
    },
    "2019-06-30": {
        "Diluted EPS": -0.08,
        "Total Revenue": 1,
        "Gross Profit": -1,
        "Operating Income": -9,
        "EBIT": -8,
        "Net Income": -9
    },
    "2019-03-31": {
        "Diluted EPS": -0.08,
        "Total Revenue": 2,
        "Gross Profit": 1,
        "Operating Income": -8,
        "EBIT": -8,
        "Net Income": -8
    },
    "2018-12-31": {
        "Diluted EPS": -0.12,
        "Total Revenue": 2,
        "Gross Profit": -3,
        "Operating Income": -12,
        "EBIT": -11,
        "Net Income": -12
    },
    "2018-09-30": {
        "Diluted EPS": 0.0,
        "Total Revenue": 12,
        "Gross Profit": 9,
        "Operating Income": 0,
        "EBIT": 1,
        "Net Income": 0
    },
    "2018-06-30": {
        "Diluted EPS": -0.1,
        "Total Revenue": 2,
        "Gross Profit": 0,
        "Operating Income": -8,
        "EBIT": -8,
        "Net Income": -8
    },
    "2018-03-31": {
        "Diluted EPS": -0.09,
        "Total Revenue": 2,
        "Gross Profit": 0,
        "Operating Income": -7,
        "EBIT": -7,
        "Net Income": -7
    },
    "2017-12-31": {
        "Diluted EPS": -0.1,
        "Total Revenue": 2,
        "Gross Profit": 0,
        "Operating Income": -8,
        "EBIT": -8,
        "Net Income": -8
    },
    "2017-09-30": {
        "Diluted EPS": -0.08,
        "Total Revenue": 5,
        "Gross Profit": 0,
        "Operating Income": -6,
        "EBIT": -5,
        "Net Income": -6
    },
    "2017-06-30": {
        "Diluted EPS": -0.08,
        "Total Revenue": 1,
        "Gross Profit": 0,
        "Operating Income": -6,
        "EBIT": -6,
        "Net Income": -6
    },
    "2017-03-31": {
        "Diluted EPS": -0.09,
        "Total Revenue": 1,
        "Gross Profit": 0,
        "Operating Income": -6,
        "EBIT": -6,
        "Net Income": -6
    },
    "2016-12-31": {
        "Diluted EPS": -0.1,
        "Total Revenue": 3,
        "Gross Profit": 1,
        "Operating Income": -5,
        "EBIT": -5,
        "Net Income": -5
    },
    "2016-09-30": {
        "Diluted EPS": -0.08,
        "Total Revenue": 4,
        "Gross Profit": 1,
        "Operating Income": -4,
        "EBIT": -4,
        "Net Income": -4
    },
    "2016-06-30": {
        "Diluted EPS": -0.07,
        "Total Revenue": 4,
        "Gross Profit": 2,
        "Operating Income": -3,
        "EBIT": -3,
        "Net Income": -3
    },
    "2016-03-31": {
        "Diluted EPS": -0.07,
        "Total Revenue": 4,
        "Gross Profit": 1,
        "Operating Income": -4,
        "EBIT": -3,
        "Net Income": -4
    },
    "2015-12-31": {
        "Diluted EPS": -0.09,
        "Total Revenue": 2,
        "Gross Profit": 0,
        "Operating Income": -4,
        "EBIT": -4,
        "Net Income": -4
    },
    "2015-09-30": {
        "Diluted EPS": -0.07,
        "Total Revenue": 2,
        "Gross Profit": 1,
        "Operating Income": -4,
        "EBIT": -3,
        "Net Income": -4
    },
    "2015-06-30": {
        "Diluted EPS": -0.06,
        "Total Revenue": 4,
        "Gross Profit": 1,
        "Operating Income": -3,
        "EBIT": -3,
        "Net Income": -3
    },
    "2015-03-31": {
        "Diluted EPS": -0.09,
        "Total Revenue": 1,
        "Gross Profit": 0,
        "Operating Income": -4,
        "EBIT": -4,
        "Net Income": -4
    },
    "2014-12-31": {
        "Diluted EPS": -0.05,
        "Total Revenue": 1,
        "Gross Profit": 0,
        "Operating Income": -3,
        "EBIT": -3,
        "Net Income": -3
    },
    "2014-09-30": {
        "Diluted EPS": -0.08,
        "Total Revenue": 1,
        "Gross Profit": 1,
        "Operating Income": -3,
        "EBIT": -3,
        "Net Income": -3
    },
    "2014-06-30": {
        "Diluted EPS": -0.08,
        "Total Revenue": 1,
        "Gross Profit": 0,
        "Operating Income": -3,
        "EBIT": -3,
        "Net Income": -3
    },
    "2014-03-31": {
        "Diluted EPS": -0.23,
        "Total Revenue": 1,
        "Gross Profit": 1,
        "Operating Income": -3,
        "EBIT": -3,
        "Net Income": -8
    },
    "2013-12-31": {
        "Diluted EPS": -0.07,
        "Total Revenue": 1,
        "Gross Profit": 1,
        "Operating Income": -4,
        "EBIT": -4,
        "Net Income": -2
    },
    "2013-09-30": {
        "Diluted EPS": -0.13,
        "Total Revenue": 1,
        "Gross Profit": 1,
        "Operating Income": -4,
        "EBIT": -4,
        "Net Income": -4
    },
    "2013-06-30": {
        "Diluted EPS": -0.13,
        "Total Revenue": 2,
        "Gross Profit": 1,
        "Operating Income": -3,
        "EBIT": -3,
        "Net Income": -3
    },
    "2013-03-31": {
        "Diluted EPS": -0.14,
        "Total Revenue": 2,
        "Gross Profit": 1,
        "Operating Income": -4,
        "EBIT": -3,
        "Net Income": -4
    },
    "2012-12-31": {
        "Diluted EPS": -0.06,
        "Total Revenue": 3,
        "Gross Profit": 1,
        "Operating Income": -4,
        "EBIT": -4,
        "Net Income": -4
    },
    "2012-09-30": {
        "Diluted EPS": -0.15,
        "Total Revenue": 3,
        "Gross Profit": 1,
        "Operating Income": -4,
        "EBIT": -4,
        "Net Income": -4
    },
    "2012-06-30": {
        "Diluted EPS": -0.26,
        "Total Revenue": 1,
        "Gross Profit": 1,
        "Operating Income": -5,
        "EBIT": -5,
        "Net Income": -5
    },
    "2012-03-31": {
        "Diluted EPS": -0.58,
        "Total Revenue": 2,
        "Gross Profit": -3,
        "Operating Income": -10,
        "EBIT": -9,
        "Net Income": -10
    },
    "2011-12-31": {
        "Diluted EPS": -0.61,
        "Total Revenue": 2,
        "Gross Profit": -3,
        "Operating Income": -10,
        "EBIT": -9,
        "Net Income": -10
    },
    "2011-09-30": {
        "Diluted EPS": -0.57,
        "Total Revenue": 2,
        "Gross Profit": -1,
        "Operating Income": -8,
        "EBIT": -7,
        "Net Income": -8
    },
    "2011-06-30": {
        "Diluted EPS": -0.69,
        "Total Revenue": 1,
        "Gross Profit": -2,
        "Operating Income": -9,
        "EBIT": -9,
        "Net Income": -9
    },
    "2011-03-31": {
        "Diluted EPS": -0.7,
        "Total Revenue": 1,
        "Gross Profit": -1,
        "Operating Income": -9,
        "EBIT": -8,
        "Net Income": -9
    },
    "2010-12-31": {
        "Diluted EPS": -1.37,
        "Total Revenue": 1,
        "Gross Profit": -7,
        "Operating Income": -15,
        "EBIT": -15,
        "Net Income": -15
    },
    "2010-09-30": {
        "Diluted EPS": -1.04,
        "Total Revenue": 1,
        "Gross Profit": -3,
        "Operating Income": -12,
        "EBIT": -12,
        "Net Income": -12
    },
    "2010-06-30": {
        "Diluted EPS": -0.96,
        "Total Revenue": 2,
        "Gross Profit": -1,
        "Operating Income": -11,
        "EBIT": -11,
        "Net Income": -11
    },
    "2010-03-31": {
        "Diluted EPS": -0.8,
        "Total Revenue": 1,
        "Gross Profit": -1,
        "Operating Income": -10,
        "EBIT": -9,
        "Net Income": -9
    },
    "2009-12-31": {
        "Diluted EPS": -0.85,
        "Total Revenue": 1,
        "Gross Profit": 0,
        "Operating Income": -11,
        "EBIT": -11,
        "Net Income": -9
    },
    "2009-09-30": {
        "Diluted EPS": -1.2,
        "Total Revenue": 1,
        "Gross Profit": 0,
        "Operating Income": -9,
        "EBIT": -9,
        "Net Income": -12
    },
    "2009-06-30": {
        "Diluted EPS": -1.2,
        "Total Revenue": 1,
        "Gross Profit": 0,
        "Operating Income": -9,
        "EBIT": -9,
        "Net Income": -10
    },
    "2009-03-31": {
        "Diluted EPS": -1.04,
        "Total Revenue": 1,
        "Gross Profit": 0,
        "Operating Income": -9,
        "EBIT": -9,
        "Net Income": -9
    },
    "2023-06-30": {
        "Tax Effect Of Unusual Items": 6000.0,
        "Tax Rate For Calcs": 0.4,
        "Normalized EBITDA": -22050000.0,
        "Total Unusual Items": 15000.0,
        "Total Unusual Items Excluding Goodwill": 15000.0,
        "Net Income From Continuing Operation Net Minority Interest": -20609000.0,
        "Reconciled Depreciation": 1880000.0,
        "Reconciled Cost Of Revenue": 701000.0,
        "EBITDA": -22035000.0,
        "EBIT": -23915000.0,
        "Normalized Income": -20618000.0,
        "Net Income From Continuing And Discontinued Operation": -20609000.0,
        "Total Expenses": 24244000.0,
        "Total Operating Income As Reported": -23900000.0,
        "Diluted Average Shares": 177302000.0,
        "Basic Average Shares": 177302000.0,
        "Diluted EPS": -0.12,
        "Basic EPS": -0.12,
        "Diluted NI Availto Com Stockholders": -20609000.0,
        "Net Income Common Stockholders": -20609000.0,
        "Net Income": -20609000.0,
        "Net Income Including Noncontrolling Interests": -20609000.0,
        "Net Income Continuous Operations": -20609000.0,
        "Tax Provision": 279000.0,
        "Pretax Income": -20330000.0,
        "Other Income Expense": 3585000.0,
        "Other Non Operating Income Expenses": 3570000.0,
        "Special Income Charges": 15000.0,
        "Gain On Sale Of Ppe": 15000.0,
        "Restructuring And Mergern Acquisition": 0.0,
        "Gain On Sale Of Security": NaN,
        "Operating Income": -23915000.0,
        "Operating Expense": 23543000.0,
        "Research And Development": 13851000.0,
        "Selling General And Administration": 9692000.0,
        "Gross Profit": -372000.0,
        "Cost Of Revenue": 701000.0,
        "Total Revenue": 329000.0,
        "Operating Revenue": 329000.0
    }
}