{
    "2023-03-31": {
        "Tax Effect Of Unusual Items": NaN,
        "Tax Rate For Calcs": NaN,
        "Normalized EBITDA": NaN,
        "Total Unusual Items": NaN,
        "Total Unusual Items Excluding Goodwill": NaN,
        "Net Income From Continuing Operation Net Minority Interest": NaN,
        "Reconciled Depreciation": NaN,
        "Reconciled Cost Of Revenue": NaN,
        "EBITDA": NaN,
        "EBIT": NaN,
        "Net Interest Income": NaN,
        "Interest Expense": NaN,
        "Interest Income": NaN,
        "Normalized Income": NaN,
        "Net Income From Continuing And Discontinued Operation": NaN,
        "Total Expenses": NaN,
        "Total Operating Income As Reported": NaN,
        "Diluted Average Shares": NaN,
        "Basic Average Shares": NaN,
        "Diluted EPS": NaN,
        "Basic EPS": NaN,
        "Diluted NI Availto Com Stockholders": NaN,
        "Net Income Common Stockholders": NaN,
        "Net Income": NaN,
        "Net Income Including Noncontrolling Interests": NaN,
        "Net Income Continuous Operations": NaN,
        "Tax Provision": NaN,
        "Pretax Income": NaN,
        "Other Income Expense": NaN,
        "Other Non Operating Income Expenses": NaN,
        "Special Income Charges": NaN,
        "Other Special Charges": 8449000.0,
        "Restructuring And Mergern Acquisition": NaN,
        "Gain On Sale Of Security": NaN,
        "Net Non Operating Interest Income Expense": NaN,
        "Interest Expense Non Operating": NaN,
        "Interest Income Non Operating": NaN,
        "Operating Income": NaN,
        "Operating Expense": NaN,
        "Research And Development": NaN,
        "Selling General And Administration": NaN,
        "Gross Profit": NaN,
        "Cost Of Revenue": NaN,
        "Total Revenue": NaN,
        "Operating Revenue": NaN
    },
    "2022-12-31": {
        "Tax Effect Of Unusual Items": 2980740.0,
        "Tax Rate For Calcs": 0.21,
        "Normalized EBITDA": -666000.0,
        "Total Unusual Items": 14194000.0,
        "Total Unusual Items Excluding Goodwill": 14194000.0,
        "Net Income From Continuing Operation Net Minority Interest": 2971000.0,
        "Reconciled Depreciation": 3775000.0,
        "Reconciled Cost Of Revenue": 44892000.0,
        "EBITDA": 13528000.0,
        "EBIT": 9753000.0,
        "Net Interest Income": 5711000.0,
        "Interest Expense": 269000.0,
        "Interest Income": NaN,
        "Normalized Income": -8242260.0,
        "Net Income From Continuing And Discontinued Operation": 2971000.0,
        "Total Expenses": 67809000.0,
        "Total Operating Income As Reported": -10117000.0,
        "Diluted Average Shares": 44731683.0,
        "Basic Average Shares": 44054275.0,
        "Diluted EPS": 0.07,
        "Basic EPS": 0.07,
        "Diluted NI Availto Com Stockholders": 2971000.0,
        "Net Income Common Stockholders": 2971000.0,
        "Net Income": 2971000.0,
        "Net Income Including Noncontrolling Interests": 2971000.0,
        "Net Income Continuous Operations": 2971000.0,
        "Tax Provision": 6513000.0,
        "Pretax Income": 9484000.0,
        "Other Income Expense": 10592000.0,
        "Other Non Operating Income Expenses": -3602000.0,
        "Special Income Charges": -3298000.0,
        "Other Special Charges": NaN,
        "Restructuring And Mergern Acquisition": 3298000.0,
        "Gain On Sale Of Security": 17492000.0,
        "Net Non Operating Interest Income Expense": 5711000.0,
        "Interest Expense Non Operating": 269000.0,
        "Interest Income Non Operating": NaN,
        "Operating Income": -6819000.0,
        "Operating Expense": 22917000.0,
        "Research And Development": 13653000.0,
        "Selling General And Administration": 12562000.0,
        "Gross Profit": 16098000.0,
        "Cost Of Revenue": 44892000.0,
        "Total Revenue": 60990000.0,
        "Operating Revenue": 60990000.0
    },
    "2022-09-30": {
        "Tax Effect Of Unusual Items": NaN,
        "Tax Rate For Calcs": NaN,
        "Normalized EBITDA": NaN,
        "Total Unusual Items": NaN,
        "Total Unusual Items Excluding Goodwill": NaN,
        "Net Income From Continuing Operation Net Minority Interest": NaN,
        "Reconciled Depreciation": NaN,
        "Reconciled Cost Of Revenue": NaN,
        "EBITDA": NaN,
        "EBIT": NaN,
        "Net Interest Income": NaN,
        "Interest Expense": NaN,
        "Interest Income": NaN,
        "Normalized Income": NaN,
        "Net Income From Continuing And Discontinued Operation": NaN,
        "Total Expenses": NaN,
        "Total Operating Income As Reported": NaN,
        "Diluted Average Shares": NaN,
        "Basic Average Shares": NaN,
        "Diluted EPS": NaN,
        "Basic EPS": NaN,
        "Diluted NI Availto Com Stockholders": NaN,
        "Net Income Common Stockholders": NaN,
        "Net Income": NaN,
        "Net Income Including Noncontrolling Interests": NaN,
        "Net Income Continuous Operations": NaN,
        "Tax Provision": NaN,
        "Pretax Income": NaN,
        "Other Income Expense": NaN,
        "Other Non Operating Income Expenses": NaN,
        "Special Income Charges": NaN,
        "Other Special Charges": NaN,
        "Restructuring And Mergern Acquisition": NaN,
        "Gain On Sale Of Security": NaN,
        "Net Non Operating Interest Income Expense": NaN,
        "Interest Expense Non Operating": NaN,
        "Interest Income Non Operating": NaN,
        "Operating Income": NaN,
        "Operating Expense": NaN,
        "Other Operating Expenses": 2501000.0,
        "Research And Development": NaN,
        "Selling General And Administration": NaN,
        "Gross Profit": NaN,
        "Cost Of Revenue": NaN,
        "Total Revenue": NaN,
        "Operating Revenue": NaN
    },
    "2022-06-30": {
        "Tax Effect Of Unusual Items": -1484485.248997,
        "Tax Rate For Calcs": 0.211706,
        "Normalized EBITDA": 6985000.0,
        "Total Unusual Items": -7012000.0,
        "Total Unusual Items Excluding Goodwill": -7012000.0,
        "Net Income From Continuing Operation Net Minority Interest": -3340000.0,
        "Reconciled Depreciation": 3711000.0,
        "Reconciled Cost Of Revenue": 72431000.0,
        "EBITDA": -27000.0,
        "EBIT": -3738000.0,
        "Net Interest Income": -499000.0,
        "Interest Expense": 499000.0,
        "Interest Income": NaN,
        "Normalized Income": 2187514.751003,
        "Net Income From Continuing And Discontinued Operation": -3340000.0,
        "Total Expenses": 99374000.0,
        "Total Operating Income As Reported": 2002000.0,
        "Diluted Average Shares": 44897278.0,
        "Basic Average Shares": 44897278.0,
        "Diluted EPS": -0.07,
        "Basic EPS": -0.07,
        "Diluted NI Availto Com Stockholders": -3340000.0,
        "Net Income Common Stockholders": -3340000.0,
        "Net Income": -3340000.0,
        "Net Income Including Noncontrolling Interests": -3340000.0,
        "Net Income Continuous Operations": -3340000.0,
        "Tax Provision": -897000.0,
        "Pretax Income": -4237000.0,
        "Other Income Expense": -5740000.0,
        "Other Non Operating Income Expenses": 1272000.0,
        "Special Income Charges": 0.0,
        "Other Special Charges": NaN,
        "Restructuring And Mergern Acquisition": 0.0,
        "Gain On Sale Of Security": -7012000.0,
        "Net Non Operating Interest Income Expense": -499000.0,
        "Interest Expense Non Operating": 499000.0,
        "Interest Income Non Operating": NaN,
        "Operating Income": 2002000.0,
        "Operating Expense": 26943000.0,
        "Other Operating Expenses": 797000.0,
        "Research And Development": 13410000.0,
        "Selling General And Administration": 12736000.0,
        "Gross Profit": 28945000.0,
        "Cost Of Revenue": 72431000.0,
        "Total Revenue": 101376000.0,
        "Operating Revenue": 101376000.0
    },
    "2023-06-30": {
        "Tax Effect Of Unusual Items": 91350.0,
        "Tax Rate For Calcs": 0.21,
        "Normalized EBITDA": -3014000.0,
        "Total Unusual Items": 435000.0,
        "Total Unusual Items Excluding Goodwill": 435000.0,
        "Net Income From Continuing Operation Net Minority Interest": -3947000.0,
        "Reconciled Depreciation": 4145000.0,
        "Reconciled Cost Of Revenue": 47441000.0,
        "EBITDA": -2579000.0,
        "EBIT": -6724000.0,
        "Net Interest Income": 2492000.0,
        "Interest Expense": 200000.0,
        "Interest Income": 2692000.0,
        "Normalized Income": -4290650.0,
        "Net Income From Continuing And Discontinued Operation": -3947000.0,
        "Total Expenses": 70833000.0,
        "Total Operating Income As Reported": -10656000.0,
        "Diluted Average Shares": 41741310.0,
        "Basic Average Shares": 41741310.0,
        "Diluted EPS": -0.09,
        "Basic EPS": -0.09,
        "Diluted NI Availto Com Stockholders": -3947000.0,
        "Net Income Common Stockholders": -3947000.0,
        "Net Income": -3947000.0,
        "Net Income Including Noncontrolling Interests": -3947000.0,
        "Net Income Continuous Operations": -3947000.0,
        "Tax Provision": -2977000.0,
        "Pretax Income": -6924000.0,
        "Other Income Expense": 438000.0,
        "Other Non Operating Income Expenses": 3000.0,
        "Special Income Charges": -802000.0,
        "Other Special Charges": 802000.0,
        "Restructuring And Mergern Acquisition": 802000.0,
        "Gain On Sale Of Security": 1237000.0,
        "Net Non Operating Interest Income Expense": 2492000.0,
        "Interest Expense Non Operating": 200000.0,
        "Interest Income Non Operating": 2692000.0,
        "Operating Income": -9854000.0,
        "Operating Expense": 23392000.0,
        "Research And Development": 11255000.0,
        "Selling General And Administration": 12137000.0,
        "Gross Profit": 13538000.0,
        "Cost Of Revenue": 47441000.0,
        "Total Revenue": 60979000.0,
        "Operating Revenue": 60979000.0
    },
    "2023-09-30": {
        "Tax Effect Of Unusual Items": -542430.0,
        "Tax Rate For Calcs": 0.21,
        "Normalized EBITDA": -2685000.0,
        "Total Unusual Items": -2583000.0,
        "Total Unusual Items Excluding Goodwill": -2583000.0,
        "Net Income From Continuing Operation Net Minority Interest": -5165000.0,
        "Reconciled Depreciation": 4081000.0,
        "Reconciled Cost Of Revenue": 46764000.0,
        "EBITDA": -5268000.0,
        "EBIT": -9349000.0,
        "Net Interest Income": 2193000.0,
        "Interest Expense": 189000.0,
        "Interest Income": 2382000.0,
        "Normalized Income": -3124430.0,
        "Net Income From Continuing And Discontinued Operation": -5165000.0,
        "Total Expenses": 70480000.0,
        "Total Operating Income As Reported": -9235000.0,
        "Diluted Average Shares": 40145290.0,
        "Basic Average Shares": 40145290.0,
        "Diluted EPS": -0.13,
        "Basic EPS": -0.13,
        "Diluted NI Availto Com Stockholders": -5165000.0,
        "Net Income Common Stockholders": -5165000.0,
        "Net Income": -5165000.0,
        "Net Income Including Noncontrolling Interests": -5165000.0,
        "Net Income Continuous Operations": -5165000.0,
        "Tax Provision": -4373000.0,
        "Pretax Income": -9538000.0,
        "Other Income Expense": -2496000.0,
        "Other Non Operating Income Expenses": 87000.0,
        "Special Income Charges": 0.0,
        "Other Special Charges": NaN,
        "Restructuring And Mergern Acquisition": 0.0,
        "Gain On Sale Of Security": -2583000.0,
        "Net Non Operating Interest Income Expense": 2193000.0,
        "Interest Expense Non Operating": 189000.0,
        "Interest Income Non Operating": 2382000.0,
        "Operating Income": -9235000.0,
        "Operating Expense": 23716000.0,
        "Research And Development": 11627000.0,
        "Selling General And Administration": 12089000.0,
        "Gross Profit": 14481000.0,
        "Cost Of Revenue": 46764000.0,
        "Total Revenue": 61245000.0,
        "Operating Revenue": 61245000.0
    },
    "2023-12-31": {
        "Tax Effect Of Unusual Items": 1472471.428571,
        "Tax Rate For Calcs": 0.280952,
        "Normalized EBITDA": -9357000.0,
        "Total Unusual Items": 5241000.0,
        "Total Unusual Items Excluding Goodwill": 5241000.0,
        "Net Income From Continuing Operation Net Minority Interest": -6040000.0,
        "Reconciled Depreciation": 4101000.0,
        "Reconciled Cost Of Revenue": 39295000.0,
        "EBITDA": -4116000.0,
        "EBIT": -8217000.0,
        "Net Interest Income": 2336000.0,
        "Interest Expense": 183000.0,
        "Interest Income": 2519000.0,
        "Normalized Income": -9808528.571429,
        "Net Income From Continuing And Discontinued Operation": -6040000.0,
        "Total Expenses": 66757000.0,
        "Total Operating Income As Reported": -15935000.0,
        "Diluted Average Shares": 38834451.0,
        "Basic Average Shares": 38834451.0,
        "Diluted EPS": -0.16,
        "Basic EPS": -0.16,
        "Diluted NI Availto Com Stockholders": -6040000.0,
        "Net Income Common Stockholders": -6040000.0,
        "Net Income": -6040000.0,
        "Net Income Including Noncontrolling Interests": -6040000.0,
        "Net Income Continuous Operations": -6040000.0,
        "Tax Provision": -2360000.0,
        "Pretax Income": -8400000.0,
        "Other Income Expense": 5199000.0,
        "Other Non Operating Income Expenses": -42000.0,
        "Special Income Charges": 0.0,
        "Other Special Charges": NaN,
        "Restructuring And Mergern Acquisition": 0.0,
        "Gain On Sale Of Security": 5241000.0,
        "Net Non Operating Interest Income Expense": 2336000.0,
        "Interest Expense Non Operating": 183000.0,
        "Interest Income Non Operating": 2519000.0,
        "Operating Income": -15935000.0,
        "Operating Expense": 27462000.0,
        "Research And Development": 15383000.0,
        "Selling General And Administration": 12079000.0,
        "Gross Profit": 11527000.0,
        "Cost Of Revenue": 39295000.0,
        "Total Revenue": 50822000.0,
        "Operating Revenue": 50822000.0
    },
    "2024-03-31": {
        "Tax Effect Of Unusual Items": -311478.863816,
        "Tax Rate For Calcs": 0.062283,
        "Normalized EBITDA": -7103000.0,
        "Total Unusual Items": -5001000.0,
        "Total Unusual Items Excluding Goodwill": -5001000.0,
        "Net Income From Continuing Operation Net Minority Interest": -15417000.0,
        "Reconciled Depreciation": 4099000.0,
        "Reconciled Cost Of Revenue": 40099000.0,
        "EBITDA": -12104000.0,
        "EBIT": -16203000.0,
        "Net Interest Income": 1975000.0,
        "Interest Expense": 238000.0,
        "Interest Income": 2213000.0,
        "Normalized Income": -10727478.863816,
        "Net Income From Continuing And Discontinued Operation": -15417000.0,
        "Total Expenses": 62526000.0,
        "Total Operating Income As Reported": -13459000.0,
        "Diluted Average Shares": 38544781.0,
        "Basic Average Shares": 38544781.0,
        "Diluted EPS": -0.4,
        "Basic EPS": -0.4,
        "Diluted NI Availto Com Stockholders": -15417000.0,
        "Net Income Common Stockholders": -15417000.0,
        "Net Income": -15417000.0,
        "Net Income Including Noncontrolling Interests": -15417000.0,
        "Net Income Continuous Operations": -15417000.0,
        "Tax Provision": -1024000.0,
        "Pretax Income": -16441000.0,
        "Other Income Expense": -4957000.0,
        "Other Non Operating Income Expenses": 44000.0,
        "Special Income Charges": 0.0,
        "Other Special Charges": NaN,
        "Restructuring And Mergern Acquisition": 0.0,
        "Gain On Sale Of Security": -5001000.0,
        "Net Non Operating Interest Income Expense": 1975000.0,
        "Interest Expense Non Operating": 238000.0,
        "Interest Income Non Operating": 2213000.0,
        "Operating Income": -13459000.0,
        "Operating Expense": 22427000.0,
        "Research And Development": 11163000.0,
        "Selling General And Administration": 11264000.0,
        "Gross Profit": 8968000.0,
        "Cost Of Revenue": 40099000.0,
        "Total Revenue": 49067000.0,
        "Operating Revenue": 49067000.0
    },
    "2024-06-30": {
        "Tax Effect Of Unusual Items": -390322.21385,
        "Tax Rate For Calcs": 0.109734,
        "Normalized EBITDA": -6472000.0,
        "Total Unusual Items": -3557000.0,
        "Total Unusual Items Excluding Goodwill": -3557000.0,
        "Net Income From Continuing Operation Net Minority Interest": -12997000.0,
        "Reconciled Depreciation": 4016000.0,
        "Reconciled Cost Of Revenue": 41570000.0,
        "EBITDA": -10029000.0,
        "EBIT": -14045000.0,
        "Net Interest Income": 1674000.0,
        "Interest Expense": 554000.0,
        "Interest Income": 2228000.0,
        "Normalized Income": -9830322.21385,
        "Net Income From Continuing And Discontinued Operation": -12997000.0,
        "Total Expenses": 65995000.0,
        "Total Operating Income As Reported": -12824000.0,
        "Diluted Average Shares": 38174920.0,
        "Basic Average Shares": 38174920.0,
        "Diluted EPS": -0.34,
        "Basic EPS": -0.34,
        "Diluted NI Availto Com Stockholders": -12997000.0,
        "Net Income Common Stockholders": -12997000.0,
        "Net Income": -12997000.0,
        "Net Income Including Noncontrolling Interests": -12997000.0,
        "Net Income Continuous Operations": -12997000.0,
        "Tax Provision": -1602000.0,
        "Pretax Income": -14599000.0,
        "Other Income Expense": -3449000.0,
        "Other Non Operating Income Expenses": 108000.0,
        "Special Income Charges": 0.0,
        "Other Special Charges": NaN,
        "Restructuring And Mergern Acquisition": 0.0,
        "Gain On Sale Of Security": -3557000.0,
        "Net Non Operating Interest Income Expense": 1674000.0,
        "Interest Expense Non Operating": 554000.0,
        "Interest Income Non Operating": 2228000.0,
        "Operating Income": -12824000.0,
        "Operating Expense": 24425000.0,
        "Research And Development": 12691000.0,
        "Selling General And Administration": 11734000.0,
        "Gross Profit": 11601000.0,
        "Cost Of Revenue": 41570000.0,
        "Total Revenue": 53171000.0,
        "Operating Revenue": 53171000.0
    }
}