{
    "2023-03-31": {
        "Tax Effect Of Unusual Items": NaN,
        "Tax Rate For Calcs": NaN,
        "Normalized EBITDA": NaN,
        "Net Income From Continuing Operation Net Minority Interest": NaN,
        "Reconciled Depreciation": NaN,
        "Reconciled Cost Of Revenue": NaN,
        "EBITDA": NaN,
        "EBIT": NaN,
        "Net Interest Income": NaN,
        "Interest Income": NaN,
        "Normalized Income": NaN,
        "Net Income From Continuing And Discontinued Operation": NaN,
        "Total Expenses": NaN,
        "Total Operating Income As Reported": NaN,
        "Diluted Average Shares": 102846036.0,
        "Basic Average Shares": 102846036.0,
        "Diluted EPS": -0.11,
        "Basic EPS": -0.11,
        "Diluted NI Availto Com Stockholders": NaN,
        "Net Income Common Stockholders": NaN,
        "Net Income": NaN,
        "Net Income Including Noncontrolling Interests": NaN,
        "Net Income Continuous Operations": NaN,
        "Pretax Income": NaN,
        "Net Non Operating Interest Income Expense": NaN,
        "Interest Income Non Operating": NaN,
        "Operating Income": NaN,
        "Operating Expense": NaN,
        "Depreciation Amortization Depletion Income Statement": NaN,
        "Depreciation And Amortization In Income Statement": NaN,
        "Research And Development": NaN,
        "Selling General And Administration": NaN,
        "Selling And Marketing Expense": NaN,
        "General And Administrative Expense": NaN,
        "Other Gand A": NaN,
        "Gross Profit": NaN,
        "Cost Of Revenue": NaN,
        "Total Revenue": NaN,
        "Operating Revenue": NaN
    },
    "2022-12-31": {
        "Tax Effect Of Unusual Items": NaN,
        "Tax Rate For Calcs": NaN,
        "Normalized EBITDA": NaN,
        "Net Income From Continuing Operation Net Minority Interest": NaN,
        "Reconciled Depreciation": NaN,
        "Reconciled Cost Of Revenue": NaN,
        "EBITDA": NaN,
        "EBIT": NaN,
        "Net Interest Income": NaN,
        "Interest Expense": 10900.0,
        "Interest Income": NaN,
        "Normalized Income": NaN,
        "Net Income From Continuing And Discontinued Operation": NaN,
        "Total Expenses": NaN,
        "Total Operating Income As Reported": NaN,
        "Diluted Average Shares": NaN,
        "Basic Average Shares": NaN,
        "Diluted EPS": NaN,
        "Basic EPS": NaN,
        "Diluted NI Availto Com Stockholders": NaN,
        "Net Income Common Stockholders": NaN,
        "Net Income": NaN,
        "Net Income Including Noncontrolling Interests": NaN,
        "Net Income Continuous Operations": NaN,
        "Pretax Income": NaN,
        "Net Non Operating Interest Income Expense": NaN,
        "Interest Expense Non Operating": 10900.0,
        "Interest Income Non Operating": NaN,
        "Operating Income": NaN,
        "Operating Expense": NaN,
        "Depreciation Amortization Depletion Income Statement": NaN,
        "Depreciation And Amortization In Income Statement": NaN,
        "Research And Development": NaN,
        "Selling General And Administration": NaN,
        "Selling And Marketing Expense": NaN,
        "General And Administrative Expense": NaN,
        "Other Gand A": NaN,
        "Gross Profit": NaN,
        "Cost Of Revenue": NaN,
        "Total Revenue": NaN,
        "Operating Revenue": NaN
    },
    "2022-09-30": {
        "Tax Effect Of Unusual Items": NaN,
        "Tax Rate For Calcs": NaN,
        "Normalized EBITDA": NaN,
        "Net Income From Continuing Operation Net Minority Interest": NaN,
        "Reconciled Depreciation": NaN,
        "Reconciled Cost Of Revenue": NaN,
        "EBITDA": NaN,
        "EBIT": NaN,
        "Net Interest Income": NaN,
        "Interest Expense": 116000.0,
        "Interest Income": NaN,
        "Normalized Income": NaN,
        "Net Income From Continuing And Discontinued Operation": NaN,
        "Total Expenses": NaN,
        "Total Operating Income As Reported": NaN,
        "Diluted Average Shares": NaN,
        "Basic Average Shares": NaN,
        "Diluted EPS": NaN,
        "Basic EPS": NaN,
        "Diluted NI Availto Com Stockholders": NaN,
        "Net Income Common Stockholders": NaN,
        "Net Income": NaN,
        "Net Income Including Noncontrolling Interests": NaN,
        "Net Income Continuous Operations": NaN,
        "Pretax Income": NaN,
        "Other Income Expense": -116000.0,
        "Other Non Operating Income Expenses": -116000.0,
        "Net Non Operating Interest Income Expense": NaN,
        "Interest Expense Non Operating": 116000.0,
        "Interest Income Non Operating": NaN,
        "Operating Income": NaN,
        "Operating Expense": NaN,
        "Depreciation Amortization Depletion Income Statement": NaN,
        "Depreciation And Amortization In Income Statement": NaN,
        "Research And Development": NaN,
        "Selling General And Administration": NaN,
        "Selling And Marketing Expense": NaN,
        "General And Administrative Expense": NaN,
        "Other Gand A": NaN,
        "Gross Profit": NaN,
        "Cost Of Revenue": NaN,
        "Total Revenue": NaN,
        "Operating Revenue": NaN
    },
    "2022-06-30": {
        "Tax Effect Of Unusual Items": 0.0,
        "Tax Rate For Calcs": 0.0,
        "Normalized EBITDA": -7712600.0,
        "Net Income From Continuing Operation Net Minority Interest": -8260200.0,
        "Reconciled Depreciation": 547600.0,
        "Reconciled Cost Of Revenue": 1069900.0,
        "EBITDA": -7712600.0,
        "EBIT": -8260200.0,
        "Net Interest Income": 478700.0,
        "Interest Expense": 0.0,
        "Interest Income": 478700.0,
        "Normalized Income": -8260200.0,
        "Net Income From Continuing And Discontinued Operation": -8260200.0,
        "Total Expenses": 18346700.0,
        "Total Operating Income As Reported": -8738900.0,
        "Diluted Average Shares": 101427430.0,
        "Basic Average Shares": 101427430.0,
        "Diluted EPS": -0.08,
        "Basic EPS": -0.08,
        "Diluted NI Availto Com Stockholders": -8260200.0,
        "Net Income Common Stockholders": -8260200.0,
        "Net Income": -8260200.0,
        "Net Income Including Noncontrolling Interests": -8260200.0,
        "Net Income Continuous Operations": -8260200.0,
        "Pretax Income": -8260200.0,
        "Net Non Operating Interest Income Expense": 478700.0,
        "Interest Expense Non Operating": 0.0,
        "Interest Income Non Operating": 478700.0,
        "Operating Income": -8738900.0,
        "Operating Expense": 17226300.0,
        "Depreciation Amortization Depletion Income Statement": 497100.0,
        "Depreciation And Amortization In Income Statement": 497100.0,
        "Research And Development": 4696000.0,
        "Selling General And Administration": 12033200.0,
        "Selling And Marketing Expense": 4930600.0,
        "General And Administrative Expense": 7102600.0,
        "Other Gand A": 7102600.0,
        "Gross Profit": 8487400.0,
        "Cost Of Revenue": 1120400.0,
        "Total Revenue": 9607800.0,
        "Operating Revenue": 9607800.0
    },
    "2022-03-31": {
        "Diluted EPS": -0.04,
        "Total Revenue": 12,
        "Gross Profit": 11,
        "Operating Income": -4,
        "EBIT": -4,
        "Net Income": -4
    },
    "2021-12-31": {
        "Diluted EPS": -0.04,
        "Total Revenue": 10,
        "Gross Profit": 9,
        "Operating Income": -5,
        "EBIT": -5,
        "Net Income": -5
    },
    "2021-09-30": {
        "Diluted EPS": -0.03,
        "Total Revenue": 10,
        "Gross Profit": 9,
        "Operating Income": -2,
        "EBIT": -2,
        "Net Income": -3
    },
    "2021-06-30": {
        "Diluted EPS": -0.05,
        "Total Revenue": 7,
        "Gross Profit": 6,
        "Operating Income": -4,
        "EBIT": -4,
        "Net Income": -4
    },
    "2021-03-31": {
        "Diluted EPS": -0.09,
        "Total Revenue": 6,
        "Gross Profit": 6,
        "Operating Income": -6,
        "EBIT": -6,
        "Net Income": -7
    },
    "2020-12-31": {
        "Diluted EPS": -0.03,
        "Total Revenue": 9,
        "Gross Profit": 8,
        "Operating Income": -2,
        "EBIT": -2,
        "Net Income": -3
    },
    "2020-09-30": {
        "Diluted EPS": -0.04,
        "Total Revenue": 7,
        "Gross Profit": 6,
        "Operating Income": -3,
        "EBIT": -3,
        "Net Income": -3
    },
    "2020-06-30": {
        "Diluted EPS": -0.05,
        "Total Revenue": 5,
        "Gross Profit": 5,
        "Operating Income": -3,
        "EBIT": -3,
        "Net Income": -3
    },
    "2020-03-31": {
        "Diluted EPS": -0.05,
        "Total Revenue": 6,
        "Gross Profit": 5,
        "Operating Income": -3,
        "EBIT": -3,
        "Net Income": -3
    },
    "2019-12-31": {
        "Diluted EPS": 0.0,
        "Total Revenue": NaN,
        "Gross Profit": NaN,
        "Operating Income": NaN,
        "EBIT": NaN,
        "Net Income": NaN
    },
    "2023-06-30": {
        "Tax Effect Of Unusual Items": NaN,
        "Tax Rate For Calcs": NaN,
        "Normalized EBITDA": NaN,
        "Net Income From Continuing Operation Net Minority Interest": NaN,
        "Reconciled Depreciation": NaN,
        "Reconciled Cost Of Revenue": NaN,
        "EBITDA": NaN,
        "EBIT": NaN,
        "Net Interest Income": NaN,
        "Interest Income": NaN,
        "Normalized Income": NaN,
        "Net Income From Continuing And Discontinued Operation": NaN,
        "Total Expenses": NaN,
        "Total Operating Income As Reported": NaN,
        "Diluted Average Shares": 103063606.0,
        "Basic Average Shares": 103063606.0,
        "Diluted EPS": -0.1,
        "Basic EPS": -0.1,
        "Diluted NI Availto Com Stockholders": NaN,
        "Net Income Common Stockholders": NaN,
        "Net Income": NaN,
        "Net Income Including Noncontrolling Interests": NaN,
        "Net Income Continuous Operations": NaN,
        "Pretax Income": NaN,
        "Net Non Operating Interest Income Expense": NaN,
        "Interest Income Non Operating": NaN,
        "Operating Income": NaN,
        "Operating Expense": NaN,
        "Depreciation Amortization Depletion Income Statement": NaN,
        "Depreciation And Amortization In Income Statement": NaN,
        "Research And Development": NaN,
        "Selling General And Administration": NaN,
        "Selling And Marketing Expense": NaN,
        "General And Administrative Expense": NaN,
        "Other Gand A": NaN,
        "Gross Profit": NaN,
        "Cost Of Revenue": NaN,
        "Total Revenue": NaN,
        "Operating Revenue": NaN
    },
    "2023-09-30": {
        "Tax Effect Of Unusual Items": 0.0,
        "Tax Rate For Calcs": 0.0,
        "Normalized EBITDA": -12871000.0,
        "Net Income From Continuing Operation Net Minority Interest": -11251000.0,
        "Reconciled Depreciation": 1081000.0,
        "Reconciled Cost Of Revenue": 745000.0,
        "EBITDA": -12871000.0,
        "EBIT": -13952000.0,
        "Net Interest Income": 2701000.0,
        "Interest Income": 2701000.0,
        "Normalized Income": -11251000.0,
        "Net Income From Continuing And Discontinued Operation": -11251000.0,
        "Total Expenses": 21956000.0,
        "Total Operating Income As Reported": -13952000.0,
        "Diluted Average Shares": 103449715.0,
        "Basic Average Shares": 103449715.0,
        "Diluted EPS": -0.11,
        "Basic EPS": -0.11,
        "Diluted NI Availto Com Stockholders": -11251000.0,
        "Net Income Common Stockholders": -11251000.0,
        "Net Income": -11251000.0,
        "Net Income Including Noncontrolling Interests": -11251000.0,
        "Net Income Continuous Operations": -11251000.0,
        "Pretax Income": -11251000.0,
        "Net Non Operating Interest Income Expense": 2701000.0,
        "Interest Income Non Operating": 2701000.0,
        "Operating Income": -13952000.0,
        "Operating Expense": 21163000.0,
        "Depreciation Amortization Depletion Income Statement": 1033000.0,
        "Depreciation And Amortization In Income Statement": 1033000.0,
        "Research And Development": 6264000.0,
        "Selling General And Administration": 13866000.0,
        "Selling And Marketing Expense": 7046000.0,
        "General And Administrative Expense": 6820000.0,
        "Other Gand A": 6820000.0,
        "Gross Profit": 7211000.0,
        "Cost Of Revenue": 793000.0,
        "Total Revenue": 8004000.0,
        "Operating Revenue": 8004000.0
    },
    "2023-12-31": {
        "Tax Effect Of Unusual Items": 0.0,
        "Tax Rate For Calcs": 0.0,
        "Normalized EBITDA": -6994000.0,
        "Net Income From Continuing Operation Net Minority Interest": -5277800.0,
        "Reconciled Depreciation": 1101700.0,
        "Reconciled Cost Of Revenue": 1534300.0,
        "EBITDA": -6994000.0,
        "EBIT": -8095700.0,
        "Net Interest Income": 2817900.0,
        "Interest Income": 2817900.0,
        "Normalized Income": -5277800.0,
        "Net Income From Continuing And Discontinued Operation": -5277800.0,
        "Total Expenses": 23760300.0,
        "Total Operating Income As Reported": -8095700.0,
        "Diluted Average Shares": NaN,
        "Basic Average Shares": NaN,
        "Diluted EPS": NaN,
        "Basic EPS": NaN,
        "Diluted NI Availto Com Stockholders": -5277800.0,
        "Net Income Common Stockholders": -5277800.0,
        "Net Income": -5277800.0,
        "Net Income Including Noncontrolling Interests": -5277800.0,
        "Net Income Continuous Operations": -5277800.0,
        "Pretax Income": -5277800.0,
        "Net Non Operating Interest Income Expense": 2817900.0,
        "Interest Income Non Operating": 2817900.0,
        "Operating Income": -8095700.0,
        "Operating Expense": 22187200.0,
        "Depreciation Amortization Depletion Income Statement": 1062900.0,
        "Depreciation And Amortization In Income Statement": 1062900.0,
        "Research And Development": 5842100.0,
        "Selling General And Administration": 15282200.0,
        "Selling And Marketing Expense": 7195900.0,
        "General And Administrative Expense": 8086300.0,
        "Other Gand A": 8086300.0,
        "Gross Profit": 14091500.0,
        "Cost Of Revenue": 1573100.0,
        "Total Revenue": 15664600.0,
        "Operating Revenue": 15402000.0
    },
    "2024-03-31": {
        "Tax Effect Of Unusual Items": 0.0,
        "Tax Rate For Calcs": 0.0,
        "Normalized EBITDA": -11164000.0,
        "Net Income From Continuing Operation Net Minority Interest": -9526000.0,
        "Reconciled Depreciation": 1111000.0,
        "Reconciled Cost Of Revenue": 1360000.0,
        "EBITDA": -11164000.0,
        "EBIT": -12275000.0,
        "Net Interest Income": 2749000.0,
        "Interest Income": 2749000.0,
        "Normalized Income": -9526000.0,
        "Net Income From Continuing And Discontinued Operation": -9526000.0,
        "Total Expenses": 23617000.0,
        "Total Operating Income As Reported": -12275000.0,
        "Diluted Average Shares": 104089758.0,
        "Basic Average Shares": 104089758.0,
        "Diluted EPS": -0.09,
        "Basic EPS": -0.09,
        "Diluted NI Availto Com Stockholders": -9526000.0,
        "Net Income Common Stockholders": -9526000.0,
        "Net Income": -9526000.0,
        "Net Income Including Noncontrolling Interests": -9526000.0,
        "Net Income Continuous Operations": -9526000.0,
        "Pretax Income": -9526000.0,
        "Net Non Operating Interest Income Expense": 2749000.0,
        "Interest Income Non Operating": 2749000.0,
        "Operating Income": -12275000.0,
        "Operating Expense": 22214000.0,
        "Depreciation Amortization Depletion Income Statement": 1068000.0,
        "Depreciation And Amortization In Income Statement": 1068000.0,
        "Research And Development": 6678000.0,
        "Selling General And Administration": 14468000.0,
        "Selling And Marketing Expense": 7365000.0,
        "General And Administrative Expense": 7103000.0,
        "Other Gand A": 7103000.0,
        "Gross Profit": 9939000.0,
        "Cost Of Revenue": 1403000.0,
        "Total Revenue": 11342000.0,
        "Operating Revenue": 11342000.0
    },
    "2024-06-30": {
        "Tax Effect Of Unusual Items": 0.0,
        "Tax Rate For Calcs": 0.0,
        "Normalized EBITDA": -10887000.0,
        "Net Income From Continuing Operation Net Minority Interest": -9375000.0,
        "Reconciled Depreciation": 1081000.0,
        "Reconciled Cost Of Revenue": 1441000.0,
        "EBITDA": -10887000.0,
        "EBIT": -11968000.0,
        "Net Interest Income": 2593000.0,
        "Interest Income": 2593000.0,
        "Normalized Income": -9375000.0,
        "Net Income From Continuing And Discontinued Operation": -9375000.0,
        "Total Expenses": 22397000.0,
        "Total Operating Income As Reported": -11968000.0,
        "Diluted Average Shares": 104639239.0,
        "Basic Average Shares": 104639239.0,
        "Diluted EPS": -0.09,
        "Basic EPS": -0.09,
        "Diluted NI Availto Com Stockholders": -9375000.0,
        "Net Income Common Stockholders": -9375000.0,
        "Net Income": -9375000.0,
        "Net Income Including Noncontrolling Interests": -9375000.0,
        "Net Income Continuous Operations": -9375000.0,
        "Pretax Income": -9375000.0,
        "Net Non Operating Interest Income Expense": 2593000.0,
        "Interest Income Non Operating": 2593000.0,
        "Operating Income": -11968000.0,
        "Operating Expense": 20909000.0,
        "Depreciation Amortization Depletion Income Statement": 1034000.0,
        "Depreciation And Amortization In Income Statement": 1034000.0,
        "Research And Development": 5619000.0,
        "Selling General And Administration": 14256000.0,
        "Selling And Marketing Expense": 6617000.0,
        "General And Administrative Expense": 7639000.0,
        "Other Gand A": 7639000.0,
        "Gross Profit": 8941000.0,
        "Cost Of Revenue": 1488000.0,
        "Total Revenue": 10429000.0,
        "Operating Revenue": 10429000.0
    },
    "2024-09-30": {
        "Tax Effect Of Unusual Items": 0.0,
        "Tax Rate For Calcs": 0.0,
        "Normalized EBITDA": -12987000.0,
        "Net Income From Continuing Operation Net Minority Interest": -11557000.0,
        "Reconciled Depreciation": 1066000.0,
        "Reconciled Cost Of Revenue": 1883000.0,
        "EBITDA": -12987000.0,
        "EBIT": -14053000.0,
        "Net Interest Income": 2496000.0,
        "Interest Income": 2496000.0,
        "Normalized Income": -11557000.0,
        "Net Income From Continuing And Discontinued Operation": -11557000.0,
        "Total Expenses": 22217000.0,
        "Total Operating Income As Reported": -14053000.0,
        "Diluted Average Shares": 105109603.0,
        "Basic Average Shares": 105109603.0,
        "Diluted EPS": -0.11,
        "Basic EPS": -0.11,
        "Diluted NI Availto Com Stockholders": -11557000.0,
        "Net Income Common Stockholders": -11557000.0,
        "Net Income": -11557000.0,
        "Net Income Including Noncontrolling Interests": -11557000.0,
        "Net Income Continuous Operations": -11557000.0,
        "Pretax Income": -11557000.0,
        "Net Non Operating Interest Income Expense": 2496000.0,
        "Interest Income Non Operating": 2496000.0,
        "Operating Income": -14053000.0,
        "Operating Expense": 20289000.0,
        "Depreciation Amortization Depletion Income Statement": 1021000.0,
        "Depreciation And Amortization In Income Statement": 1021000.0,
        "Research And Development": 5316000.0,
        "Selling General And Administration": 13952000.0,
        "Selling And Marketing Expense": 6207000.0,
        "General And Administrative Expense": 7745000.0,
        "Other Gand A": 7745000.0,
        "Gross Profit": 6236000.0,
        "Cost Of Revenue": 1928000.0,
        "Total Revenue": 8164000.0,
        "Operating Revenue": 8164000.0
    }
}