{
    "2023-03-31": {
        "Tax Effect Of Unusual Items": 0.0,
        "Tax Rate For Calcs": 0.0,
        "Normalized EBITDA": -2117414.0,
        "Total Unusual Items": 289929.0,
        "Total Unusual Items Excluding Goodwill": 289929.0,
        "Net Income From Continuing Operation Net Minority Interest": -1511732.0,
        "Reconciled Cost Of Revenue": 0.0,
        "EBITDA": -1827485.0,
        "EBIT": -1827485.0,
        "Net Interest Income": 25824.0,
        "Interest Expense": NaN,
        "Interest Income": 25824.0,
        "Normalized Income": -1801661.0,
        "Net Income From Continuing And Discontinued Operation": -1511732.0,
        "Total Expenses": 1827485.0,
        "Total Operating Income As Reported": -2590319.0,
        "Diluted Average Shares": 1326241.0,
        "Basic Average Shares": 1326241.0,
        "Diluted EPS": -1.2,
        "Basic EPS": -1.2,
        "Diluted NI Availto Com Stockholders": -1670065.0,
        "Net Income Common Stockholders": -1670065.0,
        "Preferred Stock Dividends": 158333.0,
        "Net Income": -1511732.0,
        "Net Income Including Noncontrolling Interests": -1511732.0,
        "Net Income Continuous Operations": -1511732.0,
        "Tax Provision": 0.0,
        "Pretax Income": -1511732.0,
        "Other Income Expense": 289929.0,
        "Special Income Charges": 0.0,
        "Other Special Charges": NaN,
        "Earnings From Equity Interest": NaN,
        "Gain On Sale Of Security": 289929.0,
        "Net Non Operating Interest Income Expense": 25824.0,
        "Interest Expense Non Operating": NaN,
        "Interest Income Non Operating": 25824.0,
        "Operating Income": -1827485.0,
        "Operating Expense": 1827485.0,
        "Other Operating Expenses": 762834.0,
        "Research And Development": 770430.0,
        "Selling General And Administration": 1057055.0,
        "General And Administrative Expense": 1057055.0,
        "Other Gand A": 701260.0,
        "Salaries And Wages": 355795.0,
        "Gross Profit": 0.0,
        "Cost Of Revenue": 0.0,
        "Total Revenue": 0.0,
        "Operating Revenue": 0.0
    },
    "2022-12-31": {
        "Tax Effect Of Unusual Items": 0.0,
        "Tax Rate For Calcs": 0.0,
        "Normalized EBITDA": -3740758.0,
        "Total Unusual Items": -4760.0,
        "Total Unusual Items Excluding Goodwill": -4760.0,
        "Net Income From Continuing Operation Net Minority Interest": -3745518.0,
        "Reconciled Cost Of Revenue": 0.0,
        "EBITDA": -3745518.0,
        "EBIT": -3745518.0,
        "Net Interest Income": 62432.0,
        "Interest Expense": 0.0,
        "Interest Income": 62432.0,
        "Normalized Income": -3740758.0,
        "Net Income From Continuing And Discontinued Operation": -3745518.0,
        "Total Expenses": 3808039.0,
        "Total Operating Income As Reported": -3808039.0,
        "Diluted Average Shares": NaN,
        "Basic Average Shares": NaN,
        "Diluted EPS": NaN,
        "Basic EPS": NaN,
        "Diluted NI Availto Com Stockholders": -3745518.0,
        "Net Income Common Stockholders": -3745518.0,
        "Preferred Stock Dividends": NaN,
        "Net Income": -3745518.0,
        "Net Income Including Noncontrolling Interests": -3745518.0,
        "Net Income Continuous Operations": -3745518.0,
        "Tax Provision": 0.0,
        "Pretax Income": -3745518.0,
        "Other Income Expense": 89.0,
        "Special Income Charges": 0.0,
        "Other Special Charges": 0.0,
        "Earnings From Equity Interest": NaN,
        "Gain On Sale Of Security": -4760.0,
        "Net Non Operating Interest Income Expense": 62432.0,
        "Interest Expense Non Operating": 0.0,
        "Interest Income Non Operating": 62432.0,
        "Operating Income": -3808039.0,
        "Operating Expense": 3808039.0,
        "Other Operating Expenses": NaN,
        "Research And Development": 2470480.0,
        "Selling General And Administration": 1337559.0,
        "General And Administrative Expense": 1337559.0,
        "Other Gand A": 1049070.0,
        "Salaries And Wages": 288489.0,
        "Gross Profit": 0.0,
        "Cost Of Revenue": 0.0,
        "Total Revenue": 0.0,
        "Operating Revenue": 0.0
    },
    "2022-09-30": {
        "Tax Effect Of Unusual Items": 0.0,
        "Tax Rate For Calcs": 0.0,
        "Normalized EBITDA": -3695640.0,
        "Total Unusual Items": 1899.0,
        "Total Unusual Items Excluding Goodwill": 1899.0,
        "Net Income From Continuing Operation Net Minority Interest": -3693741.0,
        "Reconciled Cost Of Revenue": 0.0,
        "EBITDA": -3693741.0,
        "EBIT": -3693741.0,
        "Net Interest Income": 15453.0,
        "Interest Expense": 0.0,
        "Interest Income": 15453.0,
        "Normalized Income": -3695640.0,
        "Net Income From Continuing And Discontinued Operation": -3693741.0,
        "Total Expenses": 3709893.0,
        "Total Operating Income As Reported": -3709893.0,
        "Diluted Average Shares": 39046852.0,
        "Basic Average Shares": 39046852.0,
        "Diluted EPS": -0.09,
        "Basic EPS": -0.09,
        "Diluted NI Availto Com Stockholders": -3693741.0,
        "Net Income Common Stockholders": -3693741.0,
        "Preferred Stock Dividends": NaN,
        "Net Income": -3693741.0,
        "Net Income Including Noncontrolling Interests": -3693741.0,
        "Net Income Continuous Operations": -3693741.0,
        "Tax Provision": 0.0,
        "Pretax Income": -3693741.0,
        "Other Income Expense": 699.0,
        "Special Income Charges": 0.0,
        "Other Special Charges": NaN,
        "Earnings From Equity Interest": -1200.0,
        "Gain On Sale Of Security": 1899.0,
        "Net Non Operating Interest Income Expense": 15453.0,
        "Interest Expense Non Operating": 0.0,
        "Interest Income Non Operating": 15453.0,
        "Operating Income": -3709893.0,
        "Operating Expense": 3709893.0,
        "Other Operating Expenses": NaN,
        "Research And Development": 1803232.0,
        "Selling General And Administration": 1906661.0,
        "General And Administrative Expense": 1906661.0,
        "Other Gand A": 1222597.0,
        "Salaries And Wages": 684064.0,
        "Gross Profit": 0.0,
        "Cost Of Revenue": 0.0,
        "Total Revenue": 0.0,
        "Operating Revenue": 0.0
    },
    "2022-06-30": {
        "Tax Effect Of Unusual Items": 0.0,
        "Tax Rate For Calcs": 0.0,
        "Normalized EBITDA": -3638990.0,
        "Total Unusual Items": 2947.0,
        "Total Unusual Items Excluding Goodwill": 2947.0,
        "Net Income From Continuing Operation Net Minority Interest": -3636043.0,
        "Reconciled Depreciation": 0.0,
        "Reconciled Cost Of Revenue": 0.0,
        "EBITDA": -3636043.0,
        "EBIT": -3636043.0,
        "Net Interest Income": 5986.0,
        "Interest Expense": 0.0,
        "Interest Income": 5986.0,
        "Normalized Income": -3638990.0,
        "Net Income From Continuing And Discontinued Operation": -3636043.0,
        "Total Expenses": 3642977.0,
        "Total Operating Income As Reported": -3642977.0,
        "Diluted Average Shares": 38325311.0,
        "Basic Average Shares": 38325311.0,
        "Diluted EPS": -0.09,
        "Basic EPS": -0.09,
        "Diluted NI Availto Com Stockholders": -3636043.0,
        "Net Income Common Stockholders": -3636043.0,
        "Preferred Stock Dividends": NaN,
        "Net Income": -3636043.0,
        "Net Income Including Noncontrolling Interests": -3636043.0,
        "Net Income Continuous Operations": -3636043.0,
        "Tax Provision": 0.0,
        "Pretax Income": -3636043.0,
        "Other Income Expense": 948.0,
        "Special Income Charges": 0.0,
        "Other Special Charges": NaN,
        "Earnings From Equity Interest": -1999.0,
        "Gain On Sale Of Security": 2947.0,
        "Net Non Operating Interest Income Expense": 5986.0,
        "Interest Expense Non Operating": 0.0,
        "Interest Income Non Operating": 5986.0,
        "Operating Income": -3642977.0,
        "Operating Expense": 3642977.0,
        "Other Operating Expenses": NaN,
        "Depreciation Amortization Depletion Income Statement": 0.0,
        "Depreciation And Amortization In Income Statement": 0.0,
        "Amortization": 0.0,
        "Amortization Of Intangibles Income Statement": 0.0,
        "Research And Development": 2163968.0,
        "Selling General And Administration": 1479009.0,
        "General And Administrative Expense": 1479009.0,
        "Other Gand A": 1038844.0,
        "Salaries And Wages": 440165.0,
        "Gross Profit": 0.0,
        "Cost Of Revenue": 0.0,
        "Total Revenue": 0.0,
        "Operating Revenue": 0.0
    },
    "2022-03-31": {
        "Diluted EPS": -0.11,
        "Total Revenue": NaN,
        "Gross Profit": NaN,
        "Operating Income": -4,
        "EBIT": -4,
        "Net Income": -4
    },
    "2021-12-31": {
        "Diluted EPS": -0.09,
        "Total Revenue": NaN,
        "Gross Profit": NaN,
        "Operating Income": -3,
        "EBIT": -3,
        "Net Income": -3
    },
    "2021-09-30": {
        "Diluted EPS": -0.15,
        "Total Revenue": NaN,
        "Gross Profit": NaN,
        "Operating Income": -4,
        "EBIT": -4,
        "Net Income": -5
    },
    "2021-06-30": {
        "Diluted EPS": -0.5,
        "Total Revenue": NaN,
        "Gross Profit": NaN,
        "Operating Income": -18,
        "EBIT": -18,
        "Net Income": -18
    },
    "2021-03-31": {
        "Diluted EPS": -0.11,
        "Total Revenue": NaN,
        "Gross Profit": NaN,
        "Operating Income": -3,
        "EBIT": -2,
        "Net Income": -3
    },
    "2020-12-31": {
        "Diluted EPS": 2.99,
        "Total Revenue": NaN,
        "Gross Profit": NaN,
        "Operating Income": -2,
        "EBIT": -3,
        "Net Income": -2
    },
    "2020-09-30": {
        "Diluted EPS": -0.11,
        "Total Revenue": NaN,
        "Gross Profit": NaN,
        "Operating Income": -3,
        "EBIT": -1,
        "Net Income": -3
    },
    "2020-06-30": {
        "Diluted EPS": -0.04,
        "Total Revenue": NaN,
        "Gross Profit": NaN,
        "Operating Income": -1,
        "EBIT": -1,
        "Net Income": -1
    },
    "2020-03-31": {
        "Diluted EPS": -3.18,
        "Total Revenue": NaN,
        "Gross Profit": NaN,
        "Operating Income": -4,
        "EBIT": -4,
        "Net Income": -4
    },
    "2019-12-31": {
        "Diluted EPS": -3.28,
        "Total Revenue": NaN,
        "Gross Profit": NaN,
        "Operating Income": 0,
        "EBIT": 0,
        "Net Income": -1
    },
    "2019-09-30": {
        "Diluted EPS": -3.08,
        "Total Revenue": NaN,
        "Gross Profit": NaN,
        "Operating Income": -1,
        "EBIT": -1,
        "Net Income": -1
    },
    "2019-06-30": {
        "Diluted EPS": -2.94,
        "Total Revenue": 0,
        "Gross Profit": 0,
        "Operating Income": -1,
        "EBIT": -1,
        "Net Income": -1
    },
    "2019-03-31": {
        "Diluted EPS": -3.4,
        "Total Revenue": 1,
        "Gross Profit": 0,
        "Operating Income": -1,
        "EBIT": -1,
        "Net Income": -1
    },
    "2018-12-31": {
        "Diluted EPS": -13.39,
        "Total Revenue": 0,
        "Gross Profit": 0,
        "Operating Income": -3,
        "EBIT": -3,
        "Net Income": -4
    },
    "2018-09-30": {
        "Diluted EPS": -12.47,
        "Total Revenue": 1,
        "Gross Profit": 0,
        "Operating Income": -3,
        "EBIT": -3,
        "Net Income": -3
    },
    "2018-06-30": {
        "Diluted EPS": -8.63,
        "Total Revenue": 1,
        "Gross Profit": 0,
        "Operating Income": -2,
        "EBIT": -2,
        "Net Income": -2
    },
    "2018-03-31": {
        "Diluted EPS": -10.07,
        "Total Revenue": 0,
        "Gross Profit": 0,
        "Operating Income": -2,
        "EBIT": -2,
        "Net Income": -2
    },
    "2017-12-31": {
        "Diluted EPS": -144.37,
        "Total Revenue": 1,
        "Gross Profit": -1,
        "Operating Income": -3,
        "EBIT": -3,
        "Net Income": -4
    },
    "2017-09-30": {
        "Diluted EPS": -49.88,
        "Total Revenue": 1,
        "Gross Profit": 0,
        "Operating Income": -1,
        "EBIT": -1,
        "Net Income": -1
    },
    "2017-06-30": {
        "Diluted EPS": -34.53,
        "Total Revenue": 1,
        "Gross Profit": 1,
        "Operating Income": -1,
        "EBIT": -1,
        "Net Income": -1
    },
    "2017-03-31": {
        "Diluted EPS": -72.9,
        "Total Revenue": 1,
        "Gross Profit": 0,
        "Operating Income": -1,
        "EBIT": -1,
        "Net Income": -1
    },
    "2016-12-31": {
        "Diluted EPS": -76.74,
        "Total Revenue": 1,
        "Gross Profit": 0,
        "Operating Income": 2,
        "EBIT": 2,
        "Net Income": -1
    },
    "2016-09-30": {
        "Diluted EPS": 23.02,
        "Total Revenue": 1,
        "Gross Profit": 0,
        "Operating Income": -2,
        "EBIT": -2,
        "Net Income": 0
    },
    "2016-06-30": {
        "Diluted EPS": -72.9,
        "Total Revenue": 1,
        "Gross Profit": 1,
        "Operating Income": -1,
        "EBIT": -1,
        "Net Income": -1
    },
    "2016-03-31": {
        "Diluted EPS": -107.43,
        "Total Revenue": 1,
        "Gross Profit": 1,
        "Operating Income": -2,
        "EBIT": -1,
        "Net Income": -2
    },
    "2015-12-31": {
        "Diluted EPS": -264.75,
        "Total Revenue": 0,
        "Gross Profit": 0,
        "Operating Income": -4,
        "EBIT": -4,
        "Net Income": -4
    },
    "2015-09-30": {
        "Diluted EPS": -172.66,
        "Total Revenue": 0,
        "Gross Profit": 0,
        "Operating Income": -2,
        "EBIT": -2,
        "Net Income": -2
    },
    "2015-06-30": {
        "Diluted EPS": -157.31,
        "Total Revenue": 1,
        "Gross Profit": 1,
        "Operating Income": -2,
        "EBIT": -2,
        "Net Income": -2
    },
    "2015-03-31": {
        "Diluted EPS": -99.76,
        "Total Revenue": 1,
        "Gross Profit": 0,
        "Operating Income": -1,
        "EBIT": -1,
        "Net Income": -1
    },
    "2014-12-31": {
        "Diluted EPS": -72.9,
        "Total Revenue": 1,
        "Gross Profit": 1,
        "Operating Income": -1,
        "EBIT": -1,
        "Net Income": -1
    },
    "2014-09-30": {
        "Diluted EPS": -88.25,
        "Total Revenue": 0,
        "Gross Profit": 0,
        "Operating Income": -1,
        "EBIT": -1,
        "Net Income": -1
    },
    "2014-06-30": {
        "Diluted EPS": -38.37,
        "Total Revenue": 1,
        "Gross Profit": 1,
        "Operating Income": -1,
        "EBIT": 0,
        "Net Income": -1
    },
    "2014-03-31": {
        "Diluted EPS": -53.72,
        "Total Revenue": 1,
        "Gross Profit": 1,
        "Operating Income": -1,
        "EBIT": -1,
        "Net Income": -1
    },
    "2013-12-31": {
        "Diluted EPS": -199.52,
        "Total Revenue": 1,
        "Gross Profit": 0,
        "Operating Income": -1,
        "EBIT": -1,
        "Net Income": -1
    },
    "2013-09-30": {
        "Diluted EPS": -115.11,
        "Total Revenue": 0,
        "Gross Profit": 0,
        "Operating Income": -1,
        "EBIT": 0,
        "Net Income": -1
    },
    "2013-06-30": {
        "Diluted EPS": -72.9,
        "Total Revenue": 1,
        "Gross Profit": 0,
        "Operating Income": 0,
        "EBIT": 0,
        "Net Income": 0
    },
    "2013-03-31": {
        "Diluted EPS": 19.19,
        "Total Revenue": 2,
        "Gross Profit": 1,
        "Operating Income": 0,
        "EBIT": 0,
        "Net Income": 0
    },
    "2012-12-31": {
        "Diluted EPS": 0.0,
        "Total Revenue": NaN,
        "Gross Profit": NaN,
        "Operating Income": NaN,
        "EBIT": NaN,
        "Net Income": NaN
    },
    "2011-12-31": {
        "Diluted EPS": 0.0,
        "Total Revenue": NaN,
        "Gross Profit": NaN,
        "Operating Income": NaN,
        "EBIT": NaN,
        "Net Income": NaN
    },
    "2023-06-30": {
        "Tax Effect Of Unusual Items": 0.0,
        "Tax Rate For Calcs": 0.0,
        "Normalized EBITDA": -7220760.0,
        "Total Unusual Items": 1439128.0,
        "Total Unusual Items Excluding Goodwill": 1439128.0,
        "Net Income From Continuing Operation Net Minority Interest": -4167653.0,
        "Reconciled Cost Of Revenue": 0.0,
        "EBITDA": -5781632.0,
        "EBIT": -5781632.0,
        "Net Interest Income": 174851.0,
        "Interest Expense": NaN,
        "Interest Income": 174851.0,
        "Normalized Income": -5606781.0,
        "Net Income From Continuing And Discontinued Operation": -4167653.0,
        "Total Expenses": 5781632.0,
        "Total Operating Income As Reported": -5781632.0,
        "Diluted Average Shares": 1345060.0,
        "Basic Average Shares": 1345060.0,
        "Diluted EPS": -3.3,
        "Basic EPS": -3.3,
        "Diluted NI Availto Com Stockholders": -4541449.0,
        "Net Income Common Stockholders": -4541449.0,
        "Preferred Stock Dividends": 373796.0,
        "Net Income": -4167653.0,
        "Net Income Including Noncontrolling Interests": -4167653.0,
        "Net Income Continuous Operations": -4167653.0,
        "Tax Provision": 0.0,
        "Pretax Income": -4167653.0,
        "Other Income Expense": 1439128.0,
        "Special Income Charges": 0.0,
        "Other Special Charges": NaN,
        "Earnings From Equity Interest": NaN,
        "Gain On Sale Of Security": 1439128.0,
        "Net Non Operating Interest Income Expense": 174851.0,
        "Interest Expense Non Operating": NaN,
        "Interest Income Non Operating": 174851.0,
        "Operating Income": -5781632.0,
        "Operating Expense": 5781632.0,
        "Other Operating Expenses": NaN,
        "Research And Development": 2224444.0,
        "Selling General And Administration": 3557188.0,
        "General And Administrative Expense": 3557188.0,
        "Other Gand A": 1482070.0,
        "Salaries And Wages": 2075118.0,
        "Gross Profit": 0.0,
        "Cost Of Revenue": 0.0,
        "Total Revenue": 0.0,
        "Operating Revenue": 0.0
    },
    "2023-09-30": {
        "Tax Effect Of Unusual Items": 0.0,
        "Tax Rate For Calcs": 0.0,
        "Normalized EBITDA": -11589614.0,
        "Total Unusual Items": 7747026.0,
        "Total Unusual Items Excluding Goodwill": 7747026.0,
        "Net Income From Continuing Operation Net Minority Interest": 4042994.0,
        "Reconciled Cost Of Revenue": 0.0,
        "EBITDA": -3842588.0,
        "EBIT": -3842588.0,
        "Net Interest Income": 139056.0,
        "Interest Expense": NaN,
        "Interest Income": 139056.0,
        "Normalized Income": -3704032.0,
        "Net Income From Continuing And Discontinued Operation": 4042994.0,
        "Total Expenses": 3842588.0,
        "Total Operating Income As Reported": -3842588.0,
        "Diluted Average Shares": 1498303.0,
        "Basic Average Shares": 1498303.0,
        "Diluted EPS": 1.8,
        "Basic EPS": 1.8,
        "Diluted NI Availto Com Stockholders": 2884943.0,
        "Net Income Common Stockholders": 2884943.0,
        "Preferred Stock Dividends": 1158051.0,
        "Net Income": 4042994.0,
        "Net Income Including Noncontrolling Interests": 4042994.0,
        "Net Income Continuous Operations": 4042994.0,
        "Tax Provision": 0.0,
        "Pretax Income": 4042994.0,
        "Other Income Expense": 7746526.0,
        "Special Income Charges": -178198.0,
        "Other Special Charges": 178198.0,
        "Earnings From Equity Interest": -500.0,
        "Gain On Sale Of Security": 7925224.0,
        "Net Non Operating Interest Income Expense": 139056.0,
        "Interest Expense Non Operating": NaN,
        "Interest Income Non Operating": 139056.0,
        "Operating Income": -3842588.0,
        "Operating Expense": 3842588.0,
        "Other Operating Expenses": NaN,
        "Research And Development": 1912322.0,
        "Selling General And Administration": 1930266.0,
        "General And Administrative Expense": 1930266.0,
        "Other Gand A": 996742.0,
        "Salaries And Wages": 933524.0,
        "Gross Profit": 0.0,
        "Cost Of Revenue": 0.0,
        "Total Revenue": 0.0,
        "Operating Revenue": 0.0
    }
}