{
    "2023-12-31": {
        "Tax Effect Of Unusual Items": 0.0,
        "Tax Rate For Calcs": 0.21,
        "Normalized EBITDA": -2352964.0,
        "Net Income From Continuing Operation Net Minority Interest": -2460104.0,
        "Reconciled Depreciation": 80212.0,
        "Reconciled Cost Of Revenue": 1651506.0,
        "EBITDA": -2352964.0,
        "EBIT": -2433176.0,
        "Net Interest Income": 108221.0,
        "Interest Income": 108221.0,
        "Normalized Income": -2460104.0,
        "Net Income From Continuing And Discontinued Operation": -2460104.0,
        "Total Expenses": 7189560.0,
        "Total Operating Income As Reported": -2433177.0,
        "Diluted Average Shares": 35182105.0,
        "Basic Average Shares": 35182105.0,
        "Diluted EPS": -0.07,
        "Basic EPS": -0.07,
        "Diluted NI Availto Com Stockholders": -2460104.0,
        "Net Income Common Stockholders": -2460104.0,
        "Net Income": -2460104.0,
        "Net Income Including Noncontrolling Interests": -2460104.0,
        "Net Income Continuous Operations": -2460104.0,
        "Tax Provision": 70798.0,
        "Pretax Income": -2389305.0,
        "Other Income Expense": -64350.0,
        "Other Non Operating Income Expenses": 5313.0,
        "Earnings From Equity Interest": -69663.0,
        "Net Non Operating Interest Income Expense": 108221.0,
        "Interest Income Non Operating": 108221.0,
        "Operating Income": -2433176.0,
        "Operating Expense": 5538054.0,
        "Research And Development": 878006.0,
        "Selling General And Administration": 4660048.0,
        "Selling And Marketing Expense": NaN,
        "General And Administrative Expense": NaN,
        "Other Gand A": NaN,
        "Gross Profit": 3104878.0,
        "Cost Of Revenue": 1651506.0,
        "Total Revenue": 4756383.0,
        "Operating Revenue": 4756383.0
    },
    "2023-09-30": {
        "Tax Effect Of Unusual Items": 0.0,
        "Tax Rate For Calcs": 0.21,
        "Normalized EBITDA": -1897147.0,
        "Net Income From Continuing Operation Net Minority Interest": -2029016.0,
        "Reconciled Depreciation": 127222.0,
        "Reconciled Cost Of Revenue": 1590675.0,
        "EBITDA": -1897147.0,
        "EBIT": -2024369.0,
        "Net Interest Income": 112300.0,
        "Interest Income": 112300.0,
        "Normalized Income": -2029016.0,
        "Net Income From Continuing And Discontinued Operation": -2029016.0,
        "Total Expenses": 7103892.0,
        "Total Operating Income As Reported": -2024369.0,
        "Diluted Average Shares": 35266361.0,
        "Basic Average Shares": 35266361.0,
        "Diluted EPS": -0.06,
        "Basic EPS": -0.06,
        "Diluted NI Availto Com Stockholders": -2029016.0,
        "Net Income Common Stockholders": -2029016.0,
        "Net Income": -2029016.0,
        "Net Income Including Noncontrolling Interests": -2029016.0,
        "Net Income Continuous Operations": -2029016.0,
        "Tax Provision": 46356.0,
        "Pretax Income": -1982660.0,
        "Other Income Expense": -70591.0,
        "Other Non Operating Income Expenses": -467.0,
        "Earnings From Equity Interest": -70124.0,
        "Net Non Operating Interest Income Expense": 112300.0,
        "Interest Income Non Operating": 112300.0,
        "Operating Income": -2024369.0,
        "Operating Expense": 5513217.0,
        "Research And Development": 717256.0,
        "Selling General And Administration": 4795961.0,
        "Selling And Marketing Expense": 2387090.0,
        "General And Administrative Expense": 2408871.0,
        "Other Gand A": 2408871.0,
        "Gross Profit": 3488848.0,
        "Cost Of Revenue": 1590675.0,
        "Total Revenue": 5079523.0,
        "Operating Revenue": 5079523.0
    },
    "2023-06-30": {
        "Tax Effect Of Unusual Items": NaN,
        "Tax Rate For Calcs": NaN,
        "Normalized EBITDA": NaN,
        "Net Income From Continuing Operation Net Minority Interest": NaN,
        "Reconciled Depreciation": NaN,
        "Reconciled Cost Of Revenue": NaN,
        "EBITDA": NaN,
        "EBIT": NaN,
        "Net Interest Income": NaN,
        "Interest Income": NaN,
        "Normalized Income": NaN,
        "Net Income From Continuing And Discontinued Operation": NaN,
        "Total Expenses": NaN,
        "Total Operating Income As Reported": NaN,
        "Diluted Average Shares": NaN,
        "Basic Average Shares": NaN,
        "Diluted EPS": NaN,
        "Basic EPS": NaN,
        "Diluted NI Availto Com Stockholders": NaN,
        "Net Income Common Stockholders": NaN,
        "Net Income": NaN,
        "Net Income Including Noncontrolling Interests": NaN,
        "Net Income Continuous Operations": NaN,
        "Tax Provision": NaN,
        "Pretax Income": NaN,
        "Other Income Expense": -18145.0,
        "Other Non Operating Income Expenses": -5631.0,
        "Earnings From Equity Interest": NaN,
        "Net Non Operating Interest Income Expense": NaN,
        "Interest Income Non Operating": NaN,
        "Operating Income": NaN,
        "Operating Expense": NaN,
        "Research And Development": NaN,
        "Selling General And Administration": NaN,
        "Selling And Marketing Expense": 2271937.0,
        "General And Administrative Expense": 2547890.0,
        "Other Gand A": 2547890.0,
        "Gross Profit": NaN,
        "Cost Of Revenue": NaN,
        "Total Revenue": NaN,
        "Operating Revenue": NaN
    },
    "2023-03-31": {
        "Tax Effect Of Unusual Items": NaN,
        "Tax Rate For Calcs": NaN,
        "Normalized EBITDA": NaN,
        "Total Unusual Items": -17202.0,
        "Total Unusual Items Excluding Goodwill": -17202.0,
        "Net Income From Continuing Operation Net Minority Interest": NaN,
        "Reconciled Depreciation": NaN,
        "Reconciled Cost Of Revenue": NaN,
        "EBITDA": NaN,
        "EBIT": NaN,
        "Net Interest Income": NaN,
        "Interest Income": NaN,
        "Normalized Income": NaN,
        "Net Income From Continuing And Discontinued Operation": NaN,
        "Total Expenses": NaN,
        "Total Operating Income As Reported": NaN,
        "Diluted Average Shares": NaN,
        "Basic Average Shares": NaN,
        "Diluted EPS": NaN,
        "Basic EPS": NaN,
        "Diluted NI Availto Com Stockholders": NaN,
        "Net Income Common Stockholders": NaN,
        "Net Income": NaN,
        "Net Income Including Noncontrolling Interests": NaN,
        "Net Income Continuous Operations": NaN,
        "Tax Provision": NaN,
        "Pretax Income": NaN,
        "Other Income Expense": -17233.0,
        "Other Non Operating Income Expenses": -31.0,
        "Earnings From Equity Interest": NaN,
        "Gain On Sale Of Security": -17202.0,
        "Net Non Operating Interest Income Expense": NaN,
        "Interest Income Non Operating": NaN,
        "Operating Income": NaN,
        "Operating Expense": NaN,
        "Research And Development": NaN,
        "Selling General And Administration": NaN,
        "Selling And Marketing Expense": NaN,
        "General And Administrative Expense": NaN,
        "Other Gand A": NaN,
        "Gross Profit": NaN,
        "Cost Of Revenue": NaN,
        "Total Revenue": NaN,
        "Operating Revenue": NaN
    },
    "2024-03-31": {
        "Tax Effect Of Unusual Items": 0.0,
        "Tax Rate For Calcs": 0.21,
        "Normalized EBITDA": -3800424.0,
        "Net Income From Continuing Operation Net Minority Interest": -3835632.0,
        "Reconciled Depreciation": 88343.0,
        "Reconciled Cost Of Revenue": 1455345.0,
        "EBITDA": -3800424.0,
        "EBIT": -3888767.0,
        "Net Interest Income": 135293.0,
        "Interest Income": 135293.0,
        "Normalized Income": -3835632.0,
        "Net Income From Continuing And Discontinued Operation": -3835632.0,
        "Total Expenses": 7643156.0,
        "Total Operating Income As Reported": -3888767.0,
        "Diluted Average Shares": 36752597.0,
        "Basic Average Shares": 36752597.0,
        "Diluted EPS": -0.1,
        "Basic EPS": -0.1,
        "Diluted NI Availto Com Stockholders": -3835632.0,
        "Net Income Common Stockholders": -3835632.0,
        "Net Income": -3835632.0,
        "Net Income Including Noncontrolling Interests": -3835632.0,
        "Net Income Continuous Operations": -3835632.0,
        "Tax Provision": 82158.0,
        "Pretax Income": -3753474.0,
        "Other Income Expense": NaN,
        "Other Non Operating Income Expenses": NaN,
        "Earnings From Equity Interest": 0.0,
        "Net Non Operating Interest Income Expense": 135293.0,
        "Interest Income Non Operating": 135293.0,
        "Operating Income": -3888767.0,
        "Operating Expense": 6187811.0,
        "Research And Development": 956215.0,
        "Selling General And Administration": 5231596.0,
        "Selling And Marketing Expense": 2361845.0,
        "General And Administrative Expense": 2869751.0,
        "Other Gand A": 2869751.0,
        "Gross Profit": 2299044.0,
        "Cost Of Revenue": 1455345.0,
        "Total Revenue": 3754389.0,
        "Operating Revenue": 3754389.0
    },
    "2022-12-31": {
        "Tax Effect Of Unusual Items": NaN,
        "Tax Rate For Calcs": NaN,
        "Normalized EBITDA": NaN,
        "Total Unusual Items": NaN,
        "Total Unusual Items Excluding Goodwill": NaN,
        "Net Income From Continuing Operation Net Minority Interest": NaN,
        "Reconciled Depreciation": NaN,
        "Reconciled Cost Of Revenue": NaN,
        "EBITDA": NaN,
        "EBIT": NaN,
        "Net Interest Income": NaN,
        "Interest Income": NaN,
        "Normalized Income": NaN,
        "Net Income From Continuing And Discontinued Operation": NaN,
        "Total Expenses": NaN,
        "Total Operating Income As Reported": NaN,
        "Diluted Average Shares": NaN,
        "Basic Average Shares": NaN,
        "Diluted EPS": NaN,
        "Basic EPS": NaN,
        "Diluted NI Availto Com Stockholders": NaN,
        "Net Income Common Stockholders": NaN,
        "Net Income": NaN,
        "Net Income Including Noncontrolling Interests": NaN,
        "Net Income Continuous Operations": NaN,
        "Tax Provision": NaN,
        "Pretax Income": NaN,
        "Other Income Expense": -50095.0,
        "Other Non Operating Income Expenses": -33444.0,
        "Earnings From Equity Interest": NaN,
        "Gain On Sale Of Security": NaN,
        "Net Non Operating Interest Income Expense": NaN,
        "Interest Income Non Operating": NaN,
        "Operating Income": NaN,
        "Operating Expense": NaN,
        "Research And Development": NaN,
        "Selling General And Administration": NaN,
        "Selling And Marketing Expense": NaN,
        "General And Administrative Expense": NaN,
        "Other Gand A": NaN,
        "Gross Profit": NaN,
        "Cost Of Revenue": NaN,
        "Total Revenue": NaN,
        "Operating Revenue": NaN
    },
    "2022-09-30": {
        "Tax Effect Of Unusual Items": NaN,
        "Tax Rate For Calcs": NaN,
        "Normalized EBITDA": NaN,
        "Total Unusual Items": -16652.0,
        "Total Unusual Items Excluding Goodwill": -16652.0,
        "Net Income From Continuing Operation Net Minority Interest": NaN,
        "Reconciled Depreciation": NaN,
        "Reconciled Cost Of Revenue": NaN,
        "EBITDA": NaN,
        "EBIT": NaN,
        "Net Interest Income": NaN,
        "Interest Income": NaN,
        "Normalized Income": NaN,
        "Net Income From Continuing And Discontinued Operation": NaN,
        "Total Expenses": NaN,
        "Total Operating Income As Reported": NaN,
        "Diluted Average Shares": NaN,
        "Basic Average Shares": NaN,
        "Diluted EPS": NaN,
        "Basic EPS": NaN,
        "Diluted NI Availto Com Stockholders": NaN,
        "Net Income Common Stockholders": NaN,
        "Net Income": NaN,
        "Net Income Including Noncontrolling Interests": NaN,
        "Net Income Continuous Operations": NaN,
        "Tax Provision": NaN,
        "Pretax Income": NaN,
        "Other Income Expense": NaN,
        "Other Non Operating Income Expenses": NaN,
        "Earnings From Equity Interest": NaN,
        "Gain On Sale Of Security": -16652.0,
        "Net Non Operating Interest Income Expense": NaN,
        "Interest Income Non Operating": NaN,
        "Operating Income": NaN,
        "Operating Expense": NaN,
        "Research And Development": NaN,
        "Selling General And Administration": NaN,
        "Selling And Marketing Expense": NaN,
        "General And Administrative Expense": NaN,
        "Other Gand A": NaN,
        "Gross Profit": NaN,
        "Cost Of Revenue": NaN,
        "Total Revenue": NaN,
        "Operating Revenue": NaN
    },
    "2024-06-30": {
        "Tax Effect Of Unusual Items": 0.0,
        "Tax Rate For Calcs": 0.21,
        "Normalized EBITDA": -1013687.0,
        "Net Income From Continuing Operation Net Minority Interest": -1121607.0,
        "Reconciled Depreciation": 101377.0,
        "Reconciled Cost Of Revenue": 2195255.0,
        "EBITDA": -1013687.0,
        "EBIT": -1115064.0,
        "Net Interest Income": 107242.0,
        "Interest Income": 107242.0,
        "Normalized Income": -1121607.0,
        "Net Income From Continuing And Discontinued Operation": -1121607.0,
        "Total Expenses": 8635831.0,
        "Total Operating Income As Reported": -1115064.0,
        "Diluted Average Shares": 37368488.0,
        "Basic Average Shares": 37368488.0,
        "Diluted EPS": -0.03,
        "Basic EPS": -0.03,
        "Diluted NI Availto Com Stockholders": -1121607.0,
        "Net Income Common Stockholders": -1121607.0,
        "Net Income": -1121607.0,
        "Net Income Including Noncontrolling Interests": -1121607.0,
        "Net Income Continuous Operations": -1121607.0,
        "Tax Provision": 113785.0,
        "Pretax Income": -1007822.0,
        "Other Income Expense": NaN,
        "Other Non Operating Income Expenses": NaN,
        "Earnings From Equity Interest": 0.0,
        "Net Non Operating Interest Income Expense": 107242.0,
        "Interest Income Non Operating": 107242.0,
        "Operating Income": -1115064.0,
        "Operating Expense": 6440576.0,
        "Research And Development": 1007224.0,
        "Selling General And Administration": 5433352.0,
        "Selling And Marketing Expense": 2777135.0,
        "General And Administrative Expense": 2656217.0,
        "Other Gand A": 2656217.0,
        "Gross Profit": 5325512.0,
        "Cost Of Revenue": 2195255.0,
        "Total Revenue": 7520767.0,
        "Operating Revenue": 7520767.0
    },
    "2024-09-30": {
        "Tax Effect Of Unusual Items": 0.0,
        "Tax Rate For Calcs": 0.21,
        "Normalized EBITDA": -836335.0,
        "Net Income From Continuing Operation Net Minority Interest": -966409.0,
        "Reconciled Depreciation": 121218.0,
        "Reconciled Cost Of Revenue": 2262031.0,
        "EBITDA": -836335.0,
        "EBIT": -957553.0,
        "Net Interest Income": 76020.0,
        "Interest Income": 76020.0,
        "Normalized Income": -966409.0,
        "Net Income From Continuing And Discontinued Operation": -966409.0,
        "Total Expenses": 10165139.0,
        "Total Operating Income As Reported": -957553.0,
        "Diluted Average Shares": 37950515.0,
        "Basic Average Shares": 37950515.0,
        "Diluted EPS": -0.03,
        "Basic EPS": -0.03,
        "Diluted NI Availto Com Stockholders": -966409.0,
        "Net Income Common Stockholders": -966409.0,
        "Net Income": -966409.0,
        "Net Income Including Noncontrolling Interests": -966409.0,
        "Net Income Continuous Operations": -966409.0,
        "Tax Provision": 84876.0,
        "Pretax Income": -881533.0,
        "Other Income Expense": NaN,
        "Other Non Operating Income Expenses": NaN,
        "Earnings From Equity Interest": 0.0,
        "Net Non Operating Interest Income Expense": 76020.0,
        "Interest Income Non Operating": 76020.0,
        "Operating Income": -957553.0,
        "Operating Expense": 7903108.0,
        "Research And Development": 1248870.0,
        "Selling General And Administration": 6654238.0,
        "Selling And Marketing Expense": 3401182.0,
        "General And Administrative Expense": 3253056.0,
        "Other Gand A": 3253056.0,
        "Gross Profit": 6945555.0,
        "Cost Of Revenue": 2262031.0,
        "Total Revenue": 9207586.0,
        "Operating Revenue": 9207586.0
    }
}