{
    "2023-03-31": {
        "Tax Effect Of Unusual Items": 0.0,
        "Tax Rate For Calcs": 0.21,
        "Normalized EBITDA": -1060000.0,
        "Net Income From Continuing Operation Net Minority Interest": -1097000.0,
        "Reconciled Depreciation": 1000.0,
        "Reconciled Cost Of Revenue": 119000.0,
        "EBITDA": -1060000.0,
        "EBIT": -1061000.0,
        "Net Interest Income": -40000.0,
        "Interest Expense": 34000.0,
        "Normalized Income": -1097000.0,
        "Net Income From Continuing And Discontinued Operation": -1097000.0,
        "Total Expenses": 1409000.0,
        "Total Operating Income As Reported": -1055000.0,
        "Diluted Average Shares": 1651936.0,
        "Basic Average Shares": 1651936.0,
        "Diluted EPS": -0.67,
        "Basic EPS": -0.67,
        "Diluted NI Availto Com Stockholders": -1097000.0,
        "Net Income Common Stockholders": -1097000.0,
        "Net Income": -1097000.0,
        "Net Income Including Noncontrolling Interests": -1097000.0,
        "Net Income Continuous Operations": -1097000.0,
        "Tax Provision": 2000.0,
        "Pretax Income": -1095000.0,
        "Net Non Operating Interest Income Expense": -40000.0,
        "Total Other Finance Cost": 6000.0,
        "Interest Expense Non Operating": 34000.0,
        "Operating Income": -1055000.0,
        "Operating Expense": 1290000.0,
        "Research And Development": 55000.0,
        "Selling General And Administration": 1235000.0,
        "Selling And Marketing Expense": 214000.0,
        "General And Administrative Expense": 1021000.0,
        "Other Gand A": 1021000.0,
        "Gross Profit": 235000.0,
        "Cost Of Revenue": 119000.0,
        "Total Revenue": 354000.0,
        "Operating Revenue": 354000.0
    },
    "2022-12-31": {
        "Tax Effect Of Unusual Items": 0.0,
        "Tax Rate For Calcs": 0.001455,
        "Normalized EBITDA": -1762000.0,
        "Net Income From Continuing Operation Net Minority Interest": -2059000.0,
        "Reconciled Depreciation": 0.0,
        "Reconciled Cost Of Revenue": 198000.0,
        "EBITDA": -1762000.0,
        "EBIT": -1762000.0,
        "Net Interest Income": -354000.0,
        "Interest Expense": 300000.0,
        "Normalized Income": -2059000.0,
        "Net Income From Continuing And Discontinued Operation": -2059000.0,
        "Total Expenses": 1606000.0,
        "Total Operating Income As Reported": -1708000.0,
        "Diluted Average Shares": NaN,
        "Basic Average Shares": NaN,
        "Diluted EPS": NaN,
        "Basic EPS": NaN,
        "Diluted NI Availto Com Stockholders": -2059000.0,
        "Net Income Common Stockholders": -2059000.0,
        "Net Income": -2059000.0,
        "Net Income Including Noncontrolling Interests": -2059000.0,
        "Net Income Continuous Operations": -2059000.0,
        "Tax Provision": -3000.0,
        "Pretax Income": -2062000.0,
        "Net Non Operating Interest Income Expense": -354000.0,
        "Total Other Finance Cost": NaN,
        "Interest Expense Non Operating": 300000.0,
        "Operating Income": -1708000.0,
        "Operating Expense": 1408000.0,
        "Research And Development": 107000.0,
        "Selling General And Administration": 1301000.0,
        "Selling And Marketing Expense": 205000.0,
        "General And Administrative Expense": 1096000.0,
        "Other Gand A": 1096000.0,
        "Gross Profit": -300000.0,
        "Cost Of Revenue": 198000.0,
        "Total Revenue": -102000.0,
        "Operating Revenue": -102000.0
    },
    "2022-09-30": {
        "Tax Effect Of Unusual Items": 0.0,
        "Tax Rate For Calcs": 0.4,
        "Normalized EBITDA": -923000.0,
        "Net Income From Continuing Operation Net Minority Interest": -955000.0,
        "Reconciled Depreciation": 1000.0,
        "Reconciled Cost Of Revenue": 17000.0,
        "EBITDA": -923000.0,
        "EBIT": -924000.0,
        "Net Interest Income": -16000.0,
        "Interest Expense": 16000.0,
        "Normalized Income": -955000.0,
        "Net Income From Continuing And Discontinued Operation": -955000.0,
        "Total Expenses": 1021000.0,
        "Total Operating Income As Reported": -924000.0,
        "Diluted Average Shares": 1399890.0,
        "Basic Average Shares": 1399890.0,
        "Diluted EPS": -0.68,
        "Basic EPS": -0.68,
        "Diluted NI Availto Com Stockholders": -955000.0,
        "Net Income Common Stockholders": -955000.0,
        "Net Income": -955000.0,
        "Net Income Including Noncontrolling Interests": -955000.0,
        "Net Income Continuous Operations": -955000.0,
        "Tax Provision": 15000.0,
        "Pretax Income": -940000.0,
        "Net Non Operating Interest Income Expense": -16000.0,
        "Total Other Finance Cost": 16000.0,
        "Interest Expense Non Operating": 16000.0,
        "Operating Income": -924000.0,
        "Operating Expense": 1004000.0,
        "Research And Development": 49000.0,
        "Selling General And Administration": 955000.0,
        "Selling And Marketing Expense": 217000.0,
        "General And Administrative Expense": 738000.0,
        "Other Gand A": 738000.0,
        "Gross Profit": 80000.0,
        "Cost Of Revenue": 17000.0,
        "Total Revenue": 97000.0,
        "Operating Revenue": 97000.0
    },
    "2022-06-30": {
        "Tax Effect Of Unusual Items": 0.0,
        "Tax Rate For Calcs": 0.4,
        "Normalized EBITDA": -1268000.0,
        "Net Income From Continuing Operation Net Minority Interest": -1302000.0,
        "Reconciled Depreciation": 0.0,
        "Reconciled Cost Of Revenue": 204000.0,
        "EBITDA": -1268000.0,
        "EBIT": -1268000.0,
        "Net Interest Income": NaN,
        "Interest Expense": NaN,
        "Normalized Income": -1302000.0,
        "Net Income From Continuing And Discontinued Operation": -1302000.0,
        "Total Expenses": 1753000.0,
        "Total Operating Income As Reported": -1268000.0,
        "Diluted Average Shares": 1399890.0,
        "Basic Average Shares": 1399890.0,
        "Diluted EPS": -0.93,
        "Basic EPS": -0.93,
        "Diluted NI Availto Com Stockholders": -1302000.0,
        "Net Income Common Stockholders": -1302000.0,
        "Net Income": -1302000.0,
        "Net Income Including Noncontrolling Interests": -1302000.0,
        "Net Income Continuous Operations": -1302000.0,
        "Tax Provision": 16000.0,
        "Pretax Income": -1286000.0,
        "Other Income Expense": -18000.0,
        "Other Non Operating Income Expenses": -18000.0,
        "Net Non Operating Interest Income Expense": NaN,
        "Total Other Finance Cost": NaN,
        "Interest Expense Non Operating": NaN,
        "Operating Income": -1268000.0,
        "Operating Expense": 1549000.0,
        "Research And Development": 61000.0,
        "Selling General And Administration": 1488000.0,
        "Selling And Marketing Expense": 333000.0,
        "General And Administrative Expense": 1155000.0,
        "Other Gand A": 1155000.0,
        "Gross Profit": 281000.0,
        "Cost Of Revenue": 204000.0,
        "Total Revenue": 485000.0,
        "Operating Revenue": 485000.0
    },
    "2022-03-31": {
        "Diluted EPS": -0.81,
        "Total Revenue": 0,
        "Gross Profit": 0,
        "Operating Income": -1,
        "EBIT": -1,
        "Net Income": -1
    },
    "2021-12-31": {
        "Diluted EPS": -1.95,
        "Total Revenue": 1,
        "Gross Profit": 0,
        "Operating Income": -3,
        "EBIT": -3,
        "Net Income": -2
    },
    "2021-09-30": {
        "Diluted EPS": -5.2,
        "Total Revenue": 0,
        "Gross Profit": 0,
        "Operating Income": -1,
        "EBIT": -1,
        "Net Income": -7
    },
    "2021-06-30": {
        "Diluted EPS": -0.2,
        "Total Revenue": 0,
        "Gross Profit": 0,
        "Operating Income": -1,
        "EBIT": -1,
        "Net Income": 0
    },
    "2021-03-31": {
        "Diluted EPS": -4.0,
        "Total Revenue": 0,
        "Gross Profit": 0,
        "Operating Income": -1,
        "EBIT": -1,
        "Net Income": -5
    },
    "2020-12-31": {
        "Diluted EPS": 0.2,
        "Total Revenue": 0,
        "Gross Profit": 0,
        "Operating Income": -2,
        "EBIT": -2,
        "Net Income": -1
    },
    "2020-09-30": {
        "Diluted EPS": -2.0,
        "Total Revenue": 0,
        "Gross Profit": 0,
        "Operating Income": -1,
        "EBIT": -1,
        "Net Income": -1
    },
    "2020-06-30": {
        "Diluted EPS": -4.0,
        "Total Revenue": 0,
        "Gross Profit": 0,
        "Operating Income": -1,
        "EBIT": -1,
        "Net Income": -1
    },
    "2020-03-31": {
        "Diluted EPS": -2.6,
        "Total Revenue": 0,
        "Gross Profit": 0,
        "Operating Income": -1,
        "EBIT": -1,
        "Net Income": -1
    },
    "2019-12-31": {
        "Diluted EPS": -3.0,
        "Total Revenue": 0,
        "Gross Profit": 0,
        "Operating Income": -1,
        "EBIT": -1,
        "Net Income": -1
    },
    "2019-09-30": {
        "Diluted EPS": -2.4,
        "Total Revenue": 0,
        "Gross Profit": 0,
        "Operating Income": -1,
        "EBIT": -1,
        "Net Income": -1
    },
    "2019-06-30": {
        "Diluted EPS": -3.2,
        "Total Revenue": 0,
        "Gross Profit": 0,
        "Operating Income": -1,
        "EBIT": -1,
        "Net Income": -1
    },
    "2019-03-31": {
        "Diluted EPS": -8.0,
        "Total Revenue": 0,
        "Gross Profit": 0,
        "Operating Income": -2,
        "EBIT": -2,
        "Net Income": -3
    },
    "2018-12-31": {
        "Diluted EPS": -3.6,
        "Total Revenue": 0,
        "Gross Profit": 0,
        "Operating Income": -1,
        "EBIT": -1,
        "Net Income": -1
    },
    "2018-09-30": {
        "Diluted EPS": -4.2,
        "Total Revenue": 0,
        "Gross Profit": 0,
        "Operating Income": -1,
        "EBIT": -1,
        "Net Income": -1
    },
    "2018-06-30": {
        "Diluted EPS": -2.6,
        "Total Revenue": 0,
        "Gross Profit": 0,
        "Operating Income": -1,
        "EBIT": -1,
        "Net Income": -1
    },
    "2018-03-31": {
        "Diluted EPS": -2.4,
        "Total Revenue": 0,
        "Gross Profit": 0,
        "Operating Income": -1,
        "EBIT": -1,
        "Net Income": -1
    },
    "2017-12-31": {
        "Diluted EPS": -5.4,
        "Total Revenue": 0,
        "Gross Profit": 0,
        "Operating Income": -1,
        "EBIT": 0,
        "Net Income": -2
    },
    "2017-09-30": {
        "Diluted EPS": -7.0,
        "Total Revenue": 0,
        "Gross Profit": 0,
        "Operating Income": -1,
        "EBIT": -1,
        "Net Income": -2
    },
    "2017-06-30": {
        "Diluted EPS": -3.6,
        "Total Revenue": 0,
        "Gross Profit": 0,
        "Operating Income": -1,
        "EBIT": -1,
        "Net Income": -1
    },
    "2017-03-31": {
        "Diluted EPS": -7.4,
        "Total Revenue": 0,
        "Gross Profit": 0,
        "Operating Income": -1,
        "EBIT": -1,
        "Net Income": -2
    },
    "2016-12-31": {
        "Diluted EPS": -5.0,
        "Total Revenue": 0,
        "Gross Profit": 0,
        "Operating Income": -1,
        "EBIT": -1,
        "Net Income": -1
    },
    "2016-09-30": {
        "Diluted EPS": -2.6,
        "Total Revenue": 0,
        "Gross Profit": 0,
        "Operating Income": -1,
        "EBIT": -1,
        "Net Income": -1
    },
    "2016-06-30": {
        "Diluted EPS": -2.6,
        "Total Revenue": 0,
        "Gross Profit": 0,
        "Operating Income": 0,
        "EBIT": 0,
        "Net Income": -1
    },
    "2016-03-31": {
        "Diluted EPS": -2.2,
        "Total Revenue": 0,
        "Gross Profit": 0,
        "Operating Income": 0,
        "EBIT": 0,
        "Net Income": 0
    },
    "2015-12-31": {
        "Diluted EPS": 35.0,
        "Total Revenue": 0,
        "Gross Profit": 0,
        "Operating Income": 0,
        "EBIT": 0,
        "Net Income": -1
    },
    "2015-09-30": {
        "Diluted EPS": -4.6,
        "Total Revenue": 0,
        "Gross Profit": 0,
        "Operating Income": 0,
        "EBIT": 0,
        "Net Income": -1
    },
    "2015-06-30": {
        "Diluted EPS": -2.0,
        "Total Revenue": 0,
        "Gross Profit": 0,
        "Operating Income": 0,
        "EBIT": 0,
        "Net Income": 0
    },
    "2015-03-31": {
        "Diluted EPS": -44.8,
        "Total Revenue": 0,
        "Gross Profit": 0,
        "Operating Income": 0,
        "EBIT": 0,
        "Net Income": -1
    },
    "2014-12-31": {
        "Diluted EPS": -103.4,
        "Total Revenue": 0,
        "Gross Profit": 0,
        "Operating Income": 0,
        "EBIT": 0,
        "Net Income": -1
    },
    "2014-09-30": {
        "Diluted EPS": -98.8,
        "Total Revenue": 0,
        "Gross Profit": 0,
        "Operating Income": -1,
        "EBIT": -1,
        "Net Income": -1
    },
    "2014-06-30": {
        "Diluted EPS": -74.6,
        "Total Revenue": 0,
        "Gross Profit": 0,
        "Operating Income": 0,
        "EBIT": 0,
        "Net Income": -1
    },
    "2014-03-31": {
        "Diluted EPS": -64.8,
        "Total Revenue": 0,
        "Gross Profit": 0,
        "Operating Income": 0,
        "EBIT": 0,
        "Net Income": -1
    },
    "2013-12-31": {
        "Diluted EPS": 0.0,
        "Total Revenue": NaN,
        "Gross Profit": NaN,
        "Operating Income": NaN,
        "EBIT": NaN,
        "Net Income": NaN
    },
    "2023-06-30": {
        "Tax Effect Of Unusual Items": 0.0,
        "Tax Rate For Calcs": 0.21,
        "Normalized EBITDA": -1028000.0,
        "Net Income From Continuing Operation Net Minority Interest": -1074000.0,
        "Reconciled Depreciation": 0.0,
        "Reconciled Cost Of Revenue": 78000.0,
        "EBITDA": -1028000.0,
        "EBIT": -1028000.0,
        "Net Interest Income": -52000.0,
        "Interest Expense": 33000.0,
        "Normalized Income": -1074000.0,
        "Net Income From Continuing And Discontinued Operation": -1074000.0,
        "Total Expenses": 1303000.0,
        "Total Operating Income As Reported": -1009000.0,
        "Diluted Average Shares": 1662330.0,
        "Basic Average Shares": 1662330.0,
        "Diluted EPS": -0.65,
        "Basic EPS": -0.65,
        "Diluted NI Availto Com Stockholders": -1074000.0,
        "Net Income Common Stockholders": -1074000.0,
        "Net Income": -1074000.0,
        "Net Income Including Noncontrolling Interests": -1074000.0,
        "Net Income Continuous Operations": -1074000.0,
        "Tax Provision": 13000.0,
        "Pretax Income": -1061000.0,
        "Net Non Operating Interest Income Expense": -52000.0,
        "Total Other Finance Cost": 19000.0,
        "Interest Expense Non Operating": 33000.0,
        "Operating Income": -1009000.0,
        "Operating Expense": 1225000.0,
        "Research And Development": 35000.0,
        "Selling General And Administration": 1190000.0,
        "Selling And Marketing Expense": 227000.0,
        "General And Administrative Expense": 963000.0,
        "Other Gand A": 963000.0,
        "Gross Profit": 216000.0,
        "Cost Of Revenue": 78000.0,
        "Total Revenue": 294000.0,
        "Operating Revenue": 294000.0
    },
    "2023-09-30": {
        "Tax Effect Of Unusual Items": 0.0,
        "Tax Rate For Calcs": 0.21,
        "Normalized EBITDA": -689000.0,
        "Net Income From Continuing Operation Net Minority Interest": -727000.0,
        "Reconciled Depreciation": 0.0,
        "Reconciled Cost Of Revenue": 109000.0,
        "EBITDA": -689000.0,
        "EBIT": -689000.0,
        "Net Interest Income": -54000.0,
        "Interest Expense": 35000.0,
        "Normalized Income": -727000.0,
        "Net Income From Continuing And Discontinued Operation": -727000.0,
        "Total Expenses": 1128000.0,
        "Total Operating Income As Reported": -670000.0,
        "Diluted Average Shares": 1721026.0,
        "Basic Average Shares": 1721026.0,
        "Diluted EPS": -0.42,
        "Basic EPS": -0.42,
        "Diluted NI Availto Com Stockholders": -727000.0,
        "Net Income Common Stockholders": -727000.0,
        "Net Income": -727000.0,
        "Net Income Including Noncontrolling Interests": -727000.0,
        "Net Income Continuous Operations": -727000.0,
        "Tax Provision": 3000.0,
        "Pretax Income": -724000.0,
        "Net Non Operating Interest Income Expense": -54000.0,
        "Total Other Finance Cost": 19000.0,
        "Interest Expense Non Operating": 35000.0,
        "Operating Income": -670000.0,
        "Operating Expense": 1019000.0,
        "Research And Development": 33000.0,
        "Selling General And Administration": 986000.0,
        "Selling And Marketing Expense": 190000.0,
        "General And Administrative Expense": 796000.0,
        "Other Gand A": 796000.0,
        "Gross Profit": 349000.0,
        "Cost Of Revenue": 109000.0,
        "Total Revenue": 458000.0,
        "Operating Revenue": 458000.0
    },
    "2023-12-31": {
        "Tax Effect Of Unusual Items": 0.0,
        "Tax Rate For Calcs": 0.21,
        "Normalized EBITDA": -769000.0,
        "Net Income From Continuing Operation Net Minority Interest": -813000.0,
        "Reconciled Depreciation": 0.0,
        "Reconciled Cost Of Revenue": 440000.0,
        "EBITDA": -769000.0,
        "EBIT": -769000.0,
        "Net Interest Income": -100000.0,
        "Interest Expense": 33000.0,
        "Normalized Income": -813000.0,
        "Net Income From Continuing And Discontinued Operation": -813000.0,
        "Total Expenses": 1879000.0,
        "Total Operating Income As Reported": -702000.0,
        "Diluted Average Shares": NaN,
        "Basic Average Shares": NaN,
        "Diluted EPS": NaN,
        "Basic EPS": NaN,
        "Diluted NI Availto Com Stockholders": -813000.0,
        "Net Income Common Stockholders": -813000.0,
        "Net Income": -813000.0,
        "Net Income Including Noncontrolling Interests": -813000.0,
        "Net Income Continuous Operations": -813000.0,
        "Tax Provision": 11000.0,
        "Pretax Income": -802000.0,
        "Net Non Operating Interest Income Expense": -100000.0,
        "Total Other Finance Cost": 67000.0,
        "Interest Expense Non Operating": 33000.0,
        "Operating Income": -702000.0,
        "Operating Expense": 1439000.0,
        "Research And Development": 62000.0,
        "Selling General And Administration": 1377000.0,
        "Selling And Marketing Expense": 233000.0,
        "General And Administrative Expense": 1144000.0,
        "Other Gand A": 1144000.0,
        "Gross Profit": 737000.0,
        "Cost Of Revenue": 440000.0,
        "Total Revenue": 1177000.0,
        "Operating Revenue": 1177000.0
    },
    "2024-03-31": {
        "Tax Effect Of Unusual Items": 0.0,
        "Tax Rate For Calcs": 0.4,
        "Normalized EBITDA": -547000.0,
        "Net Income From Continuing Operation Net Minority Interest": -588000.0,
        "Reconciled Depreciation": 0.0,
        "Reconciled Cost Of Revenue": 257000.0,
        "EBITDA": -547000.0,
        "EBIT": -547000.0,
        "Net Interest Income": -13000.0,
        "Interest Expense": 34000.0,
        "Normalized Income": -588000.0,
        "Net Income From Continuing And Discontinued Operation": -588000.0,
        "Total Expenses": 1489000.0,
        "Total Operating Income As Reported": -568000.0,
        "Diluted Average Shares": 2510309.0,
        "Basic Average Shares": 2510309.0,
        "Diluted EPS": -0.23,
        "Basic EPS": -0.23,
        "Diluted NI Availto Com Stockholders": -588000.0,
        "Net Income Common Stockholders": -588000.0,
        "Net Income": -588000.0,
        "Net Income Including Noncontrolling Interests": -588000.0,
        "Net Income Continuous Operations": -588000.0,
        "Tax Provision": 7000.0,
        "Pretax Income": -581000.0,
        "Net Non Operating Interest Income Expense": -13000.0,
        "Total Other Finance Cost": -21000.0,
        "Interest Expense Non Operating": 34000.0,
        "Operating Income": -568000.0,
        "Operating Expense": 1232000.0,
        "Research And Development": 121000.0,
        "Selling General And Administration": 1111000.0,
        "Selling And Marketing Expense": 165000.0,
        "General And Administrative Expense": 946000.0,
        "Other Gand A": 946000.0,
        "Gross Profit": 664000.0,
        "Cost Of Revenue": 257000.0,
        "Total Revenue": 921000.0,
        "Operating Revenue": 921000.0
    }
}