{
    "2023-06-30": {
        "Tax Effect Of Unusual Items": -306666.666667,
        "Tax Rate For Calcs": 0.306667,
        "Normalized EBITDA": 141000000.0,
        "Total Unusual Items": -1000000.0,
        "Total Unusual Items Excluding Goodwill": -1000000.0,
        "Net Income From Continuing Operation Net Minority Interest": 53000000.0,
        "Reconciled Depreciation": 60000000.0,
        "Reconciled Cost Of Revenue": 793000000.0,
        "EBITDA": 140000000.0,
        "EBIT": 80000000.0,
        "Net Interest Income": -5000000.0,
        "Interest Expense": 5000000.0,
        "Interest Income": 0.0,
        "Normalized Income": 53693333.333333,
        "Net Income From Continuing And Discontinued Operation": 53000000.0,
        "Total Expenses": 959000000.0,
        "Total Operating Income As Reported": 79000000.0,
        "Diluted Average Shares": 70600000.0,
        "Basic Average Shares": 70600000.0,
        "Diluted EPS": 0.750708,
        "Basic EPS": 0.750708,
        "Diluted NI Availto Com Stockholders": 53000000.0,
        "Net Income Common Stockholders": 53000000.0,
        "Net Income": 53000000.0,
        "Minority Interests": 1000000.0,
        "Net Income Including Noncontrolling Interests": 52000000.0,
        "Net Income Continuous Operations": 52000000.0,
        "Tax Provision": 23000000.0,
        "Pretax Income": 75000000.0,
        "Other Income Expense": -1000000.0,
        "Other Non Operating Income Expenses": NaN,
        "Gain On Sale Of Security": -1000000.0,
        "Net Non Operating Interest Income Expense": -5000000.0,
        "Total Other Finance Cost": NaN,
        "Interest Expense Non Operating": 5000000.0,
        "Interest Income Non Operating": 0.0,
        "Operating Income": 81000000.0,
        "Operating Expense": 166000000.0,
        "Research And Development": 19000000.0,
        "Selling General And Administration": 147000000.0,
        "General And Administrative Expense": 147000000.0,
        "Other Gand A": 149000000.0,
        "Salaries And Wages": -2000000.0,
        "Gross Profit": 247000000.0,
        "Cost Of Revenue": 793000000.0,
        "Total Revenue": 1040000000.0,
        "Operating Revenue": 1040000000.0
    },
    "2023-03-31": {
        "Tax Effect Of Unusual Items": NaN,
        "Tax Rate For Calcs": NaN,
        "Normalized EBITDA": NaN,
        "Total Unusual Items": -3000000.0,
        "Total Unusual Items Excluding Goodwill": -3000000.0,
        "Net Income From Continuing Operation Net Minority Interest": NaN,
        "Reconciled Depreciation": NaN,
        "Reconciled Cost Of Revenue": NaN,
        "EBITDA": NaN,
        "EBIT": NaN,
        "Net Interest Income": NaN,
        "Interest Expense": NaN,
        "Interest Income": 0.0,
        "Normalized Income": NaN,
        "Net Income From Continuing And Discontinued Operation": NaN,
        "Total Expenses": NaN,
        "Total Operating Income As Reported": NaN,
        "Diluted Average Shares": NaN,
        "Basic Average Shares": NaN,
        "Diluted EPS": NaN,
        "Basic EPS": NaN,
        "Diluted NI Availto Com Stockholders": NaN,
        "Net Income Common Stockholders": NaN,
        "Net Income": NaN,
        "Minority Interests": NaN,
        "Net Income Including Noncontrolling Interests": NaN,
        "Net Income Continuous Operations": NaN,
        "Tax Provision": NaN,
        "Pretax Income": NaN,
        "Other Income Expense": NaN,
        "Other Non Operating Income Expenses": -2000000.0,
        "Gain On Sale Of Security": -3000000.0,
        "Net Non Operating Interest Income Expense": NaN,
        "Total Other Finance Cost": NaN,
        "Interest Expense Non Operating": NaN,
        "Interest Income Non Operating": 0.0,
        "Operating Income": NaN,
        "Operating Expense": NaN,
        "Research And Development": NaN,
        "Selling General And Administration": NaN,
        "General And Administrative Expense": NaN,
        "Other Gand A": NaN,
        "Salaries And Wages": -3000000.0,
        "Gross Profit": NaN,
        "Cost Of Revenue": NaN,
        "Total Revenue": NaN,
        "Operating Revenue": NaN
    },
    "2023-09-30": {
        "Tax Effect Of Unusual Items": -420000.0,
        "Tax Rate For Calcs": 0.21,
        "Normalized EBITDA": 161000000.0,
        "Total Unusual Items": -2000000.0,
        "Total Unusual Items Excluding Goodwill": -2000000.0,
        "Net Income From Continuing Operation Net Minority Interest": -58000000.0,
        "Reconciled Depreciation": 63000000.0,
        "Reconciled Cost Of Revenue": 799000000.0,
        "EBITDA": 159000000.0,
        "EBIT": 96000000.0,
        "Net Interest Income": -6000000.0,
        "Interest Expense": 6000000.0,
        "Interest Income": NaN,
        "Normalized Income": -56420000.0,
        "Net Income From Continuing And Discontinued Operation": -58000000.0,
        "Total Expenses": 969000000.0,
        "Total Operating Income As Reported": 91000000.0,
        "Diluted Average Shares": 70426992.0,
        "Basic Average Shares": 70426992.0,
        "Diluted EPS": -0.823548,
        "Basic EPS": -0.823548,
        "Diluted NI Availto Com Stockholders": -58000000.0,
        "Net Income Common Stockholders": -58000000.0,
        "Net Income": -58000000.0,
        "Minority Interests": -1000000.0,
        "Net Income Including Noncontrolling Interests": -57000000.0,
        "Net Income Continuous Operations": -57000000.0,
        "Tax Provision": 147000000.0,
        "Pretax Income": 90000000.0,
        "Other Income Expense": -2000000.0,
        "Other Non Operating Income Expenses": NaN,
        "Gain On Sale Of Security": -2000000.0,
        "Net Non Operating Interest Income Expense": -6000000.0,
        "Total Other Finance Cost": NaN,
        "Interest Expense Non Operating": 6000000.0,
        "Interest Income Non Operating": NaN,
        "Operating Income": 98000000.0,
        "Operating Expense": 170000000.0,
        "Research And Development": 17000000.0,
        "Selling General And Administration": 153000000.0,
        "General And Administrative Expense": 153000000.0,
        "Other Gand A": 160000000.0,
        "Salaries And Wages": -7000000.0,
        "Gross Profit": 268000000.0,
        "Cost Of Revenue": 799000000.0,
        "Total Revenue": 1067000000.0,
        "Operating Revenue": 1067000000.0
    },
    "2022-12-31": {
        "Tax Effect Of Unusual Items": NaN,
        "Tax Rate For Calcs": NaN,
        "Normalized EBITDA": NaN,
        "Total Unusual Items": NaN,
        "Total Unusual Items Excluding Goodwill": NaN,
        "Net Income From Continuing Operation Net Minority Interest": NaN,
        "Reconciled Depreciation": NaN,
        "Reconciled Cost Of Revenue": NaN,
        "EBITDA": NaN,
        "EBIT": NaN,
        "Net Interest Income": NaN,
        "Interest Expense": NaN,
        "Interest Income": NaN,
        "Normalized Income": NaN,
        "Net Income From Continuing And Discontinued Operation": NaN,
        "Total Expenses": NaN,
        "Total Operating Income As Reported": NaN,
        "Diluted Average Shares": NaN,
        "Basic Average Shares": NaN,
        "Diluted EPS": NaN,
        "Basic EPS": NaN,
        "Diluted NI Availto Com Stockholders": NaN,
        "Net Income Common Stockholders": NaN,
        "Net Income": NaN,
        "Minority Interests": NaN,
        "Net Income Including Noncontrolling Interests": NaN,
        "Net Income Continuous Operations": NaN,
        "Tax Provision": NaN,
        "Pretax Income": NaN,
        "Other Income Expense": NaN,
        "Other Non Operating Income Expenses": -17000000.0,
        "Gain On Sale Of Security": NaN,
        "Net Non Operating Interest Income Expense": NaN,
        "Total Other Finance Cost": NaN,
        "Interest Expense Non Operating": NaN,
        "Interest Income Non Operating": NaN,
        "Operating Income": NaN,
        "Operating Expense": NaN,
        "Research And Development": NaN,
        "Selling General And Administration": NaN,
        "General And Administrative Expense": NaN,
        "Other Gand A": NaN,
        "Salaries And Wages": NaN,
        "Gross Profit": NaN,
        "Cost Of Revenue": NaN,
        "Total Revenue": NaN,
        "Operating Revenue": NaN
    },
    "2022-09-30": {
        "Tax Effect Of Unusual Items": NaN,
        "Tax Rate For Calcs": NaN,
        "Normalized EBITDA": NaN,
        "Total Unusual Items": -1000000.0,
        "Total Unusual Items Excluding Goodwill": -1000000.0,
        "Net Income From Continuing Operation Net Minority Interest": NaN,
        "Reconciled Depreciation": NaN,
        "Reconciled Cost Of Revenue": NaN,
        "EBITDA": NaN,
        "EBIT": NaN,
        "Net Interest Income": NaN,
        "Interest Expense": NaN,
        "Interest Income": NaN,
        "Normalized Income": NaN,
        "Net Income From Continuing And Discontinued Operation": NaN,
        "Total Expenses": NaN,
        "Total Operating Income As Reported": NaN,
        "Diluted Average Shares": NaN,
        "Basic Average Shares": NaN,
        "Diluted EPS": NaN,
        "Basic EPS": NaN,
        "Diluted NI Availto Com Stockholders": NaN,
        "Net Income Common Stockholders": NaN,
        "Net Income": NaN,
        "Minority Interests": NaN,
        "Net Income Including Noncontrolling Interests": NaN,
        "Net Income Continuous Operations": NaN,
        "Tax Provision": NaN,
        "Pretax Income": NaN,
        "Other Income Expense": NaN,
        "Other Non Operating Income Expenses": NaN,
        "Gain On Sale Of Security": -1000000.0,
        "Net Non Operating Interest Income Expense": NaN,
        "Total Other Finance Cost": NaN,
        "Interest Expense Non Operating": NaN,
        "Interest Income Non Operating": NaN,
        "Operating Income": NaN,
        "Operating Expense": NaN,
        "Research And Development": NaN,
        "Selling General And Administration": NaN,
        "General And Administrative Expense": NaN,
        "Other Gand A": NaN,
        "Salaries And Wages": -4000000.0,
        "Gross Profit": NaN,
        "Cost Of Revenue": NaN,
        "Total Revenue": NaN,
        "Operating Revenue": NaN
    },
    "2023-12-31": {
        "Tax Effect Of Unusual Items": 0.0,
        "Tax Rate For Calcs": 0.21,
        "Normalized EBITDA": 26000000.0,
        "Total Unusual Items": NaN,
        "Total Unusual Items Excluding Goodwill": NaN,
        "Net Income From Continuing Operation Net Minority Interest": -165000000.0,
        "Reconciled Depreciation": 71000000.0,
        "Reconciled Cost Of Revenue": 900000000.0,
        "EBITDA": 26000000.0,
        "EBIT": -45000000.0,
        "Net Interest Income": -75000000.0,
        "Interest Expense": 75000000.0,
        "Interest Income": NaN,
        "Normalized Income": -165000000.0,
        "Net Income From Continuing And Discontinued Operation": -165000000.0,
        "Total Expenses": 1075000000.0,
        "Total Operating Income As Reported": 35000000.0,
        "Diluted Average Shares": 70600000.0,
        "Basic Average Shares": 70600000.0,
        "Diluted EPS": -2.28,
        "Basic EPS": -2.28,
        "Diluted NI Availto Com Stockholders": -165000000.0,
        "Net Income Common Stockholders": -165000000.0,
        "Net Income": -165000000.0,
        "Minority Interests": -1000000.0,
        "Net Income Including Noncontrolling Interests": -164000000.0,
        "Net Income Continuous Operations": -164000000.0,
        "Tax Provision": 44000000.0,
        "Pretax Income": -120000000.0,
        "Other Income Expense": -68000000.0,
        "Other Non Operating Income Expenses": NaN,
        "Gain On Sale Of Security": NaN,
        "Net Non Operating Interest Income Expense": -75000000.0,
        "Total Other Finance Cost": NaN,
        "Interest Expense Non Operating": 75000000.0,
        "Interest Income Non Operating": NaN,
        "Operating Income": 23000000.0,
        "Operating Expense": 175000000.0,
        "Research And Development": 23000000.0,
        "Selling General And Administration": 152000000.0,
        "General And Administrative Expense": 152000000.0,
        "Other Gand A": 140000000.0,
        "Salaries And Wages": NaN,
        "Gross Profit": 198000000.0,
        "Cost Of Revenue": 900000000.0,
        "Total Revenue": 1098000000.0,
        "Operating Revenue": 1098000000.0
    },
    "2024-03-31": {
        "Tax Effect Of Unusual Items": -630000.0,
        "Tax Rate For Calcs": 0.21,
        "Normalized EBITDA": 151000000.0,
        "Total Unusual Items": -3000000.0,
        "Total Unusual Items Excluding Goodwill": -3000000.0,
        "Net Income From Continuing Operation Net Minority Interest": -8000000.0,
        "Reconciled Depreciation": 73000000.0,
        "Reconciled Cost Of Revenue": 829000000.0,
        "EBITDA": 148000000.0,
        "EBIT": 75000000.0,
        "Net Interest Income": -79000000.0,
        "Interest Expense": 79000000.0,
        "Interest Income": 2000000.0,
        "Normalized Income": -5630000.0,
        "Net Income From Continuing And Discontinued Operation": -8000000.0,
        "Total Expenses": 973000000.0,
        "Total Operating Income As Reported": 72000000.0,
        "Diluted Average Shares": 71600000.0,
        "Basic Average Shares": 71600000.0,
        "Diluted EPS": -0.11,
        "Basic EPS": -0.11,
        "Diluted NI Availto Com Stockholders": -8000000.0,
        "Net Income Common Stockholders": -8000000.0,
        "Net Income": -8000000.0,
        "Minority Interests": 0.0,
        "Net Income Including Noncontrolling Interests": -8000000.0,
        "Net Income Continuous Operations": -8000000.0,
        "Tax Provision": 4000000.0,
        "Pretax Income": -4000000.0,
        "Other Income Expense": -2000000.0,
        "Other Non Operating Income Expenses": 1000000.0,
        "Gain On Sale Of Security": -3000000.0,
        "Net Non Operating Interest Income Expense": -79000000.0,
        "Total Other Finance Cost": 2000000.0,
        "Interest Expense Non Operating": 79000000.0,
        "Interest Income Non Operating": 2000000.0,
        "Operating Income": 77000000.0,
        "Operating Expense": 144000000.0,
        "Research And Development": 17000000.0,
        "Selling General And Administration": 127000000.0,
        "General And Administrative Expense": 127000000.0,
        "Other Gand A": 132000000.0,
        "Salaries And Wages": -5000000.0,
        "Gross Profit": 221000000.0,
        "Cost Of Revenue": 829000000.0,
        "Total Revenue": 1050000000.0,
        "Operating Revenue": 1050000000.0
    },
    "2024-06-30": {
        "Tax Effect Of Unusual Items": -250000.0,
        "Tax Rate For Calcs": 0.125,
        "Normalized EBITDA": 184000000.0,
        "Total Unusual Items": -2000000.0,
        "Total Unusual Items Excluding Goodwill": -2000000.0,
        "Net Income From Continuing Operation Net Minority Interest": 29000000.0,
        "Reconciled Depreciation": 71000000.0,
        "Reconciled Cost Of Revenue": 828000000.0,
        "EBITDA": 182000000.0,
        "EBIT": 111000000.0,
        "Net Interest Income": -83000000.0,
        "Interest Expense": 79000000.0,
        "Interest Income": 2000000.0,
        "Normalized Income": 30750000.0,
        "Net Income From Continuing And Discontinued Operation": 29000000.0,
        "Total Expenses": 968000000.0,
        "Total Operating Income As Reported": 107000000.0,
        "Diluted Average Shares": 73700000.0,
        "Basic Average Shares": 72200000.0,
        "Diluted EPS": 0.39,
        "Basic EPS": 0.4,
        "Diluted NI Availto Com Stockholders": 29000000.0,
        "Net Income Common Stockholders": 29000000.0,
        "Net Income": 29000000.0,
        "Minority Interests": 1000000.0,
        "Net Income Including Noncontrolling Interests": 28000000.0,
        "Net Income Continuous Operations": 28000000.0,
        "Tax Provision": 4000000.0,
        "Pretax Income": 32000000.0,
        "Other Income Expense": 2000000.0,
        "Other Non Operating Income Expenses": 4000000.0,
        "Gain On Sale Of Security": -2000000.0,
        "Net Non Operating Interest Income Expense": -83000000.0,
        "Total Other Finance Cost": 6000000.0,
        "Interest Expense Non Operating": 79000000.0,
        "Interest Income Non Operating": 2000000.0,
        "Operating Income": 113000000.0,
        "Operating Expense": 140000000.0,
        "Research And Development": 14000000.0,
        "Selling General And Administration": 126000000.0,
        "General And Administrative Expense": 126000000.0,
        "Other Gand A": 132000000.0,
        "Salaries And Wages": -6000000.0,
        "Gross Profit": 253000000.0,
        "Cost Of Revenue": 828000000.0,
        "Total Revenue": 1081000000.0,
        "Operating Revenue": 1081000000.0
    }
}