{
    "2023-03-31": {
        "Tax Effect Of Unusual Items": 0.0,
        "Tax Rate For Calcs": 0.0,
        "Normalized EBITDA": -3783559.0,
        "Total Unusual Items": -6727.0,
        "Total Unusual Items Excluding Goodwill": -6727.0,
        "Net Income From Continuing Operation Net Minority Interest": -4093113.0,
        "Reconciled Depreciation": 300473.0,
        "EBIT": -4090759.0,
        "Net Interest Income": 176023.0,
        "Interest Expense": 2354.0,
        "Interest Income": 178377.0,
        "Normalized Income": -4086386.0,
        "Net Income From Continuing And Discontinued Operation": -4093113.0,
        "Total Expenses": 4157561.0,
        "Total Operating Income As Reported": -4164288.0,
        "Diluted Average Shares": 1677417.0,
        "Basic Average Shares": 1677417.0,
        "Diluted EPS": -2.4,
        "Basic EPS": -2.4,
        "Diluted NI Availto Com Stockholders": -4093113.0,
        "Net Income Common Stockholders": -4093113.0,
        "Net Income": -4093113.0,
        "Net Income Including Noncontrolling Interests": -4093113.0,
        "Net Income Continuous Operations": -4093113.0,
        "Pretax Income": -4093113.0,
        "Other Income Expense": -111575.0,
        "Other Non Operating Income Expenses": -104848.0,
        "Special Income Charges": -6727.0,
        "Restructuring And Mergern Acquisition": 6727.0,
        "Earnings From Equity Interest": NaN,
        "Net Non Operating Interest Income Expense": 176023.0,
        "Interest Expense Non Operating": 2354.0,
        "Interest Income Non Operating": 178377.0,
        "Operating Income": -4157561.0,
        "Operating Expense": 4157561.0,
        "Research And Development": 1240246.0,
        "Selling General And Administration": 2917315.0,
        "General And Administrative Expense": 2917315.0,
        "Other Gand A": 2917315.0,
        "Total Revenue": 0.0,
        "Operating Revenue": 0.0,
        "Gross Profit": NaN
    },
    "2022-12-31": {
        "Tax Effect Of Unusual Items": 0.0,
        "Tax Rate For Calcs": 0.0,
        "Normalized EBITDA": -3396063.0,
        "Total Unusual Items": -652451.0,
        "Total Unusual Items Excluding Goodwill": -652451.0,
        "Net Income From Continuing Operation Net Minority Interest": -4369039.0,
        "Reconciled Depreciation": 318657.0,
        "EBIT": -4367171.0,
        "Net Interest Income": 145736.0,
        "Interest Expense": 1868.0,
        "Interest Income": 147604.0,
        "Normalized Income": -3716588.0,
        "Net Income From Continuing And Discontinued Operation": -4369039.0,
        "Total Expenses": 3947819.0,
        "Total Operating Income As Reported": -4600270.0,
        "Diluted Average Shares": 1650751.0,
        "Basic Average Shares": 1650751.0,
        "Diluted EPS": -2.6,
        "Basic EPS": -2.6,
        "Diluted NI Availto Com Stockholders": -4369039.0,
        "Net Income Common Stockholders": -4369039.0,
        "Net Income": -4369039.0,
        "Net Income Including Noncontrolling Interests": -4369039.0,
        "Net Income Continuous Operations": -4369039.0,
        "Pretax Income": -4369039.0,
        "Other Income Expense": -566956.0,
        "Other Non Operating Income Expenses": 85495.0,
        "Special Income Charges": -652451.0,
        "Restructuring And Mergern Acquisition": 652451.0,
        "Earnings From Equity Interest": 0.0,
        "Net Non Operating Interest Income Expense": 145736.0,
        "Interest Expense Non Operating": 1868.0,
        "Interest Income Non Operating": 147604.0,
        "Operating Income": -3947819.0,
        "Operating Expense": 3947819.0,
        "Research And Development": 1351407.0,
        "Selling General And Administration": 2596412.0,
        "General And Administrative Expense": 2596412.0,
        "Other Gand A": 2596412.0,
        "Total Revenue": 0.0,
        "Operating Revenue": 0.0,
        "Gross Profit": NaN
    },
    "2022-09-30": {
        "Tax Effect Of Unusual Items": 0.0,
        "Tax Rate For Calcs": 0.0,
        "Normalized EBITDA": -7293733.0,
        "Total Unusual Items": NaN,
        "Total Unusual Items Excluding Goodwill": NaN,
        "Net Income From Continuing Operation Net Minority Interest": -7631888.0,
        "Reconciled Depreciation": 335462.0,
        "EBIT": -7629195.0,
        "Net Interest Income": 104017.0,
        "Interest Expense": 2693.0,
        "Interest Income": 106710.0,
        "Normalized Income": -7631888.0,
        "Net Income From Continuing And Discontinued Operation": -7631888.0,
        "Total Expenses": 7723381.0,
        "Total Operating Income As Reported": -7723381.0,
        "Diluted Average Shares": NaN,
        "Basic Average Shares": NaN,
        "Diluted EPS": NaN,
        "Basic EPS": NaN,
        "Diluted NI Availto Com Stockholders": -7631888.0,
        "Net Income Common Stockholders": -7631888.0,
        "Net Income": -7631888.0,
        "Net Income Including Noncontrolling Interests": -7631888.0,
        "Net Income Continuous Operations": -7631888.0,
        "Pretax Income": -7631888.0,
        "Other Income Expense": -12524.0,
        "Other Non Operating Income Expenses": -12521.0,
        "Special Income Charges": NaN,
        "Restructuring And Mergern Acquisition": NaN,
        "Earnings From Equity Interest": -3.0,
        "Net Non Operating Interest Income Expense": 104017.0,
        "Interest Expense Non Operating": 2693.0,
        "Interest Income Non Operating": 106710.0,
        "Operating Income": -7723381.0,
        "Operating Expense": 7723381.0,
        "Research And Development": 5487056.0,
        "Selling General And Administration": 2236325.0,
        "General And Administrative Expense": 2236325.0,
        "Other Gand A": 2236325.0,
        "Total Revenue": 0.0,
        "Operating Revenue": 0.0,
        "Gross Profit": NaN
    },
    "2022-06-30": {
        "Tax Effect Of Unusual Items": 0.0,
        "Tax Rate For Calcs": 0.0,
        "Normalized EBITDA": -8160207.0,
        "Total Unusual Items": NaN,
        "Total Unusual Items Excluding Goodwill": NaN,
        "Net Income From Continuing Operation Net Minority Interest": -8491717.0,
        "Reconciled Depreciation": 328691.0,
        "EBIT": -8488898.0,
        "Net Interest Income": 34328.0,
        "Interest Expense": 2819.0,
        "Interest Income": 37147.0,
        "Normalized Income": -8491717.0,
        "Net Income From Continuing And Discontinued Operation": -8491717.0,
        "Total Expenses": 8360608.0,
        "Total Operating Income As Reported": -8360608.0,
        "Diluted Average Shares": 1612932.0,
        "Basic Average Shares": 1612932.0,
        "Diluted EPS": -5.2,
        "Basic EPS": -5.2,
        "Diluted NI Availto Com Stockholders": -8491717.0,
        "Net Income Common Stockholders": -8491717.0,
        "Net Income": -8491717.0,
        "Net Income Including Noncontrolling Interests": -8491717.0,
        "Net Income Continuous Operations": -8491717.0,
        "Pretax Income": -8491717.0,
        "Other Income Expense": -165437.0,
        "Other Non Operating Income Expenses": -165437.0,
        "Special Income Charges": NaN,
        "Restructuring And Mergern Acquisition": NaN,
        "Earnings From Equity Interest": 0.0,
        "Net Non Operating Interest Income Expense": 34328.0,
        "Interest Expense Non Operating": 2819.0,
        "Interest Income Non Operating": 37147.0,
        "Operating Income": -8360608.0,
        "Operating Expense": 8360608.0,
        "Research And Development": 4756609.0,
        "Selling General And Administration": 3603999.0,
        "General And Administrative Expense": 3603999.0,
        "Other Gand A": 3603999.0,
        "Total Revenue": 0.0,
        "Operating Revenue": 0.0,
        "Gross Profit": NaN
    },
    "2022-03-31": {
        "Diluted EPS": -6.0,
        "Total Revenue": NaN,
        "Gross Profit": NaN,
        "Operating Income": -10,
        "EBIT": -10,
        "Net Income": -10
    },
    "2021-12-31": {
        "Diluted EPS": -4.8,
        "Total Revenue": NaN,
        "Gross Profit": NaN,
        "Operating Income": -7,
        "EBIT": -7,
        "Net Income": -8
    },
    "2021-09-30": {
        "Diluted EPS": -4.4,
        "Total Revenue": NaN,
        "Gross Profit": NaN,
        "Operating Income": -7,
        "EBIT": -7,
        "Net Income": -7
    },
    "2021-06-30": {
        "Diluted EPS": -5.8,
        "Total Revenue": NaN,
        "Gross Profit": NaN,
        "Operating Income": -9,
        "EBIT": -9,
        "Net Income": -9
    },
    "2021-03-31": {
        "Diluted EPS": -4.8,
        "Total Revenue": NaN,
        "Gross Profit": NaN,
        "Operating Income": -6,
        "EBIT": -6,
        "Net Income": -6
    },
    "2020-12-31": {
        "Diluted EPS": -3.6,
        "Total Revenue": NaN,
        "Gross Profit": NaN,
        "Operating Income": -5,
        "EBIT": -5,
        "Net Income": -4
    },
    "2020-09-30": {
        "Diluted EPS": -3.8,
        "Total Revenue": NaN,
        "Gross Profit": NaN,
        "Operating Income": -5,
        "EBIT": -5,
        "Net Income": -5
    },
    "2020-06-30": {
        "Diluted EPS": -3.6,
        "Total Revenue": NaN,
        "Gross Profit": NaN,
        "Operating Income": -4,
        "EBIT": -4,
        "Net Income": -4
    },
    "2020-03-31": {
        "Diluted EPS": -5.2,
        "Total Revenue": NaN,
        "Gross Profit": NaN,
        "Operating Income": -4,
        "EBIT": -4,
        "Net Income": -4
    },
    "2019-12-31": {
        "Diluted EPS": -5.2,
        "Total Revenue": NaN,
        "Gross Profit": NaN,
        "Operating Income": -4,
        "EBIT": -4,
        "Net Income": -5
    },
    "2019-09-30": {
        "Diluted EPS": -44.0,
        "Total Revenue": NaN,
        "Gross Profit": NaN,
        "Operating Income": -20,
        "EBIT": -20,
        "Net Income": -21
    },
    "2019-06-30": {
        "Diluted EPS": -7.6,
        "Total Revenue": NaN,
        "Gross Profit": NaN,
        "Operating Income": -2,
        "EBIT": -2,
        "Net Income": -2
    },
    "2019-03-31": {
        "Diluted EPS": -6.6,
        "Total Revenue": NaN,
        "Gross Profit": NaN,
        "Operating Income": -2,
        "EBIT": -2,
        "Net Income": -2
    },
    "2018-12-31": {
        "Diluted EPS": -5.0,
        "Total Revenue": NaN,
        "Gross Profit": NaN,
        "Operating Income": -1,
        "EBIT": -1,
        "Net Income": -1
    },
    "2018-09-30": {
        "Diluted EPS": -43.2,
        "Total Revenue": NaN,
        "Gross Profit": NaN,
        "Operating Income": -6,
        "EBIT": 0,
        "Net Income": -6
    },
    "2018-06-30": {
        "Diluted EPS": -3.8,
        "Total Revenue": NaN,
        "Gross Profit": NaN,
        "Operating Income": -1,
        "EBIT": -1,
        "Net Income": -1
    },
    "2018-03-31": {
        "Diluted EPS": -15.4,
        "Total Revenue": NaN,
        "Gross Profit": NaN,
        "Operating Income": -2,
        "EBIT": -2,
        "Net Income": -2
    },
    "2017-12-31": {
        "Diluted EPS": -29.6,
        "Total Revenue": NaN,
        "Gross Profit": NaN,
        "Operating Income": -4,
        "EBIT": -4,
        "Net Income": -4
    },
    "2017-09-30": {
        "Diluted EPS": -16.0,
        "Total Revenue": NaN,
        "Gross Profit": NaN,
        "Operating Income": -5,
        "EBIT": -5,
        "Net Income": -5
    },
    "2017-06-30": {
        "Diluted EPS": -28.0,
        "Total Revenue": NaN,
        "Gross Profit": NaN,
        "Operating Income": -4,
        "EBIT": -4,
        "Net Income": -4
    },
    "2017-03-31": {
        "Diluted EPS": -84.0,
        "Total Revenue": NaN,
        "Gross Profit": NaN,
        "Operating Income": -8,
        "EBIT": -7,
        "Net Income": -8
    },
    "2016-12-31": {
        "Diluted EPS": -84.0,
        "Total Revenue": NaN,
        "Gross Profit": NaN,
        "Operating Income": -7,
        "EBIT": -7,
        "Net Income": -7
    },
    "2016-09-30": {
        "Diluted EPS": -84.0,
        "Total Revenue": NaN,
        "Gross Profit": NaN,
        "Operating Income": -7,
        "EBIT": -7,
        "Net Income": -7
    },
    "2016-06-30": {
        "Diluted EPS": -96.0,
        "Total Revenue": NaN,
        "Gross Profit": NaN,
        "Operating Income": -8,
        "EBIT": -7,
        "Net Income": -8
    },
    "2016-03-31": {
        "Diluted EPS": -68.0,
        "Total Revenue": NaN,
        "Gross Profit": NaN,
        "Operating Income": -7,
        "EBIT": -6,
        "Net Income": -5
    },
    "2015-12-31": {
        "Diluted EPS": -80.0,
        "Total Revenue": NaN,
        "Gross Profit": NaN,
        "Operating Income": -4,
        "EBIT": -3,
        "Net Income": -6
    },
    "2015-09-30": {
        "Diluted EPS": -52.0,
        "Total Revenue": NaN,
        "Gross Profit": NaN,
        "Operating Income": -4,
        "EBIT": -3,
        "Net Income": -4
    },
    "2015-06-30": {
        "Diluted EPS": -44.0,
        "Total Revenue": NaN,
        "Gross Profit": NaN,
        "Operating Income": -3,
        "EBIT": -3,
        "Net Income": -3
    },
    "2015-03-31": {
        "Diluted EPS": -48.0,
        "Total Revenue": NaN,
        "Gross Profit": NaN,
        "Operating Income": -7,
        "EBIT": -6,
        "Net Income": -3
    },
    "2014-12-31": {
        "Diluted EPS": -72.0,
        "Total Revenue": NaN,
        "Gross Profit": NaN,
        "Operating Income": -4,
        "EBIT": -4,
        "Net Income": -5
    },
    "2014-09-30": {
        "Diluted EPS": -48.0,
        "Total Revenue": NaN,
        "Gross Profit": NaN,
        "Operating Income": -3,
        "EBIT": -3,
        "Net Income": -3
    },
    "2014-06-30": {
        "Diluted EPS": -36.0,
        "Total Revenue": NaN,
        "Gross Profit": NaN,
        "Operating Income": -2,
        "EBIT": -2,
        "Net Income": -2
    },
    "2014-03-31": {
        "Diluted EPS": -40.0,
        "Total Revenue": NaN,
        "Gross Profit": NaN,
        "Operating Income": -2,
        "EBIT": -2,
        "Net Income": -2
    },
    "2013-12-31": {
        "Diluted EPS": -40.0,
        "Total Revenue": NaN,
        "Gross Profit": NaN,
        "Operating Income": -2,
        "EBIT": -2,
        "Net Income": -2
    },
    "2013-09-30": {
        "Diluted EPS": -28.0,
        "Total Revenue": NaN,
        "Gross Profit": NaN,
        "Operating Income": -2,
        "EBIT": -2,
        "Net Income": -2
    },
    "2013-06-30": {
        "Diluted EPS": -28.0,
        "Total Revenue": NaN,
        "Gross Profit": NaN,
        "Operating Income": -1,
        "EBIT": -1,
        "Net Income": -1
    },
    "2013-03-31": {
        "Diluted EPS": -8.0,
        "Total Revenue": NaN,
        "Gross Profit": NaN,
        "Operating Income": -1,
        "EBIT": -1,
        "Net Income": 0
    },
    "2012-12-31": {
        "Diluted EPS": -56.0,
        "Total Revenue": NaN,
        "Gross Profit": NaN,
        "Operating Income": -1,
        "EBIT": -1,
        "Net Income": -2
    },
    "2012-09-30": {
        "Diluted EPS": -20.0,
        "Total Revenue": NaN,
        "Gross Profit": NaN,
        "Operating Income": -1,
        "EBIT": -1,
        "Net Income": 0
    },
    "2012-06-30": {
        "Diluted EPS": -12.0,
        "Total Revenue": NaN,
        "Gross Profit": NaN,
        "Operating Income": -1,
        "EBIT": 0,
        "Net Income": 0
    },
    "2012-03-31": {
        "Diluted EPS": -12.0,
        "Total Revenue": NaN,
        "Gross Profit": NaN,
        "Operating Income": -1,
        "EBIT": -1,
        "Net Income": -1
    },
    "2011-12-31": {
        "Diluted EPS": 4.0,
        "Total Revenue": NaN,
        "Gross Profit": NaN,
        "Operating Income": 0,
        "EBIT": 0,
        "Net Income": 0
    },
    "2011-09-30": {
        "Diluted EPS": -20.0,
        "Total Revenue": NaN,
        "Gross Profit": NaN,
        "Operating Income": 0,
        "EBIT": 0,
        "Net Income": -1
    },
    "2011-06-30": {
        "Diluted EPS": -32.0,
        "Total Revenue": NaN,
        "Gross Profit": NaN,
        "Operating Income": 0,
        "EBIT": 0,
        "Net Income": -3
    },
    "2011-03-31": {
        "Diluted EPS": 0.0,
        "Total Revenue": NaN,
        "Gross Profit": NaN,
        "Operating Income": 0,
        "EBIT": 0,
        "Net Income": 0
    },
    "2010-12-31": {
        "Diluted EPS": 0.0,
        "Total Revenue": NaN,
        "Gross Profit": NaN,
        "Operating Income": 0,
        "EBIT": 0,
        "Net Income": 0
    },
    "2010-09-30": {
        "Diluted EPS": 12.0,
        "Total Revenue": NaN,
        "Gross Profit": NaN,
        "Operating Income": 0,
        "EBIT": 0,
        "Net Income": 1
    },
    "2010-06-30": {
        "Diluted EPS": 0.0,
        "Total Revenue": NaN,
        "Gross Profit": NaN,
        "Operating Income": 0,
        "EBIT": 0,
        "Net Income": 0
    },
    "2010-03-31": {
        "Diluted EPS": 0.0,
        "Total Revenue": NaN,
        "Gross Profit": NaN,
        "Operating Income": 0,
        "EBIT": 0,
        "Net Income": 0
    },
    "2009-12-31": {
        "Diluted EPS": -4.0,
        "Total Revenue": NaN,
        "Gross Profit": NaN,
        "Operating Income": 0,
        "EBIT": 0,
        "Net Income": 0
    },
    "2009-09-30": {
        "Diluted EPS": 0.0,
        "Total Revenue": NaN,
        "Gross Profit": NaN,
        "Operating Income": 0,
        "EBIT": 0,
        "Net Income": 0
    },
    "2009-06-30": {
        "Diluted EPS": -4.0,
        "Total Revenue": NaN,
        "Gross Profit": NaN,
        "Operating Income": 0,
        "EBIT": 0,
        "Net Income": 0
    },
    "2009-03-31": {
        "Diluted EPS": -8.0,
        "Total Revenue": NaN,
        "Gross Profit": NaN,
        "Operating Income": 0,
        "EBIT": 0,
        "Net Income": 0
    }
}