{
    "2023-03-31": {
        "Tax Effect Of Unusual Items": NaN,
        "Tax Rate For Calcs": NaN,
        "Normalized EBITDA": NaN,
        "Total Unusual Items": NaN,
        "Total Unusual Items Excluding Goodwill": NaN,
        "Net Income From Continuing Operation Net Minority Interest": NaN,
        "Reconciled Depreciation": NaN,
        "Reconciled Cost Of Revenue": NaN,
        "EBITDA": NaN,
        "EBIT": NaN,
        "Net Interest Income": NaN,
        "Interest Expense": NaN,
        "Interest Income": NaN,
        "Normalized Income": NaN,
        "Net Income From Continuing And Discontinued Operation": NaN,
        "Total Expenses": NaN,
        "Total Operating Income As Reported": NaN,
        "Diluted Average Shares": 7515000.0,
        "Basic Average Shares": 7428000.0,
        "Diluted EPS": 0.76,
        "Basic EPS": 0.77,
        "Diluted NI Availto Com Stockholders": NaN,
        "Net Income Common Stockholders": NaN,
        "Net Income": NaN,
        "Net Income Including Noncontrolling Interests": NaN,
        "Net Income Continuous Operations": NaN,
        "Tax Provision": NaN,
        "Pretax Income": NaN,
        "Other Income Expense": NaN,
        "Other Non Operating Income Expenses": NaN,
        "Special Income Charges": NaN,
        "Gain On Sale Of Ppe": NaN,
        "Write Off": NaN,
        "Impairment Of Capital Assets": NaN,
        "Earnings From Equity Interest": NaN,
        "Gain On Sale Of Security": NaN,
        "Net Non Operating Interest Income Expense": NaN,
        "Interest Expense Non Operating": NaN,
        "Interest Income Non Operating": NaN,
        "Operating Income": NaN,
        "Operating Expense": NaN,
        "Other Operating Expenses": NaN,
        "Depreciation Amortization Depletion Income Statement": NaN,
        "Depreciation And Amortization In Income Statement": NaN,
        "Amortization": NaN,
        "Amortization Of Intangibles Income Statement": NaN,
        "Selling General And Administration": NaN,
        "Gross Profit": NaN,
        "Cost Of Revenue": NaN,
        "Total Revenue": NaN,
        "Operating Revenue": NaN
    },
    "2022-12-31": {
        "Tax Effect Of Unusual Items": NaN,
        "Tax Rate For Calcs": NaN,
        "Normalized EBITDA": NaN,
        "Total Unusual Items": NaN,
        "Total Unusual Items Excluding Goodwill": NaN,
        "Net Income From Continuing Operation Net Minority Interest": NaN,
        "Reconciled Depreciation": NaN,
        "Reconciled Cost Of Revenue": NaN,
        "EBITDA": NaN,
        "EBIT": NaN,
        "Net Interest Income": NaN,
        "Interest Expense": NaN,
        "Interest Income": NaN,
        "Normalized Income": NaN,
        "Net Income From Continuing And Discontinued Operation": NaN,
        "Total Expenses": NaN,
        "Total Operating Income As Reported": NaN,
        "Diluted Average Shares": NaN,
        "Basic Average Shares": NaN,
        "Diluted EPS": NaN,
        "Basic EPS": NaN,
        "Diluted NI Availto Com Stockholders": NaN,
        "Net Income Common Stockholders": NaN,
        "Net Income": NaN,
        "Net Income Including Noncontrolling Interests": NaN,
        "Net Income Continuous Operations": NaN,
        "Tax Provision": NaN,
        "Pretax Income": NaN,
        "Other Income Expense": NaN,
        "Other Non Operating Income Expenses": NaN,
        "Special Income Charges": NaN,
        "Gain On Sale Of Ppe": NaN,
        "Other Special Charges": -14000000.0,
        "Write Off": 0.0,
        "Impairment Of Capital Assets": 0.0,
        "Earnings From Equity Interest": NaN,
        "Gain On Sale Of Security": NaN,
        "Net Non Operating Interest Income Expense": NaN,
        "Interest Expense Non Operating": NaN,
        "Interest Income Non Operating": NaN,
        "Operating Income": NaN,
        "Operating Expense": NaN,
        "Other Operating Expenses": NaN,
        "Depreciation Amortization Depletion Income Statement": NaN,
        "Depreciation And Amortization In Income Statement": NaN,
        "Amortization": NaN,
        "Amortization Of Intangibles Income Statement": NaN,
        "Selling General And Administration": NaN,
        "Gross Profit": NaN,
        "Cost Of Revenue": NaN,
        "Total Revenue": NaN,
        "Operating Revenue": NaN
    },
    "2022-09-30": {
        "Tax Effect Of Unusual Items": NaN,
        "Tax Rate For Calcs": NaN,
        "Normalized EBITDA": NaN,
        "Total Unusual Items": NaN,
        "Total Unusual Items Excluding Goodwill": NaN,
        "Net Income From Continuing Operation Net Minority Interest": NaN,
        "Reconciled Depreciation": NaN,
        "Reconciled Cost Of Revenue": NaN,
        "EBITDA": NaN,
        "EBIT": NaN,
        "Net Interest Income": NaN,
        "Interest Expense": NaN,
        "Interest Income": NaN,
        "Normalized Income": NaN,
        "Net Income From Continuing And Discontinued Operation": NaN,
        "Total Expenses": NaN,
        "Total Operating Income As Reported": NaN,
        "Diluted Average Shares": NaN,
        "Basic Average Shares": NaN,
        "Diluted EPS": NaN,
        "Basic EPS": NaN,
        "Diluted NI Availto Com Stockholders": NaN,
        "Net Income Common Stockholders": NaN,
        "Net Income": NaN,
        "Net Income Including Noncontrolling Interests": NaN,
        "Net Income Continuous Operations": NaN,
        "Tax Provision": NaN,
        "Pretax Income": NaN,
        "Other Income Expense": NaN,
        "Other Non Operating Income Expenses": NaN,
        "Special Income Charges": NaN,
        "Gain On Sale Of Ppe": NaN,
        "Other Special Charges": NaN,
        "Write Off": 3939000.0,
        "Impairment Of Capital Assets": 3939000.0,
        "Earnings From Equity Interest": NaN,
        "Gain On Sale Of Security": NaN,
        "Net Non Operating Interest Income Expense": NaN,
        "Interest Expense Non Operating": NaN,
        "Interest Income Non Operating": NaN,
        "Operating Income": NaN,
        "Operating Expense": NaN,
        "Other Operating Expenses": NaN,
        "Depreciation Amortization Depletion Income Statement": NaN,
        "Depreciation And Amortization In Income Statement": NaN,
        "Amortization": NaN,
        "Amortization Of Intangibles Income Statement": NaN,
        "Selling General And Administration": NaN,
        "Gross Profit": NaN,
        "Cost Of Revenue": NaN,
        "Total Revenue": NaN,
        "Operating Revenue": NaN
    },
    "2022-06-30": {
        "Tax Effect Of Unusual Items": 3031175.0,
        "Tax Rate For Calcs": 0.175,
        "Normalized EBITDA": 29306000.0,
        "Total Unusual Items": 17321000.0,
        "Total Unusual Items Excluding Goodwill": 17321000.0,
        "Net Income From Continuing Operation Net Minority Interest": 37180000.0,
        "Reconciled Depreciation": 1058000.0,
        "Reconciled Cost Of Revenue": 45726000.0,
        "EBITDA": 46627000.0,
        "EBIT": 45569000.0,
        "Net Interest Income": -301000.0,
        "Interest Expense": 496000.0,
        "Interest Income": 195000.0,
        "Normalized Income": 22890175.0,
        "Net Income From Continuing And Discontinued Operation": 37180000.0,
        "Total Expenses": 63002000.0,
        "Total Operating Income As Reported": 29683000.0,
        "Diluted Average Shares": 7330000.0,
        "Basic Average Shares": 7330000.0,
        "Diluted EPS": 5.07,
        "Basic EPS": 5.07,
        "Diluted NI Availto Com Stockholders": 37180000.0,
        "Net Income Common Stockholders": 37180000.0,
        "Net Income": 37180000.0,
        "Net Income Including Noncontrolling Interests": 37180000.0,
        "Net Income Continuous Operations": 37180000.0,
        "Tax Provision": 7893000.0,
        "Pretax Income": 45073000.0,
        "Other Income Expense": 47007000.0,
        "Other Non Operating Income Expenses": 15064000.0,
        "Special Income Charges": 19199000.0,
        "Gain On Sale Of Ppe": 2317000.0,
        "Other Special Charges": -16882000.0,
        "Write Off": NaN,
        "Earnings From Equity Interest": 14622000.0,
        "Gain On Sale Of Security": -1878000.0,
        "Net Non Operating Interest Income Expense": -301000.0,
        "Interest Expense Non Operating": 496000.0,
        "Interest Income Non Operating": 195000.0,
        "Operating Income": -1633000.0,
        "Operating Expense": 17276000.0,
        "Other Operating Expenses": 377000.0,
        "Depreciation Amortization Depletion Income Statement": 1058000.0,
        "Depreciation And Amortization In Income Statement": 1058000.0,
        "Amortization": 1058000.0,
        "Amortization Of Intangibles Income Statement": 1058000.0,
        "Selling General And Administration": 15841000.0,
        "Gross Profit": 15643000.0,
        "Cost Of Revenue": 45726000.0,
        "Total Revenue": 61369000.0,
        "Operating Revenue": 61369000.0
    },
    "2023-06-30": {
        "Tax Effect Of Unusual Items": NaN,
        "Tax Rate For Calcs": NaN,
        "Normalized EBITDA": NaN,
        "Total Unusual Items": NaN,
        "Total Unusual Items Excluding Goodwill": NaN,
        "Net Income From Continuing Operation Net Minority Interest": NaN,
        "Reconciled Depreciation": NaN,
        "Reconciled Cost Of Revenue": NaN,
        "EBITDA": NaN,
        "EBIT": NaN,
        "Net Interest Income": NaN,
        "Interest Expense": NaN,
        "Interest Income": NaN,
        "Normalized Income": NaN,
        "Net Income From Continuing And Discontinued Operation": NaN,
        "Total Expenses": NaN,
        "Total Operating Income As Reported": NaN,
        "Diluted Average Shares": 7513000.0,
        "Basic Average Shares": 7513000.0,
        "Diluted EPS": 0.34,
        "Basic EPS": 0.34,
        "Diluted NI Availto Com Stockholders": NaN,
        "Net Income Common Stockholders": NaN,
        "Net Income": NaN,
        "Net Income Including Noncontrolling Interests": NaN,
        "Net Income Continuous Operations": NaN,
        "Tax Provision": NaN,
        "Pretax Income": NaN,
        "Other Income Expense": NaN,
        "Other Non Operating Income Expenses": NaN,
        "Special Income Charges": NaN,
        "Gain On Sale Of Ppe": NaN,
        "Other Special Charges": NaN,
        "Write Off": NaN,
        "Impairment Of Capital Assets": NaN,
        "Earnings From Equity Interest": NaN,
        "Gain On Sale Of Security": NaN,
        "Net Non Operating Interest Income Expense": NaN,
        "Interest Expense Non Operating": NaN,
        "Interest Income Non Operating": NaN,
        "Operating Income": NaN,
        "Operating Expense": NaN,
        "Other Operating Expenses": NaN,
        "Depreciation Amortization Depletion Income Statement": NaN,
        "Depreciation And Amortization In Income Statement": NaN,
        "Amortization": NaN,
        "Amortization Of Intangibles Income Statement": NaN,
        "Selling General And Administration": NaN,
        "Gross Profit": NaN,
        "Cost Of Revenue": NaN,
        "Total Revenue": NaN,
        "Operating Revenue": NaN
    },
    "2023-09-30": {
        "Tax Effect Of Unusual Items": -220110.0,
        "Tax Rate For Calcs": 0.345,
        "Normalized EBITDA": -3938000.0,
        "Total Unusual Items": -638000.0,
        "Total Unusual Items Excluding Goodwill": -638000.0,
        "Net Income From Continuing Operation Net Minority Interest": -3832000.0,
        "Reconciled Depreciation": 642000.0,
        "Reconciled Cost Of Revenue": 48720000.0,
        "EBITDA": -4576000.0,
        "EBIT": -5218000.0,
        "Net Interest Income": 1047000.0,
        "Interest Expense": 632000.0,
        "Interest Income": 1679000.0,
        "Normalized Income": -3414110.0,
        "Net Income From Continuing And Discontinued Operation": -3832000.0,
        "Total Expenses": 65874000.0,
        "Total Operating Income As Reported": -6267000.0,
        "Diluted Average Shares": 7517000.0,
        "Basic Average Shares": 7517000.0,
        "Diluted EPS": -0.51,
        "Basic EPS": -0.51,
        "Diluted NI Availto Com Stockholders": -3832000.0,
        "Net Income Common Stockholders": -3832000.0,
        "Net Income": -3832000.0,
        "Net Income Including Noncontrolling Interests": -3832000.0,
        "Net Income Continuous Operations": -3832000.0,
        "Tax Provision": -2018000.0,
        "Pretax Income": -5850000.0,
        "Other Income Expense": 12431000.0,
        "Other Non Operating Income Expenses": 315000.0,
        "Special Income Charges": -87000.0,
        "Gain On Sale Of Ppe": -87000.0,
        "Other Special Charges": NaN,
        "Write Off": 0.0,
        "Impairment Of Capital Assets": 0.0,
        "Earnings From Equity Interest": 12754000.0,
        "Gain On Sale Of Security": -551000.0,
        "Net Non Operating Interest Income Expense": 1047000.0,
        "Interest Expense Non Operating": 632000.0,
        "Interest Income Non Operating": 1679000.0,
        "Operating Income": -19328000.0,
        "Operating Expense": 17154000.0,
        "Other Operating Expenses": 394000.0,
        "Depreciation Amortization Depletion Income Statement": 642000.0,
        "Depreciation And Amortization In Income Statement": 642000.0,
        "Amortization": 642000.0,
        "Amortization Of Intangibles Income Statement": 642000.0,
        "Selling General And Administration": 16118000.0,
        "Gross Profit": -2174000.0,
        "Cost Of Revenue": 48720000.0,
        "Total Revenue": 46546000.0,
        "Operating Revenue": 46546000.0
    },
    "2023-12-31": {
        "Tax Effect Of Unusual Items": -21564879.711222,
        "Tax Rate For Calcs": 0.333156,
        "Normalized EBITDA": 209000.0,
        "Total Unusual Items": -64729000.0,
        "Total Unusual Items Excluding Goodwill": -64729000.0,
        "Net Income From Continuing Operation Net Minority Interest": -43967000.0,
        "Reconciled Depreciation": 702000.0,
        "Reconciled Cost Of Revenue": 49756000.0,
        "EBITDA": -64520000.0,
        "EBIT": -65222000.0,
        "Net Interest Income": 822000.0,
        "Interest Expense": 711000.0,
        "Interest Income": 1533000.0,
        "Normalized Income": -802879.711222,
        "Net Income From Continuing And Discontinued Operation": -43967000.0,
        "Total Expenses": 72683000.0,
        "Total Operating Income As Reported": -67434000.0,
        "Diluted Average Shares": NaN,
        "Basic Average Shares": NaN,
        "Diluted EPS": NaN,
        "Basic EPS": NaN,
        "Diluted NI Availto Com Stockholders": -43967000.0,
        "Net Income Common Stockholders": -43967000.0,
        "Net Income": -43967000.0,
        "Net Income Including Noncontrolling Interests": -43967000.0,
        "Net Income Continuous Operations": -43967000.0,
        "Tax Provision": -21966000.0,
        "Pretax Income": -65933000.0,
        "Other Income Expense": -50829000.0,
        "Other Non Operating Income Expenses": 1568000.0,
        "Special Income Charges": -66189000.0,
        "Gain On Sale Of Ppe": -302000.0,
        "Other Special Charges": NaN,
        "Write Off": NaN,
        "Impairment Of Capital Assets": 65887000.0,
        "Earnings From Equity Interest": 12332000.0,
        "Gain On Sale Of Security": 1460000.0,
        "Net Non Operating Interest Income Expense": 822000.0,
        "Interest Expense Non Operating": 711000.0,
        "Interest Income Non Operating": 1533000.0,
        "Operating Income": -15926000.0,
        "Operating Expense": 22927000.0,
        "Other Operating Expenses": 2349000.0,
        "Depreciation Amortization Depletion Income Statement": 702000.0,
        "Depreciation And Amortization In Income Statement": 702000.0,
        "Amortization": 702000.0,
        "Amortization Of Intangibles Income Statement": 702000.0,
        "Selling General And Administration": 19876000.0,
        "Gross Profit": 7001000.0,
        "Cost Of Revenue": 49756000.0,
        "Total Revenue": 56757000.0,
        "Operating Revenue": 56757000.0
    },
    "2024-03-31": {
        "Tax Effect Of Unusual Items": 189360.0,
        "Tax Rate For Calcs": 0.18,
        "Normalized EBITDA": 5758000.0,
        "Total Unusual Items": 1052000.0,
        "Total Unusual Items Excluding Goodwill": 1052000.0,
        "Net Income From Continuing Operation Net Minority Interest": 4570000.0,
        "Reconciled Depreciation": 126000.0,
        "Reconciled Cost Of Revenue": 46271000.0,
        "EBITDA": 6810000.0,
        "EBIT": 6684000.0,
        "Net Interest Income": 16000.0,
        "Interest Expense": 1111000.0,
        "Interest Income": 1127000.0,
        "Normalized Income": 3707360.0,
        "Net Income From Continuing And Discontinued Operation": 4570000.0,
        "Total Expenses": 62305000.0,
        "Total Operating Income As Reported": 4757000.0,
        "Diluted Average Shares": 7515000.0,
        "Basic Average Shares": 7452000.0,
        "Diluted EPS": 0.61,
        "Basic EPS": 0.61,
        "Diluted NI Availto Com Stockholders": 4570000.0,
        "Net Income Common Stockholders": 4570000.0,
        "Net Income": 4570000.0,
        "Net Income Including Noncontrolling Interests": 4570000.0,
        "Net Income Continuous Operations": 4570000.0,
        "Tax Provision": 1003000.0,
        "Pretax Income": 5573000.0,
        "Other Income Expense": 14573000.0,
        "Other Non Operating Income Expenses": 214000.0,
        "Special Income Charges": 11000.0,
        "Gain On Sale Of Ppe": 11000.0,
        "Other Special Charges": NaN,
        "Write Off": NaN,
        "Impairment Of Capital Assets": NaN,
        "Earnings From Equity Interest": 13307000.0,
        "Gain On Sale Of Security": 1041000.0,
        "Net Non Operating Interest Income Expense": 16000.0,
        "Interest Expense Non Operating": 1111000.0,
        "Interest Income Non Operating": 1127000.0,
        "Operating Income": -9016000.0,
        "Operating Expense": 16034000.0,
        "Other Operating Expenses": 455000.0,
        "Depreciation Amortization Depletion Income Statement": 126000.0,
        "Depreciation And Amortization In Income Statement": 126000.0,
        "Amortization": 126000.0,
        "Amortization Of Intangibles Income Statement": 126000.0,
        "Selling General And Administration": 15453000.0,
        "Gross Profit": 7018000.0,
        "Cost Of Revenue": 46271000.0,
        "Total Revenue": 53289000.0,
        "Operating Revenue": 53289000.0
    },
    "2024-06-30": {
        "Tax Effect Of Unusual Items": 177448.0,
        "Tax Rate For Calcs": 0.041,
        "Normalized EBITDA": 3327000.0,
        "Total Unusual Items": 4328000.0,
        "Total Unusual Items Excluding Goodwill": 4328000.0,
        "Net Income From Continuing Operation Net Minority Interest": 5972000.0,
        "Reconciled Depreciation": 116000.0,
        "Reconciled Cost Of Revenue": 45327000.0,
        "EBITDA": 7655000.0,
        "EBIT": 7539000.0,
        "Net Interest Income": -273000.0,
        "Interest Expense": 1311000.0,
        "Interest Income": 1038000.0,
        "Normalized Income": 1821448.0,
        "Net Income From Continuing And Discontinued Operation": 5972000.0,
        "Total Expenses": 63634000.0,
        "Total Operating Income As Reported": 7366000.0,
        "Diluted Average Shares": 7394000.0,
        "Basic Average Shares": 7394000.0,
        "Diluted EPS": 0.81,
        "Basic EPS": 0.81,
        "Diluted NI Availto Com Stockholders": 5972000.0,
        "Net Income Common Stockholders": 5972000.0,
        "Net Income": 5972000.0,
        "Net Income Including Noncontrolling Interests": 5972000.0,
        "Net Income Continuous Operations": 5972000.0,
        "Tax Provision": 256000.0,
        "Pretax Income": 6228000.0,
        "Other Income Expense": 17790000.0,
        "Other Non Operating Income Expenses": -130000.0,
        "Special Income Charges": 4592000.0,
        "Gain On Sale Of Ppe": 4592000.0,
        "Other Special Charges": NaN,
        "Write Off": NaN,
        "Impairment Of Capital Assets": NaN,
        "Earnings From Equity Interest": 13592000.0,
        "Gain On Sale Of Security": -264000.0,
        "Net Non Operating Interest Income Expense": -273000.0,
        "Interest Expense Non Operating": 1311000.0,
        "Interest Income Non Operating": 1038000.0,
        "Operating Income": -11289000.0,
        "Operating Expense": 18307000.0,
        "Other Operating Expenses": 471000.0,
        "Depreciation Amortization Depletion Income Statement": 116000.0,
        "Depreciation And Amortization In Income Statement": 116000.0,
        "Amortization": 116000.0,
        "Amortization Of Intangibles Income Statement": 116000.0,
        "Selling General And Administration": 17720000.0,
        "Gross Profit": 7018000.0,
        "Cost Of Revenue": 45327000.0,
        "Total Revenue": 52345000.0,
        "Operating Revenue": 52345000.0
    },
    "2024-09-30": {
        "Tax Effect Of Unusual Items": 2624760.610496,
        "Tax Rate For Calcs": 0.182783,
        "Normalized EBITDA": 6289000.0,
        "Total Unusual Items": 14360000.0,
        "Total Unusual Items Excluding Goodwill": 14360000.0,
        "Net Income From Continuing Operation Net Minority Interest": 15635000.0,
        "Reconciled Depreciation": 131000.0,
        "Reconciled Cost Of Revenue": 54412000.0,
        "EBITDA": 20649000.0,
        "EBIT": 20518000.0,
        "Net Interest Income": -302000.0,
        "Interest Expense": 1386000.0,
        "Interest Income": 1084000.0,
        "Normalized Income": 3899760.610496,
        "Net Income From Continuing And Discontinued Operation": 15635000.0,
        "Total Expenses": 71493000.0,
        "Total Operating Income As Reported": 19699000.0,
        "Diluted Average Shares": 7312000.0,
        "Basic Average Shares": 7312000.0,
        "Diluted EPS": 2.14,
        "Basic EPS": 2.14,
        "Diluted NI Availto Com Stockholders": 15635000.0,
        "Net Income Common Stockholders": 15635000.0,
        "Net Income": 15635000.0,
        "Net Income Including Noncontrolling Interests": 15635000.0,
        "Net Income Continuous Operations": 15635000.0,
        "Tax Provision": 3497000.0,
        "Pretax Income": 19132000.0,
        "Other Income Expense": 29271000.0,
        "Other Non Operating Income Expenses": -244000.0,
        "Special Income Charges": 13918000.0,
        "Gain On Sale Of Ppe": 306000.0,
        "Other Special Charges": -13612000.0,
        "Write Off": NaN,
        "Impairment Of Capital Assets": NaN,
        "Earnings From Equity Interest": 15155000.0,
        "Gain On Sale Of Security": 442000.0,
        "Net Non Operating Interest Income Expense": -302000.0,
        "Interest Expense Non Operating": 1386000.0,
        "Interest Income Non Operating": 1084000.0,
        "Operating Income": -9837000.0,
        "Operating Expense": 17081000.0,
        "Other Operating Expenses": 463000.0,
        "Depreciation Amortization Depletion Income Statement": 131000.0,
        "Depreciation And Amortization In Income Statement": 131000.0,
        "Amortization": 131000.0,
        "Amortization Of Intangibles Income Statement": 131000.0,
        "Selling General And Administration": 16487000.0,
        "Gross Profit": 7244000.0,
        "Cost Of Revenue": 54412000.0,
        "Total Revenue": 61656000.0,
        "Operating Revenue": 61656000.0
    }
}