{
    "2023-03-31": {
        "Tax Effect Of Unusual Items": -77962.983862,
        "Tax Rate For Calcs": 0.112177,
        "Normalized EBITDA": -7615000.0,
        "Total Unusual Items": -695000.0,
        "Total Unusual Items Excluding Goodwill": -695000.0,
        "Net Income From Continuing Operation Net Minority Interest": -7867000.0,
        "Reconciled Depreciation": 143000.0,
        "EBITDA": -8310000.0,
        "EBIT": -8453000.0,
        "Net Interest Income": 287000.0,
        "Interest Income": 287000.0,
        "Normalized Income": -7249962.983862,
        "Net Income From Continuing And Discontinued Operation": -7867000.0,
        "Total Expenses": 8453000.0,
        "Total Operating Income As Reported": -9148000.0,
        "Diluted Average Shares": 2095160.0,
        "Basic Average Shares": 2095160.0,
        "Diluted EPS": -3.75,
        "Basic EPS": -3.75,
        "Diluted NI Availto Com Stockholders": -7867000.0,
        "Net Income Common Stockholders": -7867000.0,
        "Net Income": -7867000.0,
        "Net Income Including Noncontrolling Interests": -7867000.0,
        "Net Income Continuous Operations": -7867000.0,
        "Tax Provision": -994000.0,
        "Pretax Income": -8861000.0,
        "Other Income Expense": -695000.0,
        "Gain On Sale Of Security": -695000.0,
        "Net Non Operating Interest Income Expense": 287000.0,
        "Interest Income Non Operating": 287000.0,
        "Operating Income": -8453000.0,
        "Operating Expense": 8453000.0,
        "Research And Development": 6805000.0,
        "Selling General And Administration": 1648000.0,
        "General And Administrative Expense": 1648000.0,
        "Other Gand A": 1648000.0,
        "Total Revenue": 0.0,
        "Operating Revenue": 0.0
    },
    "2022-12-31": {
        "Tax Effect Of Unusual Items": NaN,
        "Tax Rate For Calcs": NaN,
        "Normalized EBITDA": NaN,
        "Total Unusual Items": NaN,
        "Total Unusual Items Excluding Goodwill": NaN,
        "Net Income From Continuing Operation Net Minority Interest": NaN,
        "Reconciled Depreciation": NaN,
        "EBITDA": NaN,
        "EBIT": NaN,
        "Net Interest Income": NaN,
        "Interest Income": NaN,
        "Normalized Income": NaN,
        "Net Income From Continuing And Discontinued Operation": NaN,
        "Total Expenses": NaN,
        "Total Operating Income As Reported": NaN,
        "Diluted Average Shares": 2096414.0,
        "Basic Average Shares": 2096414.0,
        "Diluted EPS": -7.25,
        "Basic EPS": -7.25,
        "Diluted NI Availto Com Stockholders": NaN,
        "Net Income Common Stockholders": NaN,
        "Net Income": NaN,
        "Net Income Including Noncontrolling Interests": NaN,
        "Net Income Continuous Operations": NaN,
        "Tax Provision": NaN,
        "Pretax Income": NaN,
        "Other Income Expense": NaN,
        "Gain On Sale Of Security": NaN,
        "Net Non Operating Interest Income Expense": NaN,
        "Interest Income Non Operating": NaN,
        "Operating Income": NaN,
        "Operating Expense": NaN,
        "Research And Development": NaN,
        "Selling General And Administration": NaN,
        "General And Administrative Expense": NaN,
        "Other Gand A": NaN,
        "Total Revenue": NaN,
        "Operating Revenue": NaN
    },
    "2022-09-30": {
        "Tax Effect Of Unusual Items": 704476.812322,
        "Tax Rate For Calcs": 0.241922,
        "Normalized EBITDA": -11807000.0,
        "Total Unusual Items": 2912000.0,
        "Total Unusual Items Excluding Goodwill": 2912000.0,
        "Net Income From Continuing Operation Net Minority Interest": -4528000.0,
        "Reconciled Depreciation": 206000.0,
        "EBITDA": -8895000.0,
        "EBIT": -9101000.0,
        "Net Interest Income": 216000.0,
        "Interest Income": 216000.0,
        "Normalized Income": -6735523.187678,
        "Net Income From Continuing And Discontinued Operation": -4528000.0,
        "Total Expenses": 9101000.0,
        "Total Operating Income As Reported": -6189000.0,
        "Diluted Average Shares": 52196000.0,
        "Basic Average Shares": 52196000.0,
        "Diluted EPS": -0.09,
        "Basic EPS": -0.09,
        "Diluted NI Availto Com Stockholders": -4528000.0,
        "Net Income Common Stockholders": -4528000.0,
        "Net Income": -4528000.0,
        "Net Income Including Noncontrolling Interests": -4528000.0,
        "Net Income Continuous Operations": -4528000.0,
        "Tax Provision": -1445000.0,
        "Pretax Income": -5973000.0,
        "Other Income Expense": 2912000.0,
        "Special Income Charges": NaN,
        "Impairment Of Capital Assets": NaN,
        "Gain On Sale Of Security": 2912000.0,
        "Net Non Operating Interest Income Expense": 216000.0,
        "Interest Income Non Operating": 216000.0,
        "Operating Income": -9101000.0,
        "Operating Expense": 9101000.0,
        "Research And Development": 7386000.0,
        "Selling General And Administration": 1715000.0,
        "General And Administrative Expense": 1715000.0,
        "Other Gand A": 1715000.0,
        "Total Revenue": 0.0,
        "Operating Revenue": 0.0
    },
    "2022-06-30": {
        "Tax Effect Of Unusual Items": 722362.957137,
        "Tax Rate For Calcs": 0.234762,
        "Normalized EBITDA": -11099000.0,
        "Total Unusual Items": 3077000.0,
        "Total Unusual Items Excluding Goodwill": 3077000.0,
        "Net Income From Continuing Operation Net Minority Interest": -3892000.0,
        "Reconciled Depreciation": 273000.0,
        "EBITDA": -8022000.0,
        "EBIT": -8295000.0,
        "Net Interest Income": 132000.0,
        "Interest Income": 132000.0,
        "Normalized Income": -6246637.042863,
        "Net Income From Continuing And Discontinued Operation": -3892000.0,
        "Total Expenses": 8295000.0,
        "Total Operating Income As Reported": -5218000.0,
        "Diluted Average Shares": 52196000.0,
        "Basic Average Shares": 52196000.0,
        "Diluted EPS": -0.07,
        "Basic EPS": -0.07,
        "Diluted NI Availto Com Stockholders": -3892000.0,
        "Net Income Common Stockholders": -3892000.0,
        "Net Income": -3892000.0,
        "Net Income Including Noncontrolling Interests": -3892000.0,
        "Net Income Continuous Operations": -3892000.0,
        "Tax Provision": -1194000.0,
        "Pretax Income": -5086000.0,
        "Other Income Expense": 3077000.0,
        "Special Income Charges": NaN,
        "Impairment Of Capital Assets": NaN,
        "Gain On Sale Of Security": 3077000.0,
        "Net Non Operating Interest Income Expense": 132000.0,
        "Interest Income Non Operating": 132000.0,
        "Operating Income": -8295000.0,
        "Operating Expense": 8295000.0,
        "Research And Development": 6406000.0,
        "Selling General And Administration": 1889000.0,
        "General And Administrative Expense": 1889000.0,
        "Other Gand A": 1889000.0,
        "Total Revenue": 0.0,
        "Operating Revenue": 0.0
    },
    "2022-03-31": {
        "Diluted EPS": -0.22,
        "Total Revenue": NaN,
        "Gross Profit": NaN,
        "Operating Income": -16,
        "EBIT": -15,
        "Net Income": -11
    },
    "2021-12-31": {
        "Diluted EPS": -0.37,
        "Total Revenue": NaN,
        "Gross Profit": NaN,
        "Operating Income": -21,
        "EBIT": -21,
        "Net Income": -18
    },
    "2021-09-30": {
        "Diluted EPS": -0.21,
        "Total Revenue": NaN,
        "Gross Profit": NaN,
        "Operating Income": -16,
        "EBIT": -15,
        "Net Income": -11
    },
    "2021-06-30": {
        "Diluted EPS": -0.24,
        "Total Revenue": NaN,
        "Gross Profit": NaN,
        "Operating Income": -15,
        "EBIT": -14,
        "Net Income": -13
    },
    "2021-03-31": {
        "Diluted EPS": -0.26,
        "Total Revenue": NaN,
        "Gross Profit": NaN,
        "Operating Income": -15,
        "EBIT": -15,
        "Net Income": -13
    },
    "2020-12-31": {
        "Diluted EPS": -0.34,
        "Total Revenue": NaN,
        "Gross Profit": NaN,
        "Operating Income": -13,
        "EBIT": -13,
        "Net Income": -16
    },
    "2020-09-30": {
        "Diluted EPS": -0.31,
        "Total Revenue": NaN,
        "Gross Profit": NaN,
        "Operating Income": -10,
        "EBIT": -10,
        "Net Income": -11
    },
    "2020-06-30": {
        "Diluted EPS": -0.24,
        "Total Revenue": NaN,
        "Gross Profit": NaN,
        "Operating Income": -9,
        "EBIT": -9,
        "Net Income": -8
    },
    "2020-03-31": {
        "Diluted EPS": -0.15,
        "Total Revenue": NaN,
        "Gross Profit": NaN,
        "Operating Income": -10,
        "EBIT": -9,
        "Net Income": -5
    },
    "2019-12-31": {
        "Diluted EPS": -0.29,
        "Total Revenue": NaN,
        "Gross Profit": NaN,
        "Operating Income": -9,
        "EBIT": -9,
        "Net Income": -10
    },
    "2019-09-30": {
        "Diluted EPS": -0.15,
        "Total Revenue": NaN,
        "Gross Profit": NaN,
        "Operating Income": -8,
        "EBIT": -8,
        "Net Income": -5
    },
    "2019-06-30": {
        "Diluted EPS": -0.18,
        "Total Revenue": NaN,
        "Gross Profit": NaN,
        "Operating Income": -9,
        "EBIT": -9,
        "Net Income": -6
    },
    "2019-03-31": {
        "Diluted EPS": -0.22,
        "Total Revenue": NaN,
        "Gross Profit": NaN,
        "Operating Income": -7,
        "EBIT": -7,
        "Net Income": -7
    },
    "2018-12-31": {
        "Diluted EPS": -0.14,
        "Total Revenue": NaN,
        "Gross Profit": NaN,
        "Operating Income": -8,
        "EBIT": -8,
        "Net Income": -5
    },
    "2018-09-30": {
        "Diluted EPS": -0.1,
        "Total Revenue": NaN,
        "Gross Profit": NaN,
        "Operating Income": -6,
        "EBIT": -5,
        "Net Income": -3
    },
    "2018-06-30": {
        "Diluted EPS": -0.05,
        "Total Revenue": NaN,
        "Gross Profit": NaN,
        "Operating Income": -9,
        "EBIT": -9,
        "Net Income": -2
    },
    "2018-03-31": {
        "Diluted EPS": -0.28,
        "Total Revenue": NaN,
        "Gross Profit": NaN,
        "Operating Income": -7,
        "EBIT": -7,
        "Net Income": -9
    },
    "2017-12-31": {
        "Diluted EPS": 0.0,
        "Total Revenue": NaN,
        "Gross Profit": NaN,
        "Operating Income": NaN,
        "EBIT": NaN,
        "Net Income": NaN
    },
    "2017-06-30": {
        "Diluted EPS": 0.0,
        "Total Revenue": NaN,
        "Gross Profit": NaN,
        "Operating Income": NaN,
        "Net Income": NaN
    },
    "2016-12-31": {
        "Diluted EPS": 0.0,
        "Total Revenue": NaN,
        "Gross Profit": NaN,
        "Operating Income": NaN,
        "EBIT": NaN,
        "Net Income": NaN
    },
    "2023-06-30": {
        "Tax Effect Of Unusual Items": -63344.810625,
        "Tax Rate For Calcs": 0.112313,
        "Normalized EBITDA": -5004000.0,
        "Total Unusual Items": -564000.0,
        "Total Unusual Items Excluding Goodwill": -564000.0,
        "Net Income From Continuing Operation Net Minority Interest": -5414000.0,
        "Reconciled Depreciation": 145000.0,
        "EBITDA": -5568000.0,
        "EBIT": -5713000.0,
        "Net Interest Income": 178000.0,
        "Interest Income": 178000.0,
        "Normalized Income": -4913344.810625,
        "Net Income From Continuing And Discontinued Operation": -5414000.0,
        "Total Expenses": 5713000.0,
        "Total Operating Income As Reported": -6277000.0,
        "Diluted Average Shares": 2095560.0,
        "Basic Average Shares": 2095560.0,
        "Diluted EPS": -2.5,
        "Basic EPS": -2.5,
        "Diluted NI Availto Com Stockholders": -5414000.0,
        "Net Income Common Stockholders": -5414000.0,
        "Net Income": -5414000.0,
        "Net Income Including Noncontrolling Interests": -5414000.0,
        "Net Income Continuous Operations": -5414000.0,
        "Tax Provision": -685000.0,
        "Pretax Income": -6099000.0,
        "Other Income Expense": -564000.0,
        "Gain On Sale Of Security": -564000.0,
        "Net Non Operating Interest Income Expense": 178000.0,
        "Interest Income Non Operating": 178000.0,
        "Operating Income": -5713000.0,
        "Operating Expense": 5713000.0,
        "Research And Development": 3959000.0,
        "Selling General And Administration": 1754000.0,
        "General And Administrative Expense": 1754000.0,
        "Other Gand A": 1754000.0,
        "Total Revenue": 0.0,
        "Operating Revenue": 0.0
    },
    "2023-09-30": {
        "Tax Effect Of Unusual Items": 97413.333333,
        "Tax Rate For Calcs": 0.173333,
        "Normalized EBITDA": -9230000.0,
        "Total Unusual Items": 562000.0,
        "Total Unusual Items Excluding Goodwill": 562000.0,
        "Net Income From Continuing Operation Net Minority Interest": -6696000.0,
        "Reconciled Depreciation": 146000.0,
        "EBITDA": -8668000.0,
        "EBIT": -8814000.0,
        "Net Interest Income": 152000.0,
        "Interest Income": 152000.0,
        "Normalized Income": -7160586.666667,
        "Net Income From Continuing And Discontinued Operation": -6696000.0,
        "Total Expenses": 8814000.0,
        "Total Operating Income As Reported": -8252000.0,
        "Diluted Average Shares": 2106800.0,
        "Basic Average Shares": 2106800.0,
        "Diluted EPS": -3.25,
        "Basic EPS": -3.25,
        "Diluted NI Availto Com Stockholders": -6696000.0,
        "Net Income Common Stockholders": -6696000.0,
        "Net Income": -6696000.0,
        "Net Income Including Noncontrolling Interests": -6696000.0,
        "Net Income Continuous Operations": -6696000.0,
        "Tax Provision": -1404000.0,
        "Pretax Income": -8100000.0,
        "Other Income Expense": 562000.0,
        "Gain On Sale Of Security": 562000.0,
        "Net Non Operating Interest Income Expense": 152000.0,
        "Interest Income Non Operating": 152000.0,
        "Operating Income": -8814000.0,
        "Operating Expense": 8814000.0,
        "Research And Development": 7439000.0,
        "Selling General And Administration": 1375000.0,
        "General And Administrative Expense": 1375000.0,
        "Other Gand A": 1375000.0,
        "Total Revenue": 0.0,
        "Operating Revenue": 0.0
    },
    "2023-12-31": {
        "Tax Effect Of Unusual Items": -141028.985507,
        "Tax Rate For Calcs": 0.1466,
        "Normalized EBITDA": -7042000.0,
        "Total Unusual Items": -962000.0,
        "Total Unusual Items Excluding Goodwill": -962000.0,
        "Net Income From Continuing Operation Net Minority Interest": -7655000.0,
        "Reconciled Depreciation": 141000.0,
        "EBITDA": -8004000.0,
        "EBIT": -8145000.0,
        "Net Interest Income": 137000.0,
        "Interest Income": 137000.0,
        "Normalized Income": -6834028.985507,
        "Net Income From Continuing And Discontinued Operation": -7655000.0,
        "Total Expenses": 8145000.0,
        "Total Operating Income As Reported": -9107000.0,
        "Diluted Average Shares": NaN,
        "Basic Average Shares": NaN,
        "Diluted EPS": NaN,
        "Basic EPS": NaN,
        "Diluted NI Availto Com Stockholders": -7655000.0,
        "Net Income Common Stockholders": -7655000.0,
        "Net Income": -7655000.0,
        "Net Income Including Noncontrolling Interests": -7655000.0,
        "Net Income Continuous Operations": -7655000.0,
        "Tax Provision": -1315000.0,
        "Pretax Income": -8970000.0,
        "Other Income Expense": -962000.0,
        "Gain On Sale Of Security": -459000.0,
        "Net Non Operating Interest Income Expense": 137000.0,
        "Interest Income Non Operating": 137000.0,
        "Operating Income": -8145000.0,
        "Operating Expense": 8145000.0,
        "Research And Development": 6859000.0,
        "Selling General And Administration": 1286000.0,
        "General And Administrative Expense": 1286000.0,
        "Other Gand A": 1286000.0,
        "Total Revenue": 0.0,
        "Operating Revenue": 0.0
    },
    "2024-03-31": {
        "Tax Effect Of Unusual Items": 15224.732899,
        "Tax Rate For Calcs": 0.16026,
        "Normalized EBITDA": -8323000.0,
        "Total Unusual Items": 95000.0,
        "Total Unusual Items Excluding Goodwill": 95000.0,
        "Net Income From Continuing Operation Net Minority Interest": -6838000.0,
        "Reconciled Depreciation": 136000.0,
        "EBITDA": -8228000.0,
        "EBIT": -8364000.0,
        "Net Interest Income": 126000.0,
        "Interest Income": 126000.0,
        "Normalized Income": -6917775.267101,
        "Net Income From Continuing And Discontinued Operation": -6838000.0,
        "Total Expenses": 8364000.0,
        "Total Operating Income As Reported": -8269000.0,
        "Diluted Average Shares": 2143080.0,
        "Basic Average Shares": 2143080.0,
        "Diluted EPS": -3.25,
        "Basic EPS": -3.25,
        "Diluted NI Availto Com Stockholders": -6838000.0,
        "Net Income Common Stockholders": -6838000.0,
        "Net Income": -6838000.0,
        "Net Income Including Noncontrolling Interests": -6838000.0,
        "Net Income Continuous Operations": -6838000.0,
        "Tax Provision": -1305000.0,
        "Pretax Income": -8143000.0,
        "Other Income Expense": 95000.0,
        "Gain On Sale Of Security": 95000.0,
        "Net Non Operating Interest Income Expense": 126000.0,
        "Interest Income Non Operating": 126000.0,
        "Operating Income": -8364000.0,
        "Operating Expense": 8364000.0,
        "Research And Development": 6783000.0,
        "Selling General And Administration": 1581000.0,
        "General And Administrative Expense": 1581000.0,
        "Other Gand A": 1581000.0,
        "Total Revenue": 0.0,
        "Operating Revenue": 0.0
    }
}