{
    "2023-03-31": {
        "Tax Effect Of Unusual Items": NaN,
        "Tax Rate For Calcs": NaN,
        "Normalized EBITDA": NaN,
        "Total Unusual Items": NaN,
        "Total Unusual Items Excluding Goodwill": NaN,
        "Net Income From Continuing Operation Net Minority Interest": NaN,
        "Reconciled Depreciation": NaN,
        "Reconciled Cost Of Revenue": NaN,
        "EBITDA": NaN,
        "EBIT": NaN,
        "Net Interest Income": NaN,
        "Interest Expense": NaN,
        "Interest Income": 2026000.0,
        "Normalized Income": NaN,
        "Net Income From Continuing And Discontinued Operation": NaN,
        "Total Expenses": NaN,
        "Total Operating Income As Reported": NaN,
        "Diluted Average Shares": NaN,
        "Basic Average Shares": NaN,
        "Diluted EPS": NaN,
        "Basic EPS": NaN,
        "Diluted NI Availto Com Stockholders": NaN,
        "Net Income Common Stockholders": NaN,
        "Net Income": NaN,
        "Net Income Including Noncontrolling Interests": NaN,
        "Net Income Continuous Operations": NaN,
        "Tax Provision": NaN,
        "Pretax Income": NaN,
        "Other Income Expense": NaN,
        "Special Income Charges": NaN,
        "Gain On Sale Of Ppe": NaN,
        "Other Special Charges": 3544000.0,
        "Restructuring And Mergern Acquisition": NaN,
        "Net Non Operating Interest Income Expense": NaN,
        "Interest Expense Non Operating": NaN,
        "Interest Income Non Operating": 2026000.0,
        "Operating Income": NaN,
        "Operating Expense": NaN,
        "Selling General And Administration": NaN,
        "General And Administrative Expense": NaN,
        "Other Gand A": NaN,
        "Gross Profit": NaN,
        "Cost Of Revenue": NaN,
        "Total Revenue": NaN,
        "Operating Revenue": NaN
    },
    "2022-12-31": {
        "Tax Effect Of Unusual Items": NaN,
        "Tax Rate For Calcs": NaN,
        "Normalized EBITDA": NaN,
        "Total Unusual Items": NaN,
        "Total Unusual Items Excluding Goodwill": NaN,
        "Net Income From Continuing Operation Net Minority Interest": NaN,
        "Reconciled Depreciation": NaN,
        "Reconciled Cost Of Revenue": NaN,
        "EBITDA": NaN,
        "EBIT": NaN,
        "Net Interest Income": NaN,
        "Interest Expense": NaN,
        "Interest Income": 9599000.0,
        "Normalized Income": NaN,
        "Net Income From Continuing And Discontinued Operation": NaN,
        "Total Expenses": NaN,
        "Total Operating Income As Reported": NaN,
        "Diluted Average Shares": NaN,
        "Basic Average Shares": NaN,
        "Diluted EPS": NaN,
        "Basic EPS": NaN,
        "Diluted NI Availto Com Stockholders": NaN,
        "Net Income Common Stockholders": NaN,
        "Net Income": NaN,
        "Net Income Including Noncontrolling Interests": NaN,
        "Net Income Continuous Operations": NaN,
        "Tax Provision": NaN,
        "Pretax Income": NaN,
        "Other Income Expense": NaN,
        "Special Income Charges": NaN,
        "Gain On Sale Of Ppe": NaN,
        "Other Special Charges": 4075000.0,
        "Restructuring And Mergern Acquisition": NaN,
        "Net Non Operating Interest Income Expense": NaN,
        "Interest Expense Non Operating": NaN,
        "Interest Income Non Operating": 9599000.0,
        "Operating Income": NaN,
        "Operating Expense": NaN,
        "Selling General And Administration": NaN,
        "General And Administrative Expense": NaN,
        "Other Gand A": NaN,
        "Gross Profit": NaN,
        "Cost Of Revenue": NaN,
        "Total Revenue": NaN,
        "Operating Revenue": NaN
    },
    "2022-09-30": {
        "Tax Effect Of Unusual Items": NaN,
        "Tax Rate For Calcs": NaN,
        "Normalized EBITDA": NaN,
        "Total Unusual Items": NaN,
        "Total Unusual Items Excluding Goodwill": NaN,
        "Net Income From Continuing Operation Net Minority Interest": NaN,
        "Reconciled Depreciation": NaN,
        "Reconciled Cost Of Revenue": NaN,
        "EBITDA": NaN,
        "EBIT": NaN,
        "Net Interest Income": NaN,
        "Interest Expense": NaN,
        "Interest Income": 3235000.0,
        "Normalized Income": NaN,
        "Net Income From Continuing And Discontinued Operation": NaN,
        "Total Expenses": NaN,
        "Total Operating Income As Reported": NaN,
        "Diluted Average Shares": NaN,
        "Basic Average Shares": NaN,
        "Diluted EPS": NaN,
        "Basic EPS": NaN,
        "Diluted NI Availto Com Stockholders": NaN,
        "Net Income Common Stockholders": NaN,
        "Net Income": NaN,
        "Net Income Including Noncontrolling Interests": NaN,
        "Net Income Continuous Operations": NaN,
        "Tax Provision": NaN,
        "Pretax Income": NaN,
        "Other Income Expense": NaN,
        "Special Income Charges": NaN,
        "Gain On Sale Of Ppe": NaN,
        "Other Special Charges": NaN,
        "Restructuring And Mergern Acquisition": NaN,
        "Net Non Operating Interest Income Expense": NaN,
        "Interest Expense Non Operating": NaN,
        "Interest Income Non Operating": 3235000.0,
        "Operating Income": NaN,
        "Operating Expense": NaN,
        "Selling General And Administration": NaN,
        "General And Administrative Expense": NaN,
        "Other Gand A": NaN,
        "Gross Profit": NaN,
        "Cost Of Revenue": NaN,
        "Total Revenue": NaN,
        "Operating Revenue": NaN
    },
    "2023-06-30": {
        "Tax Effect Of Unusual Items": NaN,
        "Tax Rate For Calcs": NaN,
        "Normalized EBITDA": NaN,
        "Total Unusual Items": NaN,
        "Total Unusual Items Excluding Goodwill": NaN,
        "Net Income From Continuing Operation Net Minority Interest": NaN,
        "Reconciled Depreciation": NaN,
        "Reconciled Cost Of Revenue": NaN,
        "EBITDA": NaN,
        "EBIT": NaN,
        "Net Interest Income": NaN,
        "Interest Expense": NaN,
        "Interest Income": NaN,
        "Normalized Income": NaN,
        "Net Income From Continuing And Discontinued Operation": NaN,
        "Total Expenses": NaN,
        "Total Operating Income As Reported": NaN,
        "Diluted Average Shares": 146992000.0,
        "Basic Average Shares": 138058000.0,
        "Diluted EPS": 0.45,
        "Basic EPS": 0.48,
        "Diluted NI Availto Com Stockholders": NaN,
        "Net Income Common Stockholders": NaN,
        "Net Income": NaN,
        "Net Income Including Noncontrolling Interests": NaN,
        "Net Income Continuous Operations": NaN,
        "Tax Provision": NaN,
        "Pretax Income": NaN,
        "Other Income Expense": NaN,
        "Special Income Charges": NaN,
        "Gain On Sale Of Ppe": 0.0,
        "Other Special Charges": 42331000.0,
        "Restructuring And Mergern Acquisition": NaN,
        "Net Non Operating Interest Income Expense": NaN,
        "Interest Expense Non Operating": NaN,
        "Interest Income Non Operating": NaN,
        "Operating Income": NaN,
        "Operating Expense": NaN,
        "Selling General And Administration": NaN,
        "General And Administrative Expense": NaN,
        "Other Gand A": NaN,
        "Gross Profit": NaN,
        "Cost Of Revenue": NaN,
        "Total Revenue": NaN,
        "Operating Revenue": NaN
    },
    "2022-06-30": {
        "Tax Effect Of Unusual Items": 405157.475894,
        "Tax Rate For Calcs": 0.095399,
        "Normalized EBITDA": 85324000.0,
        "Total Unusual Items": 4247000.0,
        "Total Unusual Items Excluding Goodwill": 4247000.0,
        "Net Income From Continuing Operation Net Minority Interest": 37057000.0,
        "Reconciled Depreciation": 40891000.0,
        "Reconciled Cost Of Revenue": 215114000.0,
        "EBITDA": 89571000.0,
        "EBIT": 48680000.0,
        "Net Interest Income": -6634000.0,
        "Interest Expense": 7715000.0,
        "Interest Income": 1081000.0,
        "Normalized Income": 33215157.475894,
        "Net Income From Continuing And Discontinued Operation": 37057000.0,
        "Total Expenses": 231801000.0,
        "Total Operating Income As Reported": 47599000.0,
        "Diluted Average Shares": 70354000.0,
        "Basic Average Shares": 70354000.0,
        "Diluted EPS": 0.526722,
        "Basic EPS": 0.526722,
        "Diluted NI Availto Com Stockholders": 37057000.0,
        "Net Income Common Stockholders": 37057000.0,
        "Net Income": 37057000.0,
        "Net Income Including Noncontrolling Interests": 37057000.0,
        "Net Income Continuous Operations": 37057000.0,
        "Tax Provision": 3908000.0,
        "Pretax Income": 40965000.0,
        "Other Income Expense": 4247000.0,
        "Special Income Charges": 4247000.0,
        "Gain On Sale Of Ppe": -1103000.0,
        "Other Special Charges": -14407000.0,
        "Restructuring And Mergern Acquisition": 9057000.0,
        "Net Non Operating Interest Income Expense": -6634000.0,
        "Interest Expense Non Operating": 7715000.0,
        "Interest Income Non Operating": 1081000.0,
        "Operating Income": 43352000.0,
        "Operating Expense": 16687000.0,
        "Selling General And Administration": 16687000.0,
        "General And Administrative Expense": 16687000.0,
        "Other Gand A": 16687000.0,
        "Gross Profit": 60039000.0,
        "Cost Of Revenue": 215114000.0,
        "Total Revenue": 275153000.0,
        "Operating Revenue": 262463000.0
    },
    "2023-09-30": {
        "Tax Effect Of Unusual Items": -2608511.096189,
        "Tax Rate For Calcs": 0.246016,
        "Normalized EBITDA": 299933000.0,
        "Total Unusual Items": -10603000.0,
        "Total Unusual Items Excluding Goodwill": -10603000.0,
        "Net Income From Continuing Operation Net Minority Interest": 158323000.0,
        "Reconciled Depreciation": 66343000.0,
        "Reconciled Cost Of Revenue": 448027000.0,
        "EBITDA": 289330000.0,
        "EBIT": 222987000.0,
        "Net Interest Income": 4201000.0,
        "Interest Expense": 13005000.0,
        "Interest Income": 17206000.0,
        "Normalized Income": 166317488.903811,
        "Net Income From Continuing And Discontinued Operation": 158323000.0,
        "Total Expenses": 481066000.0,
        "Total Operating Income As Reported": 200776000.0,
        "Diluted Average Shares": 145721000.0,
        "Basic Average Shares": 139400000.0,
        "Diluted EPS": 1.09,
        "Basic EPS": 1.14,
        "Diluted NI Availto Com Stockholders": 158323000.0,
        "Net Income Common Stockholders": 158323000.0,
        "Net Income": 158323000.0,
        "Net Income Including Noncontrolling Interests": 158323000.0,
        "Net Income Continuous Operations": 158323000.0,
        "Tax Provision": 51659000.0,
        "Pretax Income": 209982000.0,
        "Other Income Expense": -10603000.0,
        "Special Income Charges": -10603000.0,
        "Gain On Sale Of Ppe": 0.0,
        "Other Special Charges": 2642000.0,
        "Restructuring And Mergern Acquisition": 7961000.0,
        "Net Non Operating Interest Income Expense": 4201000.0,
        "Interest Expense Non Operating": 13005000.0,
        "Interest Income Non Operating": 17206000.0,
        "Operating Income": 216384000.0,
        "Operating Expense": 33039000.0,
        "Selling General And Administration": 33039000.0,
        "General And Administrative Expense": 33039000.0,
        "Other Gand A": 33039000.0,
        "Gross Profit": 249423000.0,
        "Cost Of Revenue": 448027000.0,
        "Total Revenue": 697450000.0,
        "Operating Revenue": 671004000.0
    },
    "2023-12-31": {
        "Tax Effect Of Unusual Items": 5992770.0,
        "Tax Rate For Calcs": 0.21,
        "Normalized EBITDA": 202617000.0,
        "Total Unusual Items": 28537000.0,
        "Total Unusual Items Excluding Goodwill": 28537000.0,
        "Net Income From Continuing Operation Net Minority Interest": 149700000.0,
        "Reconciled Depreciation": 71697000.0,
        "Reconciled Cost Of Revenue": 480851000.0,
        "EBITDA": 231154000.0,
        "EBIT": 159457000.0,
        "Net Interest Income": -12823000.0,
        "Interest Expense": 14600000.0,
        "Interest Income": 1777000.0,
        "Normalized Income": 127155770.0,
        "Net Income From Continuing And Discontinued Operation": 149700000.0,
        "Total Expenses": 513836000.0,
        "Total Operating Income As Reported": 157680000.0,
        "Diluted Average Shares": NaN,
        "Basic Average Shares": NaN,
        "Diluted EPS": NaN,
        "Basic EPS": NaN,
        "Diluted NI Availto Com Stockholders": 149700000.0,
        "Net Income Common Stockholders": 149700000.0,
        "Net Income": 149700000.0,
        "Net Income Including Noncontrolling Interests": 149700000.0,
        "Net Income Continuous Operations": 149700000.0,
        "Tax Provision": -4843000.0,
        "Pretax Income": 144857000.0,
        "Other Income Expense": 28537000.0,
        "Special Income Charges": 28537000.0,
        "Gain On Sale Of Ppe": 0.0,
        "Other Special Charges": -41823000.0,
        "Restructuring And Mergern Acquisition": 13286000.0,
        "Net Non Operating Interest Income Expense": -12823000.0,
        "Interest Expense Non Operating": 14600000.0,
        "Interest Income Non Operating": 1777000.0,
        "Operating Income": 129143000.0,
        "Operating Expense": 32985000.0,
        "Selling General And Administration": 32985000.0,
        "General And Administrative Expense": 32985000.0,
        "Other Gand A": 32985000.0,
        "Gross Profit": 162128000.0,
        "Cost Of Revenue": 480851000.0,
        "Total Revenue": 642979000.0,
        "Operating Revenue": 609241000.0
    },
    "2024-03-31": {
        "Tax Effect Of Unusual Items": -1959510.0,
        "Tax Rate For Calcs": 0.21,
        "Normalized EBITDA": 183223000.0,
        "Total Unusual Items": -9331000.0,
        "Total Unusual Items Excluding Goodwill": -9331000.0,
        "Net Income From Continuing Operation Net Minority Interest": 95481000.0,
        "Reconciled Depreciation": 66345000.0,
        "Reconciled Cost Of Revenue": 494245000.0,
        "EBITDA": 173892000.0,
        "EBIT": 107547000.0,
        "Net Interest Income": -22279000.0,
        "Interest Expense": 22279000.0,
        "Interest Income": NaN,
        "Normalized Income": 102852490.0,
        "Net Income From Continuing And Discontinued Operation": 95481000.0,
        "Total Expenses": 520206000.0,
        "Total Operating Income As Reported": 107547000.0,
        "Diluted Average Shares": 145231000.0,
        "Basic Average Shares": 141954000.0,
        "Diluted EPS": 0.66,
        "Basic EPS": 0.67,
        "Diluted NI Availto Com Stockholders": 95481000.0,
        "Net Income Common Stockholders": 95481000.0,
        "Net Income": 95481000.0,
        "Net Income Including Noncontrolling Interests": 95481000.0,
        "Net Income Continuous Operations": 95481000.0,
        "Tax Provision": -10213000.0,
        "Pretax Income": 85268000.0,
        "Other Income Expense": -9331000.0,
        "Special Income Charges": -9331000.0,
        "Gain On Sale Of Ppe": NaN,
        "Other Special Charges": NaN,
        "Restructuring And Mergern Acquisition": 9331000.0,
        "Net Non Operating Interest Income Expense": -22279000.0,
        "Interest Expense Non Operating": 22279000.0,
        "Interest Income Non Operating": NaN,
        "Operating Income": 116878000.0,
        "Operating Expense": 25961000.0,
        "Selling General And Administration": 25961000.0,
        "General And Administrative Expense": 25961000.0,
        "Other Gand A": 25961000.0,
        "Gross Profit": 142839000.0,
        "Cost Of Revenue": 494245000.0,
        "Total Revenue": 637084000.0,
        "Operating Revenue": 612425000.0
    },
    "2024-06-30": {
        "Tax Effect Of Unusual Items": 1415190.0,
        "Tax Rate For Calcs": 0.21,
        "Normalized EBITDA": 271493000.0,
        "Total Unusual Items": 6739000.0,
        "Total Unusual Items Excluding Goodwill": 6739000.0,
        "Net Income From Continuing Operation Net Minority Interest": 195008000.0,
        "Reconciled Depreciation": 68273000.0,
        "Reconciled Cost Of Revenue": 449955000.0,
        "EBITDA": 278232000.0,
        "EBIT": 209959000.0,
        "Net Interest Income": -20179000.0,
        "Interest Expense": 20179000.0,
        "Interest Income": NaN,
        "Normalized Income": 189684190.0,
        "Net Income From Continuing And Discontinued Operation": 195008000.0,
        "Total Expenses": 489624000.0,
        "Total Operating Income As Reported": 209959000.0,
        "Diluted Average Shares": 146060000.0,
        "Basic Average Shares": 142854000.0,
        "Diluted EPS": 1.34,
        "Basic EPS": 1.37,
        "Diluted NI Availto Com Stockholders": 195008000.0,
        "Net Income Common Stockholders": 195008000.0,
        "Net Income": 195008000.0,
        "Net Income Including Noncontrolling Interests": 195008000.0,
        "Net Income Continuous Operations": 195008000.0,
        "Tax Provision": -5228000.0,
        "Pretax Income": 189780000.0,
        "Other Income Expense": 6739000.0,
        "Special Income Charges": 6739000.0,
        "Gain On Sale Of Ppe": 17357000.0,
        "Other Special Charges": NaN,
        "Restructuring And Mergern Acquisition": 10618000.0,
        "Net Non Operating Interest Income Expense": -20179000.0,
        "Interest Expense Non Operating": 20179000.0,
        "Interest Income Non Operating": NaN,
        "Operating Income": 203220000.0,
        "Operating Expense": 39669000.0,
        "Selling General And Administration": 39669000.0,
        "General And Administrative Expense": 39669000.0,
        "Other Gand A": 39669000.0,
        "Gross Profit": 242889000.0,
        "Cost Of Revenue": 449955000.0,
        "Total Revenue": 692844000.0,
        "Operating Revenue": 660710000.0
    },
    "2024-09-30": {
        "Tax Effect Of Unusual Items": -23568431.784883,
        "Tax Rate For Calcs": 0.340515,
        "Normalized EBITDA": 293138000.0,
        "Total Unusual Items": -69214000.0,
        "Total Unusual Items Excluding Goodwill": -69214000.0,
        "Net Income From Continuing Operation Net Minority Interest": 61216000.0,
        "Reconciled Depreciation": 106149000.0,
        "Reconciled Cost Of Revenue": 572256000.0,
        "EBITDA": 223924000.0,
        "EBIT": 117775000.0,
        "Net Interest Income": -22659000.0,
        "Interest Expense": 24951000.0,
        "Interest Income": 2292000.0,
        "Normalized Income": 106861568.215117,
        "Net Income From Continuing And Discontinued Operation": 61216000.0,
        "Total Expenses": 615852000.0,
        "Total Operating Income As Reported": 115483000.0,
        "Diluted Average Shares": 152938000.0,
        "Basic Average Shares": 149727000.0,
        "Diluted EPS": 0.4,
        "Basic EPS": 0.41,
        "Diluted NI Availto Com Stockholders": 61216000.0,
        "Net Income Common Stockholders": 61216000.0,
        "Net Income": 61216000.0,
        "Net Income Including Noncontrolling Interests": 61216000.0,
        "Net Income Continuous Operations": 61216000.0,
        "Tax Provision": 31608000.0,
        "Pretax Income": 92824000.0,
        "Other Income Expense": -69214000.0,
        "Special Income Charges": -69214000.0,
        "Gain On Sale Of Ppe": 0.0,
        "Other Special Charges": NaN,
        "Restructuring And Mergern Acquisition": 69214000.0,
        "Net Non Operating Interest Income Expense": -22659000.0,
        "Interest Expense Non Operating": 24951000.0,
        "Interest Income Non Operating": 2292000.0,
        "Operating Income": 184697000.0,
        "Operating Expense": 43596000.0,
        "Selling General And Administration": 43596000.0,
        "General And Administrative Expense": 43596000.0,
        "Other Gand A": 43596000.0,
        "Gross Profit": 228293000.0,
        "Cost Of Revenue": 572256000.0,
        "Total Revenue": 800549000.0,
        "Operating Revenue": 763543000.0
    }
}