{
    "2023-03-31": {
        "Tax Effect Of Unusual Items": NaN,
        "Tax Rate For Calcs": NaN,
        "Normalized EBITDA": NaN,
        "Net Income From Continuing Operation Net Minority Interest": NaN,
        "Reconciled Depreciation": NaN,
        "Reconciled Cost Of Revenue": NaN,
        "EBITDA": NaN,
        "EBIT": NaN,
        "Net Interest Income": NaN,
        "Interest Income": 158000.0,
        "Normalized Income": NaN,
        "Net Income From Continuing And Discontinued Operation": NaN,
        "Total Expenses": NaN,
        "Total Operating Income As Reported": NaN,
        "Diluted Average Shares": NaN,
        "Basic Average Shares": NaN,
        "Diluted EPS": NaN,
        "Basic EPS": NaN,
        "Diluted NI Availto Com Stockholders": NaN,
        "Net Income Common Stockholders": NaN,
        "Net Income": NaN,
        "Minority Interests": 0.0,
        "Net Income Including Noncontrolling Interests": NaN,
        "Net Income Discontinuous Operations": NaN,
        "Net Income Continuous Operations": NaN,
        "Tax Provision": NaN,
        "Pretax Income": NaN,
        "Other Income Expense": NaN,
        "Other Non Operating Income Expenses": NaN,
        "Net Non Operating Interest Income Expense": NaN,
        "Total Other Finance Cost": -158000.0,
        "Interest Income Non Operating": 158000.0,
        "Operating Income": NaN,
        "Operating Expense": NaN,
        "Research And Development": NaN,
        "Selling General And Administration": NaN,
        "Selling And Marketing Expense": NaN,
        "General And Administrative Expense": NaN,
        "Other Gand A": NaN,
        "Gross Profit": NaN,
        "Cost Of Revenue": NaN,
        "Total Revenue": NaN,
        "Operating Revenue": NaN
    },
    "2022-12-31": {
        "Tax Effect Of Unusual Items": NaN,
        "Tax Rate For Calcs": NaN,
        "Normalized EBITDA": NaN,
        "Net Income From Continuing Operation Net Minority Interest": NaN,
        "Reconciled Depreciation": NaN,
        "Reconciled Cost Of Revenue": NaN,
        "EBITDA": NaN,
        "EBIT": NaN,
        "Net Interest Income": NaN,
        "Interest Income": NaN,
        "Normalized Income": NaN,
        "Net Income From Continuing And Discontinued Operation": NaN,
        "Total Expenses": NaN,
        "Total Operating Income As Reported": NaN,
        "Diluted Average Shares": NaN,
        "Basic Average Shares": NaN,
        "Diluted EPS": NaN,
        "Basic EPS": NaN,
        "Diluted NI Availto Com Stockholders": NaN,
        "Net Income Common Stockholders": NaN,
        "Net Income": NaN,
        "Minority Interests": 0.0,
        "Net Income Including Noncontrolling Interests": NaN,
        "Net Income Continuous Operations": NaN,
        "Tax Provision": NaN,
        "Pretax Income": NaN,
        "Other Income Expense": 0.0,
        "Other Non Operating Income Expenses": 0.0,
        "Net Non Operating Interest Income Expense": NaN,
        "Total Other Finance Cost": NaN,
        "Interest Income Non Operating": NaN,
        "Operating Income": NaN,
        "Operating Expense": NaN,
        "Research And Development": NaN,
        "Selling General And Administration": NaN,
        "Selling And Marketing Expense": NaN,
        "General And Administrative Expense": NaN,
        "Other Gand A": NaN,
        "Gross Profit": NaN,
        "Cost Of Revenue": NaN,
        "Total Revenue": NaN,
        "Operating Revenue": NaN
    },
    "2022-09-30": {
        "Tax Effect Of Unusual Items": NaN,
        "Tax Rate For Calcs": NaN,
        "Normalized EBITDA": NaN,
        "Net Income From Continuing Operation Net Minority Interest": NaN,
        "Reconciled Depreciation": NaN,
        "Reconciled Cost Of Revenue": NaN,
        "EBITDA": NaN,
        "EBIT": NaN,
        "Net Interest Income": NaN,
        "Interest Expense": 0.0,
        "Interest Income": NaN,
        "Normalized Income": NaN,
        "Net Income From Continuing And Discontinued Operation": NaN,
        "Total Expenses": NaN,
        "Total Operating Income As Reported": NaN,
        "Diluted Average Shares": 13580000.0,
        "Basic Average Shares": 13580000.0,
        "Diluted EPS": -0.06,
        "Basic EPS": -0.06,
        "Diluted NI Availto Com Stockholders": NaN,
        "Net Income Common Stockholders": NaN,
        "Net Income": NaN,
        "Minority Interests": NaN,
        "Net Income Including Noncontrolling Interests": NaN,
        "Net Income Continuous Operations": NaN,
        "Tax Provision": NaN,
        "Pretax Income": NaN,
        "Other Income Expense": NaN,
        "Other Non Operating Income Expenses": NaN,
        "Net Non Operating Interest Income Expense": NaN,
        "Total Other Finance Cost": NaN,
        "Interest Expense Non Operating": 0.0,
        "Interest Income Non Operating": NaN,
        "Operating Income": NaN,
        "Operating Expense": NaN,
        "Research And Development": NaN,
        "Selling General And Administration": NaN,
        "Selling And Marketing Expense": NaN,
        "General And Administrative Expense": NaN,
        "Other Gand A": NaN,
        "Gross Profit": NaN,
        "Cost Of Revenue": NaN,
        "Total Revenue": NaN,
        "Operating Revenue": NaN
    },
    "2022-06-30": {
        "Tax Effect Of Unusual Items": 0.0,
        "Tax Rate For Calcs": 0.4,
        "Normalized EBITDA": -1513000.0,
        "Net Income From Continuing Operation Net Minority Interest": -1548000.0,
        "Reconciled Depreciation": 152000.0,
        "Reconciled Cost Of Revenue": 110000.0,
        "EBITDA": -1513000.0,
        "EBIT": -1665000.0,
        "Net Interest Income": -4000.0,
        "Interest Expense": 4000.0,
        "Normalized Income": -1548000.0,
        "Net Income From Continuing And Discontinued Operation": -1548000.0,
        "Total Expenses": 2953000.0,
        "Total Operating Income As Reported": -1686000.0,
        "Diluted Average Shares": 13578000.0,
        "Basic Average Shares": 13578000.0,
        "Diluted EPS": -0.11,
        "Basic EPS": -0.11,
        "Diluted NI Availto Com Stockholders": -1548000.0,
        "Net Income Common Stockholders": -1548000.0,
        "Net Income": -1548000.0,
        "Minority Interests": 149000.0,
        "Net Income Including Noncontrolling Interests": -1697000.0,
        "Net Income Continuous Operations": -1697000.0,
        "Tax Provision": 28000.0,
        "Pretax Income": -1669000.0,
        "Other Income Expense": 21000.0,
        "Other Non Operating Income Expenses": 21000.0,
        "Net Non Operating Interest Income Expense": -4000.0,
        "Total Other Finance Cost": NaN,
        "Interest Expense Non Operating": 4000.0,
        "Operating Income": -1686000.0,
        "Operating Expense": 2843000.0,
        "Research And Development": 1146000.0,
        "Selling General And Administration": 1697000.0,
        "Selling And Marketing Expense": 644000.0,
        "General And Administrative Expense": 1053000.0,
        "Other Gand A": 1053000.0,
        "Gross Profit": 1157000.0,
        "Cost Of Revenue": 110000.0,
        "Total Revenue": 1267000.0,
        "Operating Revenue": 1267000.0
    },
    "2022-03-31": {
        "Diluted EPS": -0.1,
        "Total Revenue": 1,
        "Gross Profit": 1,
        "Operating Income": -1,
        "EBIT": -1,
        "Net Income": -1
    },
    "2021-12-31": {
        "Diluted EPS": -0.11,
        "Total Revenue": 1,
        "Gross Profit": 1,
        "Operating Income": -2,
        "EBIT": -2,
        "Net Income": -2
    },
    "2021-09-30": {
        "Diluted EPS": -0.15,
        "Total Revenue": 1,
        "Gross Profit": 1,
        "Operating Income": -2,
        "EBIT": -2,
        "Net Income": -2
    },
    "2021-06-30": {
        "Diluted EPS": -0.14,
        "Total Revenue": 2,
        "Gross Profit": 1,
        "Operating Income": -2,
        "EBIT": -1,
        "Net Income": -2
    },
    "2021-03-31": {
        "Diluted EPS": -0.14,
        "Total Revenue": 2,
        "Gross Profit": 1,
        "Operating Income": -2,
        "EBIT": -1,
        "Net Income": -2
    },
    "2020-12-31": {
        "Diluted EPS": -0.11,
        "Total Revenue": 2,
        "Gross Profit": 2,
        "Operating Income": -2,
        "EBIT": -1,
        "Net Income": -1
    },
    "2020-09-30": {
        "Diluted EPS": -0.16,
        "Total Revenue": 1,
        "Gross Profit": 1,
        "Operating Income": -2,
        "EBIT": -1,
        "Net Income": -2
    },
    "2020-06-30": {
        "Diluted EPS": -0.18,
        "Total Revenue": 1,
        "Gross Profit": 1,
        "Operating Income": -2,
        "EBIT": -1,
        "Net Income": -2
    },
    "2020-03-31": {
        "Diluted EPS": -0.11,
        "Total Revenue": 1,
        "Gross Profit": 1,
        "Operating Income": -1,
        "EBIT": -1,
        "Net Income": -1
    },
    "2019-12-31": {
        "Diluted EPS": -0.27,
        "Total Revenue": 2,
        "Gross Profit": 1,
        "Operating Income": -3,
        "EBIT": -2,
        "Net Income": -2
    },
    "2019-09-30": {
        "Diluted EPS": -0.12,
        "Total Revenue": 1,
        "Gross Profit": 1,
        "Operating Income": -1,
        "EBIT": -1,
        "Net Income": -1
    },
    "2019-06-30": {
        "Diluted EPS": -0.14,
        "Total Revenue": 2,
        "Gross Profit": 2,
        "Operating Income": -1,
        "EBIT": -1,
        "Net Income": -1
    },
    "2019-03-31": {
        "Diluted EPS": -0.07,
        "Total Revenue": 2,
        "Gross Profit": 2,
        "Operating Income": -1,
        "EBIT": 0,
        "Net Income": -1
    },
    "2018-12-31": {
        "Diluted EPS": -0.1,
        "Total Revenue": 2,
        "Gross Profit": 2,
        "Operating Income": -1,
        "EBIT": -1,
        "Net Income": -1
    },
    "2018-09-30": {
        "Diluted EPS": -0.14,
        "Total Revenue": 2,
        "Gross Profit": 2,
        "Operating Income": -1,
        "EBIT": -1,
        "Net Income": -1
    },
    "2018-06-30": {
        "Diluted EPS": -0.16,
        "Total Revenue": 2,
        "Gross Profit": 2,
        "Operating Income": -1,
        "EBIT": -1,
        "Net Income": -1
    },
    "2018-03-31": {
        "Diluted EPS": -0.12,
        "Total Revenue": 2,
        "Gross Profit": 2,
        "Operating Income": -1,
        "EBIT": -1,
        "Net Income": -1
    },
    "2017-12-31": {
        "Diluted EPS": -0.29,
        "Total Revenue": 3,
        "Gross Profit": 2,
        "Operating Income": -2,
        "EBIT": -2,
        "Net Income": -2
    },
    "2017-09-30": {
        "Diluted EPS": -0.2,
        "Total Revenue": 2,
        "Gross Profit": 2,
        "Operating Income": -1,
        "EBIT": -1,
        "Net Income": -1
    },
    "2017-06-30": {
        "Diluted EPS": -0.2,
        "Total Revenue": 2,
        "Gross Profit": 2,
        "Operating Income": -1,
        "EBIT": -1,
        "Net Income": -1
    },
    "2017-03-31": {
        "Diluted EPS": -0.2,
        "Total Revenue": 2,
        "Gross Profit": 2,
        "Operating Income": -1,
        "EBIT": -1,
        "Net Income": -1
    },
    "2016-12-31": {
        "Diluted EPS": -0.1,
        "Total Revenue": 3,
        "Gross Profit": 3,
        "Operating Income": 0,
        "EBIT": 0,
        "Net Income": 0
    },
    "2016-09-30": {
        "Diluted EPS": -0.5,
        "Total Revenue": 2,
        "Gross Profit": 2,
        "Operating Income": -2,
        "EBIT": -2,
        "Net Income": -2
    },
    "2016-06-30": {
        "Diluted EPS": -0.3,
        "Total Revenue": 3,
        "Gross Profit": 2,
        "Operating Income": -1,
        "EBIT": -1,
        "Net Income": -1
    },
    "2016-03-31": {
        "Diluted EPS": -0.3,
        "Total Revenue": 3,
        "Gross Profit": 3,
        "Operating Income": -1,
        "EBIT": -1,
        "Net Income": -1
    },
    "2015-12-31": {
        "Diluted EPS": -0.7,
        "Total Revenue": 3,
        "Gross Profit": 1,
        "Operating Income": -3,
        "EBIT": -2,
        "Net Income": -3
    },
    "2015-09-30": {
        "Diluted EPS": -0.3,
        "Total Revenue": 3,
        "Gross Profit": 2,
        "Operating Income": -1,
        "EBIT": -1,
        "Net Income": -1
    },
    "2015-06-30": {
        "Diluted EPS": -0.4,
        "Total Revenue": 3,
        "Gross Profit": 2,
        "Operating Income": -2,
        "EBIT": -2,
        "Net Income": -2
    },
    "2015-03-31": {
        "Diluted EPS": -0.5,
        "Total Revenue": 2,
        "Gross Profit": 2,
        "Operating Income": -2,
        "EBIT": -2,
        "Net Income": -2
    },
    "2014-12-31": {
        "Diluted EPS": -0.7,
        "Total Revenue": 2,
        "Gross Profit": 1,
        "Operating Income": -3,
        "EBIT": -3,
        "Net Income": -3
    },
    "2014-09-30": {
        "Diluted EPS": -0.8,
        "Total Revenue": 1,
        "Gross Profit": 1,
        "Operating Income": -3,
        "EBIT": -3,
        "Net Income": -3
    },
    "2014-06-30": {
        "Diluted EPS": -1.0,
        "Total Revenue": 1,
        "Gross Profit": 0,
        "Operating Income": -4,
        "EBIT": -4,
        "Net Income": -4
    },
    "2014-03-31": {
        "Diluted EPS": -1.1,
        "Total Revenue": 1,
        "Gross Profit": 1,
        "Operating Income": -4,
        "EBIT": -4,
        "Net Income": -4
    },
    "2013-12-31": {
        "Diluted EPS": -0.8,
        "Total Revenue": 1,
        "Gross Profit": 1,
        "Operating Income": -3,
        "EBIT": -3,
        "Net Income": -3
    },
    "2013-09-30": {
        "Diluted EPS": -0.9,
        "Total Revenue": 1,
        "Gross Profit": 0,
        "Operating Income": -3,
        "EBIT": -3,
        "Net Income": -3
    },
    "2013-06-30": {
        "Diluted EPS": -0.9,
        "Total Revenue": 1,
        "Gross Profit": 0,
        "Operating Income": -3,
        "EBIT": -3,
        "Net Income": -3
    },
    "2013-03-31": {
        "Diluted EPS": -1.1,
        "Total Revenue": 1,
        "Gross Profit": 1,
        "Operating Income": -4,
        "EBIT": -4,
        "Net Income": -4
    },
    "2012-12-31": {
        "Diluted EPS": -0.7,
        "Total Revenue": 2,
        "Gross Profit": 2,
        "Operating Income": -2,
        "EBIT": -2,
        "Net Income": -2
    },
    "2012-09-30": {
        "Diluted EPS": -0.6,
        "Total Revenue": 2,
        "Gross Profit": 1,
        "Operating Income": -2,
        "EBIT": -2,
        "Net Income": -2
    },
    "2012-06-30": {
        "Diluted EPS": -1.0,
        "Total Revenue": 2,
        "Gross Profit": 1,
        "Operating Income": -3,
        "EBIT": -3,
        "Net Income": -3
    },
    "2012-03-31": {
        "Diluted EPS": -0.5,
        "Total Revenue": 1,
        "Gross Profit": 1,
        "Operating Income": -2,
        "EBIT": -2,
        "Net Income": -2
    },
    "2011-12-31": {
        "Diluted EPS": -0.4,
        "Total Revenue": 4,
        "Gross Profit": 4,
        "Operating Income": 1,
        "EBIT": 1,
        "Net Income": -3
    },
    "2011-09-30": {
        "Diluted EPS": -0.7,
        "Total Revenue": 1,
        "Gross Profit": 1,
        "Operating Income": 0,
        "EBIT": 0,
        "Net Income": -2
    },
    "2011-06-30": {
        "Diluted EPS": -1.0,
        "Total Revenue": 0,
        "Gross Profit": 0,
        "Operating Income": -2,
        "EBIT": -2,
        "Net Income": -3
    },
    "2011-03-31": {
        "Diluted EPS": -4.3,
        "Total Revenue": 1,
        "Gross Profit": 0,
        "Operating Income": -1,
        "EBIT": -1,
        "Net Income": -10
    },
    "2010-12-31": {
        "Diluted EPS": -3.3,
        "Total Revenue": 0,
        "Gross Profit": 0,
        "Operating Income": -3,
        "EBIT": -3,
        "Net Income": -7
    },
    "2010-09-30": {
        "Diluted EPS": -4.7,
        "Total Revenue": 0,
        "Gross Profit": 0,
        "Operating Income": -1,
        "EBIT": -1,
        "Net Income": -9
    },
    "2010-06-30": {
        "Diluted EPS": -8.0,
        "Total Revenue": 0,
        "Gross Profit": 0,
        "Operating Income": -2,
        "EBIT": -2,
        "Net Income": -14
    },
    "2010-03-31": {
        "Diluted EPS": -1.3,
        "Total Revenue": 0,
        "Gross Profit": 0,
        "Operating Income": -2,
        "EBIT": -2,
        "Net Income": -2
    },
    "2009-12-31": {
        "Diluted EPS": 33.9,
        "Total Revenue": NaN,
        "Gross Profit": NaN,
        "Operating Income": -3,
        "EBIT": -3,
        "Net Income": 1
    },
    "2009-09-30": {
        "Diluted EPS": -5.0,
        "Total Revenue": NaN,
        "Gross Profit": NaN,
        "Operating Income": -2,
        "EBIT": -2,
        "Net Income": -9
    },
    "2009-06-30": {
        "Diluted EPS": -2.5,
        "Total Revenue": NaN,
        "Gross Profit": NaN,
        "Operating Income": -2,
        "EBIT": -2,
        "Net Income": -2
    },
    "2009-03-31": {
        "Diluted EPS": -42.5,
        "Total Revenue": NaN,
        "Gross Profit": NaN,
        "Operating Income": -2,
        "EBIT": -2,
        "Net Income": -6
    },
    "2023-06-30": {
        "Tax Effect Of Unusual Items": NaN,
        "Tax Rate For Calcs": NaN,
        "Normalized EBITDA": NaN,
        "Net Income From Continuing Operation Net Minority Interest": NaN,
        "Reconciled Depreciation": NaN,
        "Reconciled Cost Of Revenue": NaN,
        "EBITDA": NaN,
        "EBIT": NaN,
        "Net Interest Income": NaN,
        "Interest Income": 169000.0,
        "Normalized Income": NaN,
        "Net Income From Continuing And Discontinued Operation": NaN,
        "Total Expenses": NaN,
        "Total Operating Income As Reported": NaN,
        "Diluted Average Shares": 15359000.0,
        "Basic Average Shares": 15359000.0,
        "Diluted EPS": -0.1,
        "Basic EPS": -0.1,
        "Diluted NI Availto Com Stockholders": NaN,
        "Net Income Common Stockholders": NaN,
        "Net Income": NaN,
        "Minority Interests": 0.0,
        "Net Income Including Noncontrolling Interests": NaN,
        "Net Income Discontinuous Operations": NaN,
        "Net Income Continuous Operations": NaN,
        "Tax Provision": NaN,
        "Pretax Income": NaN,
        "Other Income Expense": NaN,
        "Other Non Operating Income Expenses": NaN,
        "Net Non Operating Interest Income Expense": NaN,
        "Total Other Finance Cost": -169000.0,
        "Interest Income Non Operating": 169000.0,
        "Operating Income": NaN,
        "Operating Expense": NaN,
        "Research And Development": NaN,
        "Selling General And Administration": NaN,
        "Selling And Marketing Expense": NaN,
        "General And Administrative Expense": NaN,
        "Other Gand A": NaN,
        "Gross Profit": NaN,
        "Cost Of Revenue": NaN,
        "Total Revenue": NaN,
        "Operating Revenue": NaN
    },
    "2023-09-30": {
        "Tax Effect Of Unusual Items": 0.0,
        "Tax Rate For Calcs": 0.21,
        "Normalized EBITDA": -1223000.0,
        "Net Income From Continuing Operation Net Minority Interest": -1062000.0,
        "Reconciled Depreciation": 34000.0,
        "Reconciled Cost Of Revenue": 0.0,
        "EBITDA": -1223000.0,
        "EBIT": -1257000.0,
        "Net Interest Income": 218000.0,
        "Interest Income": NaN,
        "Normalized Income": -1062000.0,
        "Net Income From Continuing And Discontinued Operation": -1266000.0,
        "Total Expenses": 2097000.0,
        "Total Operating Income As Reported": -1257000.0,
        "Diluted Average Shares": 15359000.0,
        "Basic Average Shares": 15359000.0,
        "Diluted EPS": -0.08,
        "Basic EPS": -0.08,
        "Diluted NI Availto Com Stockholders": -1266000.0,
        "Net Income Common Stockholders": -1266000.0,
        "Net Income": -1266000.0,
        "Minority Interests": 0.0,
        "Net Income Including Noncontrolling Interests": -1266000.0,
        "Net Income Discontinuous Operations": -204000.0,
        "Net Income Continuous Operations": -1062000.0,
        "Tax Provision": 35000.0,
        "Pretax Income": -1027000.0,
        "Other Income Expense": 12000.0,
        "Other Non Operating Income Expenses": 12000.0,
        "Net Non Operating Interest Income Expense": 218000.0,
        "Total Other Finance Cost": -218000.0,
        "Interest Income Non Operating": NaN,
        "Operating Income": -1257000.0,
        "Operating Expense": 2097000.0,
        "Research And Development": 827000.0,
        "Selling General And Administration": 1270000.0,
        "Selling And Marketing Expense": 516000.0,
        "General And Administrative Expense": 754000.0,
        "Other Gand A": 754000.0,
        "Gross Profit": 840000.0,
        "Cost Of Revenue": 0.0,
        "Total Revenue": 840000.0,
        "Operating Revenue": 840000.0
    },
    "2023-12-31": {
        "Tax Effect Of Unusual Items": 0.0,
        "Tax Rate For Calcs": 0.21,
        "Normalized EBITDA": -6032000.0,
        "Net Income From Continuing Operation Net Minority Interest": -5925000.0,
        "Reconciled Depreciation": 56000.0,
        "Reconciled Cost Of Revenue": 4231000.0,
        "EBITDA": -6032000.0,
        "EBIT": -6088000.0,
        "Net Interest Income": 183000.0,
        "Interest Income": NaN,
        "Normalized Income": -5925000.0,
        "Net Income From Continuing And Discontinued Operation": -5925000.0,
        "Total Expenses": 7081000.0,
        "Total Operating Income As Reported": -6088000.0,
        "Diluted Average Shares": NaN,
        "Basic Average Shares": NaN,
        "Diluted EPS": NaN,
        "Basic EPS": NaN,
        "Diluted NI Availto Com Stockholders": -5925000.0,
        "Net Income Common Stockholders": -5925000.0,
        "Net Income": -5925000.0,
        "Minority Interests": 0.0,
        "Net Income Including Noncontrolling Interests": -5925000.0,
        "Net Income Discontinuous Operations": NaN,
        "Net Income Continuous Operations": -5925000.0,
        "Tax Provision": 20000.0,
        "Pretax Income": -5905000.0,
        "Other Income Expense": 0.0,
        "Other Non Operating Income Expenses": 0.0,
        "Net Non Operating Interest Income Expense": 183000.0,
        "Total Other Finance Cost": -183000.0,
        "Interest Income Non Operating": NaN,
        "Operating Income": -6088000.0,
        "Operating Expense": 2850000.0,
        "Research And Development": 1141000.0,
        "Selling General And Administration": 1709000.0,
        "Selling And Marketing Expense": 658000.0,
        "General And Administrative Expense": 1051000.0,
        "Other Gand A": 1051000.0,
        "Gross Profit": -3238000.0,
        "Cost Of Revenue": 4231000.0,
        "Total Revenue": 993000.0,
        "Operating Revenue": 993000.0
    },
    "2024-03-31": {
        "Tax Effect Of Unusual Items": 0.0,
        "Tax Rate For Calcs": 0.21,
        "Normalized EBITDA": -2210000.0,
        "Net Income From Continuing Operation Net Minority Interest": -2084000.0,
        "Reconciled Depreciation": 44000.0,
        "Reconciled Cost Of Revenue": 397000.0,
        "EBITDA": -2210000.0,
        "EBIT": -2254000.0,
        "Net Interest Income": 180000.0,
        "Interest Income": 180000.0,
        "Normalized Income": -2084000.0,
        "Net Income From Continuing And Discontinued Operation": -2084000.0,
        "Total Expenses": 3268000.0,
        "Total Operating Income As Reported": -2254000.0,
        "Diluted Average Shares": 15359000.0,
        "Basic Average Shares": 15359000.0,
        "Diluted EPS": -0.14,
        "Basic EPS": -0.14,
        "Diluted NI Availto Com Stockholders": -2084000.0,
        "Net Income Common Stockholders": -2084000.0,
        "Net Income": -2084000.0,
        "Minority Interests": NaN,
        "Net Income Including Noncontrolling Interests": -2084000.0,
        "Net Income Discontinuous Operations": NaN,
        "Net Income Continuous Operations": -2084000.0,
        "Tax Provision": 10000.0,
        "Pretax Income": -2074000.0,
        "Other Income Expense": NaN,
        "Other Non Operating Income Expenses": NaN,
        "Net Non Operating Interest Income Expense": 180000.0,
        "Total Other Finance Cost": NaN,
        "Interest Income Non Operating": 180000.0,
        "Operating Income": -2254000.0,
        "Operating Expense": 2871000.0,
        "Research And Development": 895000.0,
        "Selling General And Administration": 1976000.0,
        "Selling And Marketing Expense": 816000.0,
        "General And Administrative Expense": 1160000.0,
        "Other Gand A": 1160000.0,
        "Gross Profit": 617000.0,
        "Cost Of Revenue": 397000.0,
        "Total Revenue": 1014000.0,
        "Operating Revenue": 1014000.0
    },
    "2024-06-30": {
        "Tax Effect Of Unusual Items": 0.0,
        "Tax Rate For Calcs": 0.21,
        "Normalized EBITDA": -1777000.0,
        "Net Income From Continuing Operation Net Minority Interest": -1695000.0,
        "Reconciled Depreciation": 30000.0,
        "Reconciled Cost Of Revenue": 485000.0,
        "EBITDA": -1777000.0,
        "EBIT": -1807000.0,
        "Net Interest Income": 140000.0,
        "Interest Income": 140000.0,
        "Normalized Income": -1695000.0,
        "Net Income From Continuing And Discontinued Operation": -1695000.0,
        "Total Expenses": 3231000.0,
        "Total Operating Income As Reported": -1807000.0,
        "Diluted Average Shares": 15359000.0,
        "Basic Average Shares": 15359000.0,
        "Diluted EPS": -0.11,
        "Basic EPS": -0.11,
        "Diluted NI Availto Com Stockholders": -1695000.0,
        "Net Income Common Stockholders": -1695000.0,
        "Net Income": -1695000.0,
        "Minority Interests": NaN,
        "Net Income Including Noncontrolling Interests": -1695000.0,
        "Net Income Discontinuous Operations": NaN,
        "Net Income Continuous Operations": -1695000.0,
        "Tax Provision": 11000.0,
        "Pretax Income": -1684000.0,
        "Other Income Expense": -17000.0,
        "Other Non Operating Income Expenses": -17000.0,
        "Net Non Operating Interest Income Expense": 140000.0,
        "Total Other Finance Cost": NaN,
        "Interest Income Non Operating": 140000.0,
        "Operating Income": -1807000.0,
        "Operating Expense": 2746000.0,
        "Research And Development": 975000.0,
        "Selling General And Administration": 1771000.0,
        "Selling And Marketing Expense": 544000.0,
        "General And Administrative Expense": 1227000.0,
        "Other Gand A": 1227000.0,
        "Gross Profit": 939000.0,
        "Cost Of Revenue": 485000.0,
        "Total Revenue": 1424000.0,
        "Operating Revenue": 1424000.0
    },
    "2024-09-30": {
        "Tax Effect Of Unusual Items": 0.0,
        "Tax Rate For Calcs": 0.01,
        "Normalized EBITDA": -1198000.0,
        "Net Income From Continuing Operation Net Minority Interest": -1043000.0,
        "Reconciled Depreciation": 27000.0,
        "Reconciled Cost Of Revenue": 23000.0,
        "EBITDA": -1198000.0,
        "EBIT": -1225000.0,
        "Net Interest Income": 171000.0,
        "Interest Income": NaN,
        "Normalized Income": -1043000.0,
        "Net Income From Continuing And Discontinued Operation": -1087000.0,
        "Total Expenses": 2063000.0,
        "Total Operating Income As Reported": -1225000.0,
        "Diluted Average Shares": 15980000.0,
        "Basic Average Shares": 15980000.0,
        "Diluted EPS": -0.07,
        "Basic EPS": -0.07,
        "Diluted NI Availto Com Stockholders": -1087000.0,
        "Net Income Common Stockholders": -1087000.0,
        "Net Income": -1087000.0,
        "Minority Interests": NaN,
        "Net Income Including Noncontrolling Interests": -1087000.0,
        "Net Income Discontinuous Operations": -44000.0,
        "Net Income Continuous Operations": -1043000.0,
        "Tax Provision": -11000.0,
        "Pretax Income": -1054000.0,
        "Other Income Expense": NaN,
        "Other Non Operating Income Expenses": NaN,
        "Net Non Operating Interest Income Expense": 171000.0,
        "Total Other Finance Cost": -171000.0,
        "Interest Income Non Operating": NaN,
        "Operating Income": -1225000.0,
        "Operating Expense": 2040000.0,
        "Research And Development": 822000.0,
        "Selling General And Administration": 1218000.0,
        "Selling And Marketing Expense": 484000.0,
        "General And Administrative Expense": 734000.0,
        "Other Gand A": 734000.0,
        "Gross Profit": 815000.0,
        "Cost Of Revenue": 23000.0,
        "Total Revenue": 838000.0,
        "Operating Revenue": 838000.0
    }
}