{
    "2023-03-31": {
        "Tax Effect Of Unusual Items": 0.0,
        "Tax Rate For Calcs": 0.0,
        "Normalized EBITDA": -5340773.0,
        "Total Unusual Items": 355532.0,
        "Total Unusual Items Excluding Goodwill": 355532.0,
        "Net Income From Continuing Operation Net Minority Interest": -6970412.0,
        "Reconciled Depreciation": 7745.0,
        "EBITDA": -4985241.0,
        "EBIT": -4992986.0,
        "Net Interest Income": -1977426.0,
        "Interest Expense": 1977426.0,
        "Normalized Income": -7325944.0,
        "Net Income From Continuing And Discontinued Operation": -6970412.0,
        "Total Expenses": 5348518.0,
        "Total Operating Income As Reported": -5348518.0,
        "Diluted Average Shares": 5340193.0,
        "Basic Average Shares": 5340193.0,
        "Diluted EPS": -1.31,
        "Basic EPS": -1.31,
        "Diluted NI Availto Com Stockholders": -6970412.0,
        "Net Income Common Stockholders": -6970412.0,
        "Net Income": -6970412.0,
        "Net Income Including Noncontrolling Interests": -6970412.0,
        "Net Income Continuous Operations": -6970412.0,
        "Pretax Income": -6970412.0,
        "Other Income Expense": 355532.0,
        "Gain On Sale Of Security": 355532.0,
        "Net Non Operating Interest Income Expense": -1977426.0,
        "Interest Expense Non Operating": 1977426.0,
        "Operating Income": -5348518.0,
        "Operating Expense": 5348518.0,
        "Research And Development": 2653553.0,
        "Selling General And Administration": 2694965.0,
        "General And Administrative Expense": 2694965.0,
        "Other Gand A": 2694965.0,
        "Total Revenue": 0.0,
        "Operating Revenue": 0.0
    },
    "2022-12-31": {
        "Tax Effect Of Unusual Items": 0.0,
        "Tax Rate For Calcs": 0.0,
        "Normalized EBITDA": -5063346.0,
        "Total Unusual Items": 269454.0,
        "Total Unusual Items Excluding Goodwill": 269454.0,
        "Net Income From Continuing Operation Net Minority Interest": -6726057.0,
        "Reconciled Depreciation": 6385.0,
        "EBITDA": -4793892.0,
        "EBIT": -4800277.0,
        "Net Interest Income": -1925780.0,
        "Interest Expense": 1925780.0,
        "Normalized Income": -6995511.0,
        "Net Income From Continuing And Discontinued Operation": -6726057.0,
        "Total Expenses": 5069731.0,
        "Total Operating Income As Reported": -5069731.0,
        "Diluted Average Shares": NaN,
        "Basic Average Shares": NaN,
        "Diluted EPS": NaN,
        "Basic EPS": NaN,
        "Diluted NI Availto Com Stockholders": -6726057.0,
        "Net Income Common Stockholders": -6726057.0,
        "Net Income": -6726057.0,
        "Net Income Including Noncontrolling Interests": -6726057.0,
        "Net Income Continuous Operations": -6726057.0,
        "Pretax Income": -6726057.0,
        "Other Income Expense": 269454.0,
        "Gain On Sale Of Security": 269454.0,
        "Net Non Operating Interest Income Expense": -1925780.0,
        "Interest Expense Non Operating": 1925780.0,
        "Operating Income": -5069731.0,
        "Operating Expense": 5069731.0,
        "Research And Development": 3189882.0,
        "Selling General And Administration": 1879849.0,
        "General And Administrative Expense": 1879849.0,
        "Other Gand A": 1879849.0,
        "Total Revenue": 0.0,
        "Operating Revenue": 0.0
    },
    "2022-09-30": {
        "Tax Effect Of Unusual Items": 0.0,
        "Tax Rate For Calcs": 0.0,
        "Normalized EBITDA": -5205020.0,
        "Total Unusual Items": 182154.0,
        "Total Unusual Items Excluding Goodwill": 182154.0,
        "Net Income From Continuing Operation Net Minority Interest": -6900476.0,
        "Reconciled Depreciation": 2128.0,
        "EBITDA": -5022866.0,
        "EBIT": -5024994.0,
        "Net Interest Income": -1875482.0,
        "Interest Expense": 1875482.0,
        "Normalized Income": -7082630.0,
        "Net Income From Continuing And Discontinued Operation": -6900476.0,
        "Total Expenses": 5207148.0,
        "Total Operating Income As Reported": -5207148.0,
        "Diluted Average Shares": 5340193.0,
        "Basic Average Shares": 5340193.0,
        "Diluted EPS": -1.29,
        "Basic EPS": -1.29,
        "Diluted NI Availto Com Stockholders": -6900476.0,
        "Net Income Common Stockholders": -6900476.0,
        "Net Income": -6900476.0,
        "Net Income Including Noncontrolling Interests": -6900476.0,
        "Net Income Continuous Operations": -6900476.0,
        "Pretax Income": -6900476.0,
        "Other Income Expense": 182154.0,
        "Gain On Sale Of Security": 182154.0,
        "Net Non Operating Interest Income Expense": -1875482.0,
        "Interest Expense Non Operating": 1875482.0,
        "Operating Income": -5207148.0,
        "Operating Expense": 5207148.0,
        "Research And Development": 2367364.0,
        "Selling General And Administration": 2839784.0,
        "General And Administrative Expense": 2839784.0,
        "Other Gand A": 2839784.0,
        "Total Revenue": 0.0,
        "Operating Revenue": 0.0
    },
    "2022-06-30": {
        "Tax Effect Of Unusual Items": 0.0,
        "Tax Rate For Calcs": 0.0,
        "Normalized EBITDA": -6965189.0,
        "Total Unusual Items": 73974.0,
        "Total Unusual Items Excluding Goodwill": 73974.0,
        "Net Income From Continuing Operation Net Minority Interest": -8717714.0,
        "Reconciled Depreciation": 0.0,
        "EBITDA": -6891215.0,
        "EBIT": -6891215.0,
        "Net Interest Income": -1826499.0,
        "Interest Expense": 1826499.0,
        "Normalized Income": -8791688.0,
        "Net Income From Continuing And Discontinued Operation": -8717714.0,
        "Total Expenses": 6965189.0,
        "Total Operating Income As Reported": -6965189.0,
        "Diluted Average Shares": 5340196.0,
        "Basic Average Shares": 5340196.0,
        "Diluted EPS": -1.63,
        "Basic EPS": -1.63,
        "Diluted NI Availto Com Stockholders": -8717714.0,
        "Net Income Common Stockholders": -8717714.0,
        "Net Income": -8717714.0,
        "Net Income Including Noncontrolling Interests": -8717714.0,
        "Net Income Continuous Operations": -8717714.0,
        "Pretax Income": -8717714.0,
        "Other Income Expense": 73974.0,
        "Gain On Sale Of Security": 73974.0,
        "Net Non Operating Interest Income Expense": -1826499.0,
        "Interest Expense Non Operating": 1826499.0,
        "Operating Income": -6965189.0,
        "Operating Expense": 6965189.0,
        "Research And Development": 4131978.0,
        "Selling General And Administration": 2833211.0,
        "General And Administrative Expense": 2833211.0,
        "Other Gand A": 2833211.0,
        "Total Revenue": 0.0,
        "Operating Revenue": 0.0
    },
    "2023-06-30": {
        "Tax Effect Of Unusual Items": 0.0,
        "Tax Rate For Calcs": 0.0,
        "Normalized EBITDA": -4512249.0,
        "Total Unusual Items": 358417.0,
        "Total Unusual Items Excluding Goodwill": 358417.0,
        "Net Income From Continuing Operation Net Minority Interest": -6192036.0,
        "Reconciled Depreciation": 7746.0,
        "EBITDA": -4153832.0,
        "EBIT": -4161578.0,
        "Net Interest Income": -2030458.0,
        "Interest Expense": 2030458.0,
        "Normalized Income": -6550453.0,
        "Net Income From Continuing And Discontinued Operation": -6192036.0,
        "Total Expenses": 4519995.0,
        "Total Operating Income As Reported": -4519995.0,
        "Diluted Average Shares": 5511163.0,
        "Basic Average Shares": 5511163.0,
        "Diluted EPS": -1.12,
        "Basic EPS": -1.12,
        "Diluted NI Availto Com Stockholders": -6192036.0,
        "Net Income Common Stockholders": -6192036.0,
        "Net Income": -6192036.0,
        "Net Income Including Noncontrolling Interests": -6192036.0,
        "Net Income Continuous Operations": -6192036.0,
        "Pretax Income": -6192036.0,
        "Other Income Expense": 358417.0,
        "Gain On Sale Of Security": 358417.0,
        "Net Non Operating Interest Income Expense": -2030458.0,
        "Interest Expense Non Operating": 2030458.0,
        "Operating Income": -4519995.0,
        "Operating Expense": 4519995.0,
        "Research And Development": 1887476.0,
        "Selling General And Administration": 2632519.0,
        "General And Administrative Expense": 2632519.0,
        "Other Gand A": 2632519.0,
        "Total Revenue": 0.0,
        "Operating Revenue": 0.0
    },
    "2022-03-31": {
        "Diluted EPS": -1.83,
        "Total Revenue": NaN,
        "Gross Profit": NaN,
        "Operating Income": -8,
        "EBIT": -8,
        "Net Income": -10
    },
    "2021-12-31": {
        "Diluted EPS": -3.97,
        "Total Revenue": NaN,
        "Gross Profit": NaN,
        "Operating Income": -21,
        "EBIT": -21,
        "Net Income": -21
    },
    "2021-09-30": {
        "Diluted EPS": -1.72,
        "Total Revenue": NaN,
        "Gross Profit": NaN,
        "Operating Income": -8,
        "EBIT": -8,
        "Net Income": -9
    },
    "2021-06-30": {
        "Diluted EPS": -1.98,
        "Total Revenue": NaN,
        "Gross Profit": NaN,
        "Operating Income": -9,
        "EBIT": -9,
        "Net Income": -11
    },
    "2021-03-31": {
        "Diluted EPS": -1.68,
        "Total Revenue": NaN,
        "Gross Profit": NaN,
        "Operating Income": -8,
        "EBIT": -7,
        "Net Income": -9
    },
    "2020-12-31": {
        "Diluted EPS": -1.44,
        "Total Revenue": NaN,
        "Gross Profit": NaN,
        "Operating Income": -7,
        "EBIT": -7,
        "Net Income": -7
    },
    "2020-09-30": {
        "Diluted EPS": -1.52,
        "Total Revenue": NaN,
        "Gross Profit": NaN,
        "Operating Income": -8,
        "EBIT": -8,
        "Net Income": -8
    },
    "2020-06-30": {
        "Diluted EPS": 5.84,
        "Total Revenue": 41,
        "Gross Profit": 41,
        "Operating Income": 30,
        "EBIT": 30,
        "Net Income": 30
    },
    "2020-03-31": {
        "Diluted EPS": -2.48,
        "Total Revenue": NaN,
        "Gross Profit": NaN,
        "Operating Income": -12,
        "EBIT": -12,
        "Net Income": -12
    },
    "2019-12-31": {
        "Diluted EPS": -6.08,
        "Total Revenue": NaN,
        "Gross Profit": NaN,
        "Operating Income": -32,
        "EBIT": -32,
        "Net Income": -30
    },
    "2019-09-30": {
        "Diluted EPS": -2.88,
        "Total Revenue": NaN,
        "Gross Profit": NaN,
        "Operating Income": -14,
        "EBIT": -14,
        "Net Income": -14
    },
    "2019-06-30": {
        "Diluted EPS": -2.56,
        "Total Revenue": NaN,
        "Gross Profit": NaN,
        "Operating Income": -13,
        "EBIT": -13,
        "Net Income": -12
    },
    "2019-03-31": {
        "Diluted EPS": -3.28,
        "Total Revenue": NaN,
        "Gross Profit": NaN,
        "Operating Income": -16,
        "EBIT": -17,
        "Net Income": -16
    },
    "2018-12-31": {
        "Diluted EPS": -2.72,
        "Total Revenue": NaN,
        "Gross Profit": NaN,
        "Operating Income": -14,
        "EBIT": -14,
        "Net Income": -13
    },
    "2018-09-30": {
        "Diluted EPS": -2.48,
        "Total Revenue": NaN,
        "Gross Profit": NaN,
        "Operating Income": -12,
        "EBIT": -12,
        "Net Income": -12
    },
    "2018-06-30": {
        "Diluted EPS": -2.56,
        "Total Revenue": NaN,
        "Gross Profit": NaN,
        "Operating Income": -13,
        "EBIT": -13,
        "Net Income": -13
    },
    "2018-03-31": {
        "Diluted EPS": -2.56,
        "Total Revenue": NaN,
        "Gross Profit": NaN,
        "Operating Income": -13,
        "EBIT": -13,
        "Net Income": -12
    },
    "2017-12-31": {
        "Diluted EPS": 0.16,
        "Total Revenue": NaN,
        "Gross Profit": NaN,
        "Operating Income": -10,
        "EBIT": -10,
        "Net Income": 0
    },
    "2017-09-30": {
        "Diluted EPS": -2.24,
        "Total Revenue": NaN,
        "Gross Profit": NaN,
        "Operating Income": -11,
        "EBIT": -11,
        "Net Income": -11
    },
    "2017-06-30": {
        "Diluted EPS": -2.16,
        "Total Revenue": NaN,
        "Gross Profit": NaN,
        "Operating Income": -10,
        "EBIT": -10,
        "Net Income": -10
    },
    "2017-03-31": {
        "Diluted EPS": -2.4,
        "Total Revenue": NaN,
        "Gross Profit": NaN,
        "Operating Income": -10,
        "EBIT": -10,
        "Net Income": -11
    },
    "2016-12-31": {
        "Diluted EPS": -2.24,
        "Total Revenue": NaN,
        "Gross Profit": NaN,
        "Operating Income": -9,
        "EBIT": -9,
        "Net Income": -9
    },
    "2016-09-30": {
        "Diluted EPS": -1.92,
        "Total Revenue": NaN,
        "Gross Profit": NaN,
        "Operating Income": -8,
        "EBIT": -8,
        "Net Income": -8
    },
    "2016-06-30": {
        "Diluted EPS": -1.44,
        "Total Revenue": NaN,
        "Gross Profit": NaN,
        "Operating Income": -5,
        "EBIT": -5,
        "Net Income": -5
    },
    "2016-03-31": {
        "Diluted EPS": -2.32,
        "Total Revenue": NaN,
        "Gross Profit": NaN,
        "Operating Income": -8,
        "EBIT": -8,
        "Net Income": -8
    },
    "2015-12-31": {
        "Diluted EPS": -2.72,
        "Total Revenue": NaN,
        "Gross Profit": NaN,
        "Operating Income": -8,
        "EBIT": -8,
        "Net Income": -8
    },
    "2015-09-30": {
        "Diluted EPS": -1.92,
        "Total Revenue": NaN,
        "Gross Profit": NaN,
        "Operating Income": -6,
        "EBIT": -5,
        "Net Income": -6
    },
    "2015-06-30": {
        "Diluted EPS": -2.16,
        "Total Revenue": NaN,
        "Gross Profit": NaN,
        "Operating Income": -6,
        "EBIT": -6,
        "Net Income": -7
    },
    "2015-03-31": {
        "Diluted EPS": -2.48,
        "Total Revenue": NaN,
        "Gross Profit": NaN,
        "Operating Income": -6,
        "EBIT": -6,
        "Net Income": -6
    },
    "2014-12-31": {
        "Diluted EPS": 0.32,
        "Total Revenue": NaN,
        "Gross Profit": NaN,
        "Operating Income": -7,
        "EBIT": -7,
        "Net Income": -7
    },
    "2014-09-30": {
        "Diluted EPS": -12.24,
        "Total Revenue": NaN,
        "Gross Profit": NaN,
        "Operating Income": -27,
        "EBIT": -27,
        "Net Income": -27
    },
    "2014-06-30": {
        "Diluted EPS": -20.4,
        "Total Revenue": NaN,
        "Gross Profit": NaN,
        "Operating Income": -18,
        "EBIT": -16,
        "Net Income": -19
    },
    "2014-03-31": {
        "Diluted EPS": -3.44,
        "Total Revenue": NaN,
        "Gross Profit": NaN,
        "Operating Income": -3,
        "EBIT": -2,
        "Net Income": -3
    },
    "2013-12-31": {
        "Diluted EPS": 0.0,
        "Total Revenue": NaN,
        "Gross Profit": NaN,
        "Operating Income": NaN,
        "EBIT": NaN,
        "Net Income": NaN
    },
    "2013-09-30": {
        "Diluted EPS": -0.96,
        "Total Revenue": NaN,
        "Gross Profit": NaN,
        "Operating Income": 0,
        "EBIT": 0,
        "Net Income": 0
    },
    "2013-06-30": {
        "Diluted EPS": -0.8,
        "Total Revenue": NaN,
        "Gross Profit": NaN,
        "Operating Income": 0,
        "EBIT": 0,
        "Net Income": 0
    },
    "2012-12-31": {
        "Diluted EPS": 0.0,
        "Total Revenue": NaN,
        "Gross Profit": NaN,
        "Operating Income": NaN,
        "EBIT": NaN,
        "Net Income": NaN
    },
    "2023-09-30": {
        "Tax Effect Of Unusual Items": 0.0,
        "Tax Rate For Calcs": 0.0,
        "Normalized EBITDA": -6071375.0,
        "Total Unusual Items": 343585.0,
        "Total Unusual Items Excluding Goodwill": 343585.0,
        "Net Income From Continuing Operation Net Minority Interest": -7820446.0,
        "Reconciled Depreciation": 7745.0,
        "EBITDA": -5727790.0,
        "EBIT": -5735535.0,
        "Net Interest Income": -2084911.0,
        "Interest Expense": 2084911.0,
        "Normalized Income": -8164031.0,
        "Net Income From Continuing And Discontinued Operation": -7820446.0,
        "Total Expenses": 6079120.0,
        "Total Operating Income As Reported": -6079120.0,
        "Diluted Average Shares": 7568981.0,
        "Basic Average Shares": 7568981.0,
        "Diluted EPS": -1.03,
        "Basic EPS": -1.03,
        "Diluted NI Availto Com Stockholders": -7820446.0,
        "Net Income Common Stockholders": -7820446.0,
        "Net Income": -7820446.0,
        "Net Income Including Noncontrolling Interests": -7820446.0,
        "Net Income Continuous Operations": -7820446.0,
        "Pretax Income": -7820446.0,
        "Other Income Expense": 343585.0,
        "Gain On Sale Of Security": 343585.0,
        "Net Non Operating Interest Income Expense": -2084911.0,
        "Interest Expense Non Operating": 2084911.0,
        "Operating Income": -6079120.0,
        "Operating Expense": 6079120.0,
        "Research And Development": 3443537.0,
        "Selling General And Administration": 2635583.0,
        "General And Administrative Expense": 2635583.0,
        "Other Gand A": 2635583.0,
        "Total Revenue": 0.0,
        "Operating Revenue": 0.0
    },
    "2023-12-31": {
        "Tax Effect Of Unusual Items": 0.0,
        "Tax Rate For Calcs": 0.0,
        "Normalized EBITDA": -7164197.0,
        "Total Unusual Items": 339636.0,
        "Total Unusual Items Excluding Goodwill": 339636.0,
        "Net Income From Continuing Operation Net Minority Interest": -9022459.0,
        "Reconciled Depreciation": 7746.0,
        "EBITDA": -6824561.0,
        "EBIT": -6832307.0,
        "Net Interest Income": -2190152.0,
        "Interest Expense": 2190152.0,
        "Normalized Income": -9362095.0,
        "Net Income From Continuing And Discontinued Operation": -9022459.0,
        "Total Expenses": 7171943.0,
        "Total Operating Income As Reported": -7171943.0,
        "Diluted Average Shares": NaN,
        "Basic Average Shares": NaN,
        "Diluted EPS": NaN,
        "Basic EPS": NaN,
        "Diluted NI Availto Com Stockholders": -9022459.0,
        "Net Income Common Stockholders": -9022459.0,
        "Net Income": -9022459.0,
        "Net Income Including Noncontrolling Interests": -9022459.0,
        "Net Income Continuous Operations": -9022459.0,
        "Pretax Income": -9022459.0,
        "Other Income Expense": 339636.0,
        "Gain On Sale Of Security": 339636.0,
        "Net Non Operating Interest Income Expense": -2190152.0,
        "Interest Expense Non Operating": 2190152.0,
        "Operating Income": -7171943.0,
        "Operating Expense": 7171943.0,
        "Research And Development": 4720687.0,
        "Selling General And Administration": 2451256.0,
        "General And Administrative Expense": 2451256.0,
        "Other Gand A": 2451256.0,
        "Total Revenue": 0.0,
        "Operating Revenue": 0.0
    },
    "2024-03-31": {
        "Tax Effect Of Unusual Items": 0.0,
        "Tax Rate For Calcs": 0.0,
        "Normalized EBITDA": -6674218.0,
        "Total Unusual Items": 363401.0,
        "Total Unusual Items Excluding Goodwill": 363401.0,
        "Net Income From Continuing Operation Net Minority Interest": -8568805.0,
        "Reconciled Depreciation": 7745.0,
        "EBITDA": -6310817.0,
        "EBIT": -6318562.0,
        "Net Interest Income": -2250243.0,
        "Interest Expense": 2250243.0,
        "Normalized Income": -8932206.0,
        "Net Income From Continuing And Discontinued Operation": -8568805.0,
        "Total Expenses": 6681963.0,
        "Total Operating Income As Reported": -6681963.0,
        "Diluted Average Shares": 7568981.0,
        "Basic Average Shares": 7568981.0,
        "Diluted EPS": -1.13,
        "Basic EPS": -1.13,
        "Diluted NI Availto Com Stockholders": -8568805.0,
        "Net Income Common Stockholders": -8568805.0,
        "Net Income": -8568805.0,
        "Net Income Including Noncontrolling Interests": -8568805.0,
        "Net Income Continuous Operations": -8568805.0,
        "Pretax Income": -8568805.0,
        "Other Income Expense": 363401.0,
        "Gain On Sale Of Security": 363401.0,
        "Net Non Operating Interest Income Expense": -2250243.0,
        "Interest Expense Non Operating": 2250243.0,
        "Operating Income": -6681963.0,
        "Operating Expense": 6681963.0,
        "Research And Development": 4167287.0,
        "Selling General And Administration": 2514676.0,
        "General And Administrative Expense": 2514676.0,
        "Other Gand A": 2514676.0,
        "Total Revenue": 0.0,
        "Operating Revenue": 0.0
    }
}