{
    "2023-09-30": {
        "Tax Effect Of Unusual Items": -3078338.032692,
        "Tax Rate For Calcs": 0.007013,
        "Normalized EBITDA": -29565000.0,
        "Total Unusual Items": -438961000.0,
        "Total Unusual Items Excluding Goodwill": -438961000.0,
        "Net Income From Continuing Operation Net Minority Interest": -566052000.0,
        "Reconciled Depreciation": 4123000.0,
        "Reconciled Cost Of Revenue": 226432000.0,
        "EBITDA": -468526000.0,
        "EBIT": -472649000.0,
        "Net Interest Income": -10041000.0,
        "Interest Expense": 10041000.0,
        "Normalized Income": -130169338.032692,
        "Net Income From Continuing And Discontinued Operation": -633895000.0,
        "Total Expenses": 303087000.0,
        "Total Operating Income As Reported": -462775000.0,
        "Diluted Average Shares": 7977000.0,
        "Basic Average Shares": 7977000.0,
        "Diluted EPS": -81.03,
        "Basic EPS": -81.03,
        "Diluted NI Availto Com Stockholders": -646357000.0,
        "Net Income Common Stockholders": -646357000.0,
        "Preferred Stock Dividends": 12462000.0,
        "Net Income": -633895000.0,
        "Minority Interests": -86747000.0,
        "Net Income Including Noncontrolling Interests": -547148000.0,
        "Net Income Discontinuous Operations": -67843000.0,
        "Net Income Continuous Operations": -479305000.0,
        "Tax Provision": -3385000.0,
        "Pretax Income": -482690000.0,
        "Other Income Expense": -438961000.0,
        "Special Income Charges": -429087000.0,
        "Other Special Charges": NaN,
        "Write Off": 22421000.0,
        "Impairment Of Capital Assets": 401385000.0,
        "Restructuring And Mergern Acquisition": 5281000.0,
        "Gain On Sale Of Security": -9874000.0,
        "Net Non Operating Interest Income Expense": -10041000.0,
        "Interest Expense Non Operating": 10041000.0,
        "Operating Income": -33688000.0,
        "Operating Expense": 76649000.0,
        "Other Operating Expenses": 6334000.0,
        "Provision For Doubtful Accounts": 22421000.0,
        "Depreciation Amortization Depletion Income Statement": 4117000.0,
        "Depreciation And Amortization In Income Statement": 4117000.0,
        "Selling General And Administration": 66198000.0,
        "Selling And Marketing Expense": 258000.0,
        "General And Administrative Expense": 65940000.0,
        "Other Gand A": 20255000.0,
        "Salaries And Wages": 45685000.0,
        "Gross Profit": 42961000.0,
        "Cost Of Revenue": 226438000.0,
        "Total Revenue": 269399000.0,
        "Operating Revenue": 269399000.0
    },
    "2023-06-30": {
        "Tax Effect Of Unusual Items": -35177.387675,
        "Tax Rate For Calcs": 0.027375,
        "Normalized EBITDA": -15994000.0,
        "Total Unusual Items": -1285000.0,
        "Total Unusual Items Excluding Goodwill": -1285000.0,
        "Net Income From Continuing Operation Net Minority Interest": -55897000.0,
        "Reconciled Depreciation": 6135000.0,
        "Reconciled Cost Of Revenue": 243696000.0,
        "EBITDA": -17279000.0,
        "EBIT": -23414000.0,
        "Net Interest Income": -9170000.0,
        "Interest Expense": 9170000.0,
        "Normalized Income": -54647177.387675,
        "Net Income From Continuing And Discontinued Operation": -112832000.0,
        "Total Expenses": 320111000.0,
        "Total Operating Income As Reported": -23414000.0,
        "Diluted Average Shares": 7962000.0,
        "Basic Average Shares": 7962000.0,
        "Diluted EPS": -15.7,
        "Basic EPS": -15.7,
        "Diluted NI Availto Com Stockholders": -125005000.0,
        "Net Income Common Stockholders": -125005000.0,
        "Preferred Stock Dividends": 12173000.0,
        "Net Income": -112832000.0,
        "Minority Interests": -24205000.0,
        "Net Income Including Noncontrolling Interests": -88627000.0,
        "Net Income Discontinuous Operations": -56935000.0,
        "Net Income Continuous Operations": -31692000.0,
        "Tax Provision": -892000.0,
        "Pretax Income": -32584000.0,
        "Other Income Expense": -1285000.0,
        "Special Income Charges": -1285000.0,
        "Other Special Charges": NaN,
        "Write Off": 0.0,
        "Impairment Of Capital Assets": 0.0,
        "Restructuring And Mergern Acquisition": 1285000.0,
        "Gain On Sale Of Security": NaN,
        "Net Non Operating Interest Income Expense": -9170000.0,
        "Interest Expense Non Operating": 9170000.0,
        "Operating Income": -22129000.0,
        "Operating Expense": 74951000.0,
        "Other Operating Expenses": 5700000.0,
        "Provision For Doubtful Accounts": NaN,
        "Depreciation Amortization Depletion Income Statement": 4671000.0,
        "Depreciation And Amortization In Income Statement": 4671000.0,
        "Selling General And Administration": 64580000.0,
        "Selling And Marketing Expense": 630000.0,
        "General And Administrative Expense": 63950000.0,
        "Other Gand A": 21537000.0,
        "Salaries And Wages": 42413000.0,
        "Gross Profit": 52822000.0,
        "Cost Of Revenue": 245160000.0,
        "Total Revenue": 297982000.0,
        "Operating Revenue": 297982000.0
    },
    "2023-03-31": {
        "Tax Effect Of Unusual Items": NaN,
        "Tax Rate For Calcs": NaN,
        "Normalized EBITDA": NaN,
        "Total Unusual Items": NaN,
        "Total Unusual Items Excluding Goodwill": NaN,
        "Net Income From Continuing Operation Net Minority Interest": NaN,
        "Reconciled Depreciation": NaN,
        "Reconciled Cost Of Revenue": NaN,
        "EBITDA": NaN,
        "EBIT": NaN,
        "Net Interest Income": NaN,
        "Interest Expense": NaN,
        "Normalized Income": NaN,
        "Net Income From Continuing And Discontinued Operation": NaN,
        "Total Expenses": NaN,
        "Total Operating Income As Reported": NaN,
        "Diluted Average Shares": NaN,
        "Basic Average Shares": NaN,
        "Diluted EPS": NaN,
        "Basic EPS": NaN,
        "Diluted NI Availto Com Stockholders": NaN,
        "Net Income Common Stockholders": NaN,
        "Preferred Stock Dividends": NaN,
        "Net Income": NaN,
        "Minority Interests": NaN,
        "Net Income Including Noncontrolling Interests": NaN,
        "Net Income Discontinuous Operations": NaN,
        "Net Income Continuous Operations": NaN,
        "Tax Provision": NaN,
        "Pretax Income": NaN,
        "Other Income Expense": NaN,
        "Special Income Charges": NaN,
        "Other Special Charges": NaN,
        "Write Off": NaN,
        "Impairment Of Capital Assets": NaN,
        "Restructuring And Mergern Acquisition": NaN,
        "Gain On Sale Of Security": NaN,
        "Net Non Operating Interest Income Expense": NaN,
        "Interest Expense Non Operating": NaN,
        "Operating Income": NaN,
        "Operating Expense": NaN,
        "Other Operating Expenses": NaN,
        "Provision For Doubtful Accounts": NaN,
        "Depreciation Amortization Depletion Income Statement": NaN,
        "Depreciation And Amortization In Income Statement": NaN,
        "Selling General And Administration": NaN,
        "Selling And Marketing Expense": 20344000.0,
        "General And Administrative Expense": NaN,
        "Other Gand A": NaN,
        "Salaries And Wages": NaN,
        "Gross Profit": NaN,
        "Cost Of Revenue": NaN,
        "Total Revenue": NaN,
        "Operating Revenue": NaN
    },
    "2022-12-31": {
        "Tax Effect Of Unusual Items": NaN,
        "Tax Rate For Calcs": NaN,
        "Normalized EBITDA": NaN,
        "Total Unusual Items": NaN,
        "Total Unusual Items Excluding Goodwill": NaN,
        "Net Income From Continuing Operation Net Minority Interest": NaN,
        "Reconciled Depreciation": NaN,
        "Reconciled Cost Of Revenue": NaN,
        "EBITDA": NaN,
        "EBIT": NaN,
        "Net Interest Income": NaN,
        "Interest Expense": NaN,
        "Normalized Income": NaN,
        "Net Income From Continuing And Discontinued Operation": NaN,
        "Total Expenses": NaN,
        "Total Operating Income As Reported": NaN,
        "Diluted Average Shares": NaN,
        "Basic Average Shares": NaN,
        "Diluted EPS": NaN,
        "Basic EPS": NaN,
        "Diluted NI Availto Com Stockholders": NaN,
        "Net Income Common Stockholders": NaN,
        "Preferred Stock Dividends": NaN,
        "Net Income": NaN,
        "Minority Interests": NaN,
        "Net Income Including Noncontrolling Interests": NaN,
        "Net Income Discontinuous Operations": NaN,
        "Net Income Continuous Operations": NaN,
        "Tax Provision": NaN,
        "Pretax Income": NaN,
        "Other Income Expense": NaN,
        "Other Non Operating Income Expenses": 0.0,
        "Special Income Charges": NaN,
        "Other Special Charges": NaN,
        "Write Off": NaN,
        "Impairment Of Capital Assets": -9660000.0,
        "Restructuring And Mergern Acquisition": NaN,
        "Gain On Sale Of Security": NaN,
        "Net Non Operating Interest Income Expense": NaN,
        "Interest Expense Non Operating": NaN,
        "Operating Income": NaN,
        "Operating Expense": NaN,
        "Other Operating Expenses": NaN,
        "Other Taxes": -192475000.0,
        "Provision For Doubtful Accounts": NaN,
        "Depreciation Amortization Depletion Income Statement": NaN,
        "Depreciation And Amortization In Income Statement": NaN,
        "Selling General And Administration": NaN,
        "Selling And Marketing Expense": -167118000.0,
        "General And Administrative Expense": NaN,
        "Other Gand A": NaN,
        "Salaries And Wages": NaN,
        "Gross Profit": NaN,
        "Cost Of Revenue": NaN,
        "Total Revenue": NaN,
        "Operating Revenue": NaN
    },
    "2023-12-31": {
        "Tax Effect Of Unusual Items": -1800330.0,
        "Tax Rate For Calcs": 0.21,
        "Normalized EBITDA": -37434000.0,
        "Total Unusual Items": -8573000.0,
        "Total Unusual Items Excluding Goodwill": -8573000.0,
        "Net Income From Continuing Operation Net Minority Interest": 168029000.0,
        "Reconciled Depreciation": 4018000.0,
        "Reconciled Cost Of Revenue": 264871000.0,
        "EBITDA": -46007000.0,
        "EBIT": -50032000.0,
        "Net Interest Income": -11205000.0,
        "Interest Expense": 11205000.0,
        "Normalized Income": 174801670.0,
        "Net Income From Continuing And Discontinued Operation": -229716000.0,
        "Total Expenses": 334330000.0,
        "Total Operating Income As Reported": -45935000.0,
        "Diluted Average Shares": 7954000.0,
        "Basic Average Shares": 7954000.0,
        "Diluted EPS": -30.47,
        "Basic EPS": -30.47,
        "Diluted NI Availto Com Stockholders": -242332000.0,
        "Net Income Common Stockholders": -242332000.0,
        "Preferred Stock Dividends": 12616000.0,
        "Net Income": -229716000.0,
        "Minority Interests": 230856000.0,
        "Net Income Including Noncontrolling Interests": -460572000.0,
        "Net Income Discontinuous Operations": -397745000.0,
        "Net Income Continuous Operations": -62827000.0,
        "Tax Provision": 1590000.0,
        "Pretax Income": -61237000.0,
        "Other Income Expense": -8573000.0,
        "Special Income Charges": -4476000.0,
        "Other Special Charges": NaN,
        "Write Off": 4353000.0,
        "Impairment Of Capital Assets": 0.0,
        "Restructuring And Mergern Acquisition": 123000.0,
        "Gain On Sale Of Security": -4097000.0,
        "Net Non Operating Interest Income Expense": -11205000.0,
        "Interest Expense Non Operating": 11205000.0,
        "Operating Income": -41459000.0,
        "Operating Expense": 69466000.0,
        "Other Operating Expenses": 8932000.0,
        "Provision For Doubtful Accounts": 4353000.0,
        "Depreciation Amortization Depletion Income Statement": 4025000.0,
        "Depreciation And Amortization In Income Statement": 4025000.0,
        "Selling General And Administration": 56509000.0,
        "Selling And Marketing Expense": NaN,
        "General And Administrative Expense": 57971000.0,
        "Other Gand A": 13404000.0,
        "Salaries And Wages": 44567000.0,
        "Gross Profit": 28007000.0,
        "Cost Of Revenue": 264864000.0,
        "Total Revenue": 292871000.0,
        "Operating Revenue": 292871000.0
    },
    "2024-03-31": {
        "Tax Effect Of Unusual Items": 3386926.783184,
        "Tax Rate For Calcs": 0.104393,
        "Normalized EBITDA": -18601000.0,
        "Total Unusual Items": 32444000.0,
        "Total Unusual Items Excluding Goodwill": 32444000.0,
        "Net Income From Continuing Operation Net Minority Interest": -6049000.0,
        "Reconciled Depreciation": 4562000.0,
        "Reconciled Cost Of Revenue": 196874000.0,
        "EBITDA": 13843000.0,
        "EBIT": 9281000.0,
        "Net Interest Income": -2930000.0,
        "Interest Expense": 2930000.0,
        "Normalized Income": -35106073.216816,
        "Net Income From Continuing And Discontinued Operation": -15914000.0,
        "Total Expenses": 268258000.0,
        "Total Operating Income As Reported": -23102000.0,
        "Diluted Average Shares": 8079000.0,
        "Basic Average Shares": 8079000.0,
        "Diluted EPS": -3.53,
        "Basic EPS": -3.53,
        "Diluted NI Availto Com Stockholders": -28518000.0,
        "Net Income Common Stockholders": -28518000.0,
        "Preferred Stock Dividends": 12604000.0,
        "Net Income": -15914000.0,
        "Minority Interests": -11737000.0,
        "Net Income Including Noncontrolling Interests": -4177000.0,
        "Net Income Discontinuous Operations": -9865000.0,
        "Net Income Continuous Operations": 5688000.0,
        "Tax Provision": 663000.0,
        "Pretax Income": 6351000.0,
        "Other Income Expense": 32444000.0,
        "Special Income Charges": 30372000.0,
        "Other Special Charges": -30311000.0,
        "Write Off": -3000.0,
        "Impairment Of Capital Assets": NaN,
        "Restructuring And Mergern Acquisition": -58000.0,
        "Gain On Sale Of Security": 2072000.0,
        "Net Non Operating Interest Income Expense": -2930000.0,
        "Interest Expense Non Operating": 2930000.0,
        "Operating Income": -23163000.0,
        "Operating Expense": 71384000.0,
        "Other Operating Expenses": 4486000.0,
        "Provision For Doubtful Accounts": NaN,
        "Depreciation Amortization Depletion Income Statement": 4562000.0,
        "Depreciation And Amortization In Income Statement": 4562000.0,
        "Selling General And Administration": 62336000.0,
        "Selling And Marketing Expense": NaN,
        "General And Administrative Expense": 62336000.0,
        "Other Gand A": 14200000.0,
        "Salaries And Wages": 48136000.0,
        "Gross Profit": 48221000.0,
        "Cost Of Revenue": 196874000.0,
        "Total Revenue": 245095000.0,
        "Operating Revenue": 245095000.0
    },
    "2022-09-30": {
        "Tax Effect Of Unusual Items": NaN,
        "Tax Rate For Calcs": NaN,
        "Normalized EBITDA": NaN,
        "Total Unusual Items": NaN,
        "Total Unusual Items Excluding Goodwill": NaN,
        "Net Income From Continuing Operation Net Minority Interest": NaN,
        "Reconciled Depreciation": NaN,
        "Reconciled Cost Of Revenue": NaN,
        "EBITDA": NaN,
        "EBIT": NaN,
        "Net Interest Income": NaN,
        "Interest Expense": NaN,
        "Normalized Income": NaN,
        "Net Income From Continuing And Discontinued Operation": NaN,
        "Total Expenses": NaN,
        "Total Operating Income As Reported": NaN,
        "Diluted Average Shares": NaN,
        "Basic Average Shares": NaN,
        "Diluted EPS": NaN,
        "Basic EPS": NaN,
        "Diluted NI Availto Com Stockholders": NaN,
        "Net Income Common Stockholders": NaN,
        "Preferred Stock Dividends": NaN,
        "Net Income": NaN,
        "Minority Interests": NaN,
        "Net Income Including Noncontrolling Interests": NaN,
        "Net Income Discontinuous Operations": NaN,
        "Net Income Continuous Operations": NaN,
        "Tax Provision": NaN,
        "Pretax Income": NaN,
        "Other Income Expense": NaN,
        "Other Non Operating Income Expenses": 2000.0,
        "Special Income Charges": NaN,
        "Other Special Charges": NaN,
        "Write Off": 11000.0,
        "Impairment Of Capital Assets": 42611000.0,
        "Restructuring And Mergern Acquisition": NaN,
        "Gain On Sale Of Security": NaN,
        "Net Non Operating Interest Income Expense": NaN,
        "Interest Expense Non Operating": NaN,
        "Operating Income": NaN,
        "Operating Expense": NaN,
        "Other Operating Expenses": NaN,
        "Other Taxes": 60708000.0,
        "Provision For Doubtful Accounts": 11000.0,
        "Depreciation Amortization Depletion Income Statement": NaN,
        "Depreciation And Amortization In Income Statement": NaN,
        "Selling General And Administration": NaN,
        "Selling And Marketing Expense": 313000.0,
        "General And Administrative Expense": NaN,
        "Other Gand A": NaN,
        "Salaries And Wages": NaN,
        "Gross Profit": NaN,
        "Cost Of Revenue": NaN,
        "Total Revenue": NaN,
        "Operating Revenue": NaN
    },
    "2024-06-30": {
        "Tax Effect Of Unusual Items": -44803.959844,
        "Tax Rate For Calcs": 0.004741,
        "Normalized EBITDA": -21907000.0,
        "Total Unusual Items": -9451000.0,
        "Total Unusual Items Excluding Goodwill": -9451000.0,
        "Net Income From Continuing Operation Net Minority Interest": -40191000.0,
        "Reconciled Depreciation": 3978000.0,
        "Reconciled Cost Of Revenue": 177681000.0,
        "EBITDA": -31358000.0,
        "EBIT": -35336000.0,
        "Net Interest Income": -4110000.0,
        "Interest Expense": 4110000.0,
        "Normalized Income": -30784803.959844,
        "Net Income From Continuing And Discontinued Operation": -58630000.0,
        "Total Expenses": 251876000.0,
        "Total Operating Income As Reported": -37549000.0,
        "Diluted Average Shares": 8253000.0,
        "Basic Average Shares": 8253000.0,
        "Diluted EPS": -8.65,
        "Basic EPS": -8.65,
        "Diluted NI Availto Com Stockholders": -71390000.0,
        "Net Income Common Stockholders": -71390000.0,
        "Preferred Stock Dividends": 12760000.0,
        "Net Income": -58630000.0,
        "Minority Interests": -932000.0,
        "Net Income Including Noncontrolling Interests": -57698000.0,
        "Net Income Discontinuous Operations": -18439000.0,
        "Net Income Continuous Operations": -39259000.0,
        "Tax Provision": -187000.0,
        "Pretax Income": -39446000.0,
        "Other Income Expense": -9451000.0,
        "Special Income Charges": -11664000.0,
        "Other Special Charges": NaN,
        "Write Off": 14000.0,
        "Impairment Of Capital Assets": 11411000.0,
        "Restructuring And Mergern Acquisition": 239000.0,
        "Gain On Sale Of Security": 2213000.0,
        "Net Non Operating Interest Income Expense": -4110000.0,
        "Interest Expense Non Operating": 4110000.0,
        "Operating Income": -25885000.0,
        "Operating Expense": 74195000.0,
        "Other Operating Expenses": 4019000.0,
        "Provision For Doubtful Accounts": NaN,
        "Depreciation Amortization Depletion Income Statement": 3978000.0,
        "Depreciation And Amortization In Income Statement": 3978000.0,
        "Selling General And Administration": 66198000.0,
        "Selling And Marketing Expense": 210000.0,
        "General And Administrative Expense": 65988000.0,
        "Other Gand A": 16739000.0,
        "Salaries And Wages": 49249000.0,
        "Gross Profit": 48310000.0,
        "Cost Of Revenue": 177681000.0,
        "Total Revenue": 225991000.0,
        "Operating Revenue": 225991000.0
    }
}