{
    "2023-03-31": {
        "Tax Effect Of Unusual Items": 0.0,
        "Tax Rate For Calcs": 0.0,
        "Normalized EBITDA": -9561643.0,
        "Total Unusual Items": NaN,
        "Total Unusual Items Excluding Goodwill": NaN,
        "Net Income From Continuing Operation Net Minority Interest": -9565077.0,
        "Reconciled Depreciation": 263766.0,
        "EBITDA": -9561643.0,
        "EBIT": -9825409.0,
        "Net Interest Income": 274738.0,
        "Interest Expense": NaN,
        "Interest Income": 274738.0,
        "Normalized Income": -9565077.0,
        "Net Income From Continuing And Discontinued Operation": -9565077.0,
        "Total Expenses": 9825409.0,
        "Total Operating Income As Reported": -9825409.0,
        "Diluted Average Shares": 1043138.0,
        "Basic Average Shares": 1043138.0,
        "Diluted EPS": -9.25,
        "Basic EPS": -9.25,
        "Diluted NI Availto Com Stockholders": -9565077.0,
        "Net Income Common Stockholders": -9565077.0,
        "Net Income": -9565077.0,
        "Net Income Including Noncontrolling Interests": -9565077.0,
        "Net Income Continuous Operations": -9565077.0,
        "Pretax Income": -9565077.0,
        "Other Income Expense": -14406.0,
        "Other Non Operating Income Expenses": -14406.0,
        "Special Income Charges": NaN,
        "Net Non Operating Interest Income Expense": 274738.0,
        "Interest Expense Non Operating": NaN,
        "Interest Income Non Operating": 274738.0,
        "Operating Income": -9825409.0,
        "Operating Expense": 9825409.0,
        "Research And Development": 6124044.0,
        "Selling General And Administration": 3701365.0,
        "General And Administrative Expense": 3701365.0,
        "Other Gand A": 3701365.0,
        "Total Revenue": 0.0,
        "Operating Revenue": 0.0
    },
    "2022-12-31": {
        "Tax Effect Of Unusual Items": 0.0,
        "Tax Rate For Calcs": 0.0,
        "Normalized EBITDA": -16628934.0,
        "Total Unusual Items": 0.0,
        "Total Unusual Items Excluding Goodwill": 0.0,
        "Net Income From Continuing Operation Net Minority Interest": -16893025.0,
        "Reconciled Depreciation": 264091.0,
        "EBITDA": -16628934.0,
        "EBIT": -16893025.0,
        "Net Interest Income": 320306.0,
        "Interest Expense": 0.0,
        "Interest Income": 320306.0,
        "Normalized Income": -16893025.0,
        "Net Income From Continuing And Discontinued Operation": -16893025.0,
        "Total Expenses": 17247302.0,
        "Total Operating Income As Reported": -17247302.0,
        "Diluted Average Shares": NaN,
        "Basic Average Shares": NaN,
        "Diluted EPS": NaN,
        "Basic EPS": NaN,
        "Diluted NI Availto Com Stockholders": -16893025.0,
        "Net Income Common Stockholders": -16893025.0,
        "Net Income": -16893025.0,
        "Net Income Including Noncontrolling Interests": -16893025.0,
        "Net Income Continuous Operations": -16893025.0,
        "Pretax Income": -16893025.0,
        "Other Income Expense": 33971.0,
        "Other Non Operating Income Expenses": 33971.0,
        "Special Income Charges": 0.0,
        "Net Non Operating Interest Income Expense": 320306.0,
        "Interest Expense Non Operating": 0.0,
        "Interest Income Non Operating": 320306.0,
        "Operating Income": -17247302.0,
        "Operating Expense": 17247302.0,
        "Research And Development": 13725588.0,
        "Selling General And Administration": 3521714.0,
        "General And Administrative Expense": 3521714.0,
        "Other Gand A": 3521714.0,
        "Total Revenue": 0.0,
        "Operating Revenue": 0.0
    },
    "2022-09-30": {
        "Tax Effect Of Unusual Items": NaN,
        "Tax Rate For Calcs": NaN,
        "Normalized EBITDA": NaN,
        "Total Unusual Items": 0.0,
        "Total Unusual Items Excluding Goodwill": 0.0,
        "Net Income From Continuing Operation Net Minority Interest": NaN,
        "Reconciled Depreciation": NaN,
        "EBITDA": NaN,
        "EBIT": NaN,
        "Net Interest Income": NaN,
        "Interest Expense": 0.0,
        "Interest Income": NaN,
        "Normalized Income": NaN,
        "Net Income From Continuing And Discontinued Operation": NaN,
        "Total Expenses": NaN,
        "Total Operating Income As Reported": NaN,
        "Diluted Average Shares": 976413.0,
        "Basic Average Shares": 976413.0,
        "Diluted EPS": -15.09,
        "Basic EPS": -15.09,
        "Diluted NI Availto Com Stockholders": NaN,
        "Net Income Common Stockholders": NaN,
        "Net Income": NaN,
        "Net Income Including Noncontrolling Interests": NaN,
        "Net Income Continuous Operations": NaN,
        "Pretax Income": NaN,
        "Other Income Expense": NaN,
        "Other Non Operating Income Expenses": NaN,
        "Special Income Charges": 0.0,
        "Net Non Operating Interest Income Expense": NaN,
        "Interest Expense Non Operating": 0.0,
        "Interest Income Non Operating": NaN,
        "Operating Income": NaN,
        "Operating Expense": NaN,
        "Research And Development": NaN,
        "Selling General And Administration": NaN,
        "General And Administrative Expense": NaN,
        "Other Gand A": NaN,
        "Total Revenue": NaN,
        "Operating Revenue": NaN
    },
    "2022-06-30": {
        "Tax Effect Of Unusual Items": 0.0,
        "Tax Rate For Calcs": 0.0,
        "Normalized EBITDA": -15617916.0,
        "Total Unusual Items": NaN,
        "Total Unusual Items Excluding Goodwill": NaN,
        "Net Income From Continuing Operation Net Minority Interest": -15860789.0,
        "Reconciled Depreciation": 242873.0,
        "EBITDA": -15617916.0,
        "EBIT": -15860789.0,
        "Net Interest Income": 84221.0,
        "Interest Expense": 0.0,
        "Interest Income": 84221.0,
        "Normalized Income": -15860789.0,
        "Net Income From Continuing And Discontinued Operation": -15860789.0,
        "Total Expenses": 15925964.0,
        "Total Operating Income As Reported": -15925964.0,
        "Diluted Average Shares": 22871369.0,
        "Basic Average Shares": 22871369.0,
        "Diluted EPS": -0.69,
        "Basic EPS": -0.69,
        "Diluted NI Availto Com Stockholders": -15860789.0,
        "Net Income Common Stockholders": -15860789.0,
        "Net Income": -15860789.0,
        "Net Income Including Noncontrolling Interests": -15860789.0,
        "Net Income Continuous Operations": -15860789.0,
        "Pretax Income": -15860789.0,
        "Other Income Expense": -19046.0,
        "Other Non Operating Income Expenses": -19046.0,
        "Special Income Charges": NaN,
        "Net Non Operating Interest Income Expense": 84221.0,
        "Interest Expense Non Operating": 0.0,
        "Interest Income Non Operating": 84221.0,
        "Operating Income": -15925964.0,
        "Operating Expense": 15925964.0,
        "Research And Development": 11837519.0,
        "Selling General And Administration": 4088445.0,
        "General And Administrative Expense": 4088445.0,
        "Other Gand A": 4088445.0,
        "Total Revenue": 0.0,
        "Operating Revenue": 0.0
    },
    "2022-03-31": {
        "Diluted EPS": -0.66,
        "Total Revenue": NaN,
        "Gross Profit": NaN,
        "Operating Income": -15,
        "EBIT": -15,
        "Net Income": -15
    },
    "2021-12-31": {
        "Diluted EPS": -0.64,
        "Total Revenue": NaN,
        "Gross Profit": NaN,
        "Operating Income": -16,
        "EBIT": -15,
        "Net Income": -16
    },
    "2021-09-30": {
        "Diluted EPS": -0.65,
        "Total Revenue": NaN,
        "Gross Profit": NaN,
        "Operating Income": -15,
        "EBIT": -15,
        "Net Income": -15
    },
    "2021-06-30": {
        "Diluted EPS": -0.54,
        "Total Revenue": NaN,
        "Gross Profit": NaN,
        "Operating Income": -12,
        "EBIT": -12,
        "Net Income": -12
    },
    "2021-03-31": {
        "Diluted EPS": -0.71,
        "Total Revenue": NaN,
        "Gross Profit": NaN,
        "Operating Income": -10,
        "EBIT": -10,
        "Net Income": -9
    },
    "2020-12-31": {
        "Diluted EPS": -7.05,
        "Total Revenue": NaN,
        "Gross Profit": NaN,
        "Operating Income": -7,
        "EBIT": -7,
        "Net Income": -8
    },
    "2020-09-30": {
        "Diluted EPS": -7.52,
        "Total Revenue": NaN,
        "Gross Profit": NaN,
        "Operating Income": -8,
        "EBIT": -8,
        "Net Income": -9
    },
    "2020-06-30": {
        "Diluted EPS": -6.17,
        "Total Revenue": NaN,
        "Gross Profit": NaN,
        "Operating Income": -7,
        "EBIT": -7,
        "Net Income": -8
    },
    "2020-03-31": {
        "Diluted EPS": -5.68,
        "Total Revenue": NaN,
        "Gross Profit": NaN,
        "Operating Income": -6,
        "EBIT": -6,
        "Net Income": -7
    },
    "2019-12-31": {
        "Diluted EPS": 0.0,
        "Total Revenue": NaN,
        "Gross Profit": NaN,
        "Operating Income": NaN,
        "EBIT": NaN,
        "Net Income": NaN
    },
    "2023-06-30": {
        "Tax Effect Of Unusual Items": 0.0,
        "Tax Rate For Calcs": 0.0,
        "Normalized EBITDA": -7517503.0,
        "Total Unusual Items": NaN,
        "Total Unusual Items Excluding Goodwill": NaN,
        "Net Income From Continuing Operation Net Minority Interest": -7566504.0,
        "Reconciled Depreciation": 267156.0,
        "EBITDA": -7517503.0,
        "EBIT": -7784659.0,
        "Net Interest Income": 223321.0,
        "Interest Expense": NaN,
        "Interest Income": 223321.0,
        "Normalized Income": -7566504.0,
        "Net Income From Continuing And Discontinued Operation": -7566504.0,
        "Total Expenses": 7784659.0,
        "Total Operating Income As Reported": -7784659.0,
        "Diluted Average Shares": 1043138.0,
        "Basic Average Shares": 1043138.0,
        "Diluted EPS": -7.25,
        "Basic EPS": -7.25,
        "Diluted NI Availto Com Stockholders": -7566504.0,
        "Net Income Common Stockholders": -7566504.0,
        "Net Income": -7566504.0,
        "Net Income Including Noncontrolling Interests": -7566504.0,
        "Net Income Continuous Operations": -7566504.0,
        "Pretax Income": -7566504.0,
        "Other Income Expense": -5166.0,
        "Other Non Operating Income Expenses": -5166.0,
        "Special Income Charges": NaN,
        "Net Non Operating Interest Income Expense": 223321.0,
        "Interest Expense Non Operating": NaN,
        "Interest Income Non Operating": 223321.0,
        "Operating Income": -7784659.0,
        "Operating Expense": 7784659.0,
        "Research And Development": 4880338.0,
        "Selling General And Administration": 2904321.0,
        "General And Administrative Expense": 2904321.0,
        "Other Gand A": 2904321.0,
        "Total Revenue": 0.0,
        "Operating Revenue": 0.0
    },
    "2023-09-30": {
        "Tax Effect Of Unusual Items": 0.0,
        "Tax Rate For Calcs": 0.0,
        "Normalized EBITDA": -9730225.0,
        "Total Unusual Items": NaN,
        "Total Unusual Items Excluding Goodwill": NaN,
        "Net Income From Continuing Operation Net Minority Interest": -9854187.0,
        "Reconciled Depreciation": 265542.0,
        "EBITDA": -9730225.0,
        "EBIT": -9995767.0,
        "Net Interest Income": 154900.0,
        "Interest Expense": NaN,
        "Interest Income": 154900.0,
        "Normalized Income": -9854187.0,
        "Net Income From Continuing And Discontinued Operation": -9854187.0,
        "Total Expenses": 9995767.0,
        "Total Operating Income As Reported": -9995767.0,
        "Diluted Average Shares": 1047871.0,
        "Basic Average Shares": 1047871.0,
        "Diluted EPS": -9.4,
        "Basic EPS": -9.4,
        "Diluted NI Availto Com Stockholders": -9854187.0,
        "Net Income Common Stockholders": -9854187.0,
        "Net Income": -9854187.0,
        "Net Income Including Noncontrolling Interests": -9854187.0,
        "Net Income Continuous Operations": -9854187.0,
        "Pretax Income": -9854187.0,
        "Other Income Expense": -13320.0,
        "Other Non Operating Income Expenses": -13320.0,
        "Special Income Charges": NaN,
        "Net Non Operating Interest Income Expense": 154900.0,
        "Interest Expense Non Operating": NaN,
        "Interest Income Non Operating": 154900.0,
        "Operating Income": -9995767.0,
        "Operating Expense": 9995767.0,
        "Research And Development": 6005987.0,
        "Selling General And Administration": 3989780.0,
        "General And Administrative Expense": 3989780.0,
        "Other Gand A": 3989780.0,
        "Total Revenue": 0.0,
        "Operating Revenue": 0.0
    },
    "2023-12-31": {
        "Tax Effect Of Unusual Items": 0.0,
        "Tax Rate For Calcs": 0.0,
        "Normalized EBITDA": -4448510.0,
        "Total Unusual Items": NaN,
        "Total Unusual Items Excluding Goodwill": NaN,
        "Net Income From Continuing Operation Net Minority Interest": -5358625.0,
        "Reconciled Depreciation": 228509.0,
        "EBITDA": -4448510.0,
        "EBIT": -4677019.0,
        "Net Interest Income": 45436.0,
        "Interest Expense": NaN,
        "Interest Income": 45436.0,
        "Normalized Income": -5358625.0,
        "Net Income From Continuing And Discontinued Operation": -5358625.0,
        "Total Expenses": 4677019.0,
        "Total Operating Income As Reported": -5367787.0,
        "Diluted Average Shares": NaN,
        "Basic Average Shares": NaN,
        "Diluted EPS": NaN,
        "Basic EPS": NaN,
        "Diluted NI Availto Com Stockholders": -5358625.0,
        "Net Income Common Stockholders": -5358625.0,
        "Net Income": -5358625.0,
        "Net Income Including Noncontrolling Interests": -5358625.0,
        "Net Income Continuous Operations": -5358625.0,
        "Pretax Income": -5358625.0,
        "Other Income Expense": -727042.0,
        "Other Non Operating Income Expenses": -36274.0,
        "Special Income Charges": NaN,
        "Net Non Operating Interest Income Expense": 45436.0,
        "Interest Expense Non Operating": NaN,
        "Interest Income Non Operating": 45436.0,
        "Operating Income": -4677019.0,
        "Operating Expense": 4677019.0,
        "Research And Development": 2271861.0,
        "Selling General And Administration": 2405158.0,
        "General And Administrative Expense": 2405158.0,
        "Other Gand A": 2405158.0,
        "Total Revenue": 0.0,
        "Operating Revenue": 0.0
    }
}