{
    "2023-09-30": {
        "Tax Effect Of Unusual Items": 0.0,
        "Tax Rate For Calcs": 0.23,
        "Normalized EBITDA": 18683000.0,
        "Net Income From Continuing Operation Net Minority Interest": -1196000.0,
        "Reconciled Depreciation": 20316000.0,
        "Reconciled Cost Of Revenue": 13683000.0,
        "EBITDA": 18683000.0,
        "EBIT": -1633000.0,
        "Net Interest Income": -617000.0,
        "Interest Expense": 2407000.0,
        "Interest Income": 1790000.0,
        "Normalized Income": -1196000.0,
        "Net Income From Continuing And Discontinued Operation": -1196000.0,
        "Total Expenses": 83517000.0,
        "Total Operating Income As Reported": -3423000.0,
        "Diluted Average Shares": 59800000.0,
        "Basic Average Shares": 59800000.0,
        "Diluted EPS": -0.02,
        "Basic EPS": -0.02,
        "Diluted NI Availto Com Stockholders": -1196000.0,
        "Net Income Common Stockholders": -1196000.0,
        "Otherunder Preferred Stock Dividend": 0.0,
        "Net Income": -1196000.0,
        "Net Income Including Noncontrolling Interests": -1196000.0,
        "Net Income Continuous Operations": -1196000.0,
        "Tax Provision": -2844000.0,
        "Pretax Income": -4040000.0,
        "Net Non Operating Interest Income Expense": -617000.0,
        "Interest Expense Non Operating": 2407000.0,
        "Interest Income Non Operating": 1790000.0,
        "Operating Income": -3423000.0,
        "Operating Expense": 69834000.0,
        "Other Operating Expenses": NaN,
        "Depreciation And Amortization In Income Statement": 20316000.0,
        "Depreciation Income Statement": 20316000.0,
        "Research And Development": 12576000.0,
        "Selling General And Administration": 36942000.0,
        "Selling And Marketing Expense": 25580000.0,
        "General And Administrative Expense": 11362000.0,
        "Gross Profit": 66411000.0,
        "Cost Of Revenue": 13683000.0,
        "Total Revenue": 80094000.0,
        "Operating Revenue": 80094000.0
    },
    "2023-06-30": {
        "Tax Effect Of Unusual Items": 0.0,
        "Tax Rate For Calcs": 0.23,
        "Normalized EBITDA": 13381000.0,
        "Net Income From Continuing Operation Net Minority Interest": -5609000.0,
        "Reconciled Depreciation": 19933000.0,
        "Reconciled Cost Of Revenue": 14604000.0,
        "EBITDA": 13381000.0,
        "EBIT": -6552000.0,
        "Net Interest Income": -2254000.0,
        "Interest Expense": 3658000.0,
        "Interest Income": 1404000.0,
        "Normalized Income": -5609000.0,
        "Net Income From Continuing And Discontinued Operation": -5609000.0,
        "Total Expenses": 92202000.0,
        "Total Operating Income As Reported": -7956000.0,
        "Diluted Average Shares": 71306266.0,
        "Basic Average Shares": 71306266.0,
        "Diluted EPS": -0.08,
        "Basic EPS": -0.08,
        "Diluted NI Availto Com Stockholders": -5609000.0,
        "Net Income Common Stockholders": -5609000.0,
        "Otherunder Preferred Stock Dividend": 0.0,
        "Net Income": -5609000.0,
        "Net Income Including Noncontrolling Interests": -5609000.0,
        "Net Income Continuous Operations": -5609000.0,
        "Tax Provision": -4601000.0,
        "Pretax Income": -10210000.0,
        "Net Non Operating Interest Income Expense": -2254000.0,
        "Interest Expense Non Operating": 3658000.0,
        "Interest Income Non Operating": 1404000.0,
        "Operating Income": -7956000.0,
        "Operating Expense": 77598000.0,
        "Other Operating Expenses": 1765000.0,
        "Depreciation And Amortization In Income Statement": 19933000.0,
        "Depreciation Income Statement": 19933000.0,
        "Research And Development": 13829000.0,
        "Selling General And Administration": 42071000.0,
        "Selling And Marketing Expense": 27402000.0,
        "General And Administrative Expense": 14669000.0,
        "Gross Profit": 69642000.0,
        "Cost Of Revenue": 14604000.0,
        "Total Revenue": 84246000.0,
        "Operating Revenue": 84246000.0
    },
    "2023-03-31": {
        "Tax Effect Of Unusual Items": 0.0,
        "Tax Rate For Calcs": 0.23,
        "Normalized EBITDA": 4710000.0,
        "Net Income From Continuing Operation Net Minority Interest": -17909000.0,
        "Reconciled Depreciation": 16989000.0,
        "Reconciled Cost Of Revenue": 16097000.0,
        "EBITDA": 4710000.0,
        "EBIT": -12279000.0,
        "Net Interest Income": 758000.0,
        "Interest Expense": 2169000.0,
        "Interest Income": 2927000.0,
        "Normalized Income": -17909000.0,
        "Net Income From Continuing And Discontinued Operation": -17909000.0,
        "Total Expenses": 86943000.0,
        "Total Operating Income As Reported": -15206000.0,
        "Diluted Average Shares": 74620833.0,
        "Basic Average Shares": 74620833.0,
        "Diluted EPS": -0.24,
        "Basic EPS": -0.24,
        "Diluted NI Availto Com Stockholders": -17909000.0,
        "Net Income Common Stockholders": -17909000.0,
        "Otherunder Preferred Stock Dividend": 0.0,
        "Net Income": -17909000.0,
        "Net Income Including Noncontrolling Interests": -17909000.0,
        "Net Income Continuous Operations": -17909000.0,
        "Tax Provision": 3461000.0,
        "Pretax Income": -14448000.0,
        "Net Non Operating Interest Income Expense": 758000.0,
        "Interest Expense Non Operating": 2169000.0,
        "Interest Income Non Operating": 2927000.0,
        "Operating Income": -15206000.0,
        "Operating Expense": 70846000.0,
        "Other Operating Expenses": NaN,
        "Depreciation And Amortization In Income Statement": 16989000.0,
        "Depreciation Income Statement": 16989000.0,
        "Research And Development": 13247000.0,
        "Selling General And Administration": 40610000.0,
        "Selling And Marketing Expense": 28574000.0,
        "General And Administrative Expense": 12036000.0,
        "Gross Profit": 55640000.0,
        "Cost Of Revenue": 16097000.0,
        "Total Revenue": 71737000.0,
        "Operating Revenue": 71737000.0
    },
    "2022-12-31": {
        "Tax Effect Of Unusual Items": 0.0,
        "Tax Rate For Calcs": 0.23,
        "Normalized EBITDA": 28416000.0,
        "Net Income From Continuing Operation Net Minority Interest": 5061000.0,
        "Reconciled Depreciation": 17184000.0,
        "Reconciled Cost Of Revenue": 17265000.0,
        "EBITDA": 28416000.0,
        "EBIT": 11232000.0,
        "Net Interest Income": -717000.0,
        "Interest Expense": 1131000.0,
        "Interest Income": 414000.0,
        "Normalized Income": 5061000.0,
        "Net Income From Continuing And Discontinued Operation": 5061000.0,
        "Total Expenses": 90867000.0,
        "Total Operating Income As Reported": 10818000.0,
        "Diluted Average Shares": NaN,
        "Basic Average Shares": NaN,
        "Diluted EPS": NaN,
        "Basic EPS": NaN,
        "Diluted NI Availto Com Stockholders": 5061000.0,
        "Net Income Common Stockholders": 5061000.0,
        "Otherunder Preferred Stock Dividend": 0.0,
        "Net Income": 5061000.0,
        "Net Income Including Noncontrolling Interests": 5061000.0,
        "Net Income Continuous Operations": 5061000.0,
        "Tax Provision": 5040000.0,
        "Pretax Income": 10101000.0,
        "Net Non Operating Interest Income Expense": -717000.0,
        "Interest Expense Non Operating": 1131000.0,
        "Interest Income Non Operating": 414000.0,
        "Operating Income": 16830000.0,
        "Operating Expense": 73602000.0,
        "Other Operating Expenses": NaN,
        "Depreciation And Amortization In Income Statement": 17184000.0,
        "Depreciation Income Statement": 17184000.0,
        "Research And Development": 11841000.0,
        "Selling General And Administration": -3925000.0,
        "Selling And Marketing Expense": 30506000.0,
        "General And Administrative Expense": -34431000.0,
        "Gross Profit": 90432000.0,
        "Cost Of Revenue": 17265000.0,
        "Total Revenue": 107697000.0,
        "Operating Revenue": 107697000.0
    },
    "2023-12-31": {
        "Tax Effect Of Unusual Items": 0.0,
        "Tax Rate For Calcs": 0.23,
        "Normalized EBITDA": 32727000.0,
        "Net Income From Continuing Operation Net Minority Interest": 3227000.0,
        "Reconciled Depreciation": 21047000.0,
        "Reconciled Cost Of Revenue": 17886000.0,
        "EBITDA": 32727000.0,
        "EBIT": 11680000.0,
        "Net Interest Income": 105000.0,
        "Interest Expense": 1966000.0,
        "Interest Income": 2071000.0,
        "Normalized Income": 3227000.0,
        "Net Income From Continuing And Discontinued Operation": 3227000.0,
        "Total Expenses": 86136000.0,
        "Total Operating Income As Reported": 9609000.0,
        "Diluted Average Shares": NaN,
        "Basic Average Shares": NaN,
        "Diluted EPS": NaN,
        "Basic EPS": NaN,
        "Diluted NI Availto Com Stockholders": 3227000.0,
        "Net Income Common Stockholders": 3227000.0,
        "Otherunder Preferred Stock Dividend": 0.0,
        "Net Income": 3227000.0,
        "Net Income Including Noncontrolling Interests": 3227000.0,
        "Net Income Continuous Operations": 3227000.0,
        "Tax Provision": 6487000.0,
        "Pretax Income": 9714000.0,
        "Net Non Operating Interest Income Expense": 105000.0,
        "Interest Expense Non Operating": 1966000.0,
        "Interest Income Non Operating": 2071000.0,
        "Operating Income": 9780000.0,
        "Operating Expense": 68250000.0,
        "Other Operating Expenses": 4337000.0,
        "Depreciation And Amortization In Income Statement": 21047000.0,
        "Depreciation Income Statement": 21047000.0,
        "Research And Development": 10032000.0,
        "Selling General And Administration": -3554000.0,
        "Selling And Marketing Expense": 24358000.0,
        "General And Administrative Expense": -27912000.0,
        "Gross Profit": 78030000.0,
        "Cost Of Revenue": 17886000.0,
        "Total Revenue": 95916000.0,
        "Operating Revenue": 95916000.0
    },
    "2022-09-30": {
        "Tax Effect Of Unusual Items": NaN,
        "Tax Rate For Calcs": NaN,
        "Normalized EBITDA": NaN,
        "Net Income From Continuing Operation Net Minority Interest": NaN,
        "Reconciled Depreciation": NaN,
        "Reconciled Cost Of Revenue": NaN,
        "EBITDA": NaN,
        "EBIT": NaN,
        "Net Interest Income": NaN,
        "Interest Expense": NaN,
        "Interest Income": NaN,
        "Normalized Income": NaN,
        "Net Income From Continuing And Discontinued Operation": NaN,
        "Total Expenses": NaN,
        "Total Operating Income As Reported": NaN,
        "Diluted Average Shares": 73125323.0,
        "Basic Average Shares": 73125323.0,
        "Diluted EPS": -0.02,
        "Basic EPS": -0.02,
        "Diluted NI Availto Com Stockholders": NaN,
        "Net Income Common Stockholders": NaN,
        "Otherunder Preferred Stock Dividend": NaN,
        "Net Income": NaN,
        "Net Income Including Noncontrolling Interests": NaN,
        "Net Income Continuous Operations": NaN,
        "Tax Provision": NaN,
        "Pretax Income": NaN,
        "Net Non Operating Interest Income Expense": NaN,
        "Interest Expense Non Operating": NaN,
        "Interest Income Non Operating": NaN,
        "Operating Income": NaN,
        "Operating Expense": NaN,
        "Other Operating Expenses": NaN,
        "Depreciation And Amortization In Income Statement": NaN,
        "Depreciation Income Statement": NaN,
        "Research And Development": NaN,
        "Selling General And Administration": NaN,
        "Selling And Marketing Expense": NaN,
        "General And Administrative Expense": NaN,
        "Gross Profit": NaN,
        "Cost Of Revenue": NaN,
        "Total Revenue": NaN,
        "Operating Revenue": NaN
    },
    "2024-06-30": {
        "Tax Effect Of Unusual Items": 0.0,
        "Tax Rate For Calcs": 0.23,
        "Normalized EBITDA": 23704000.0,
        "Net Income From Continuing Operation Net Minority Interest": 2916000.0,
        "Reconciled Depreciation": 15504000.0,
        "Reconciled Cost Of Revenue": 15557000.0,
        "EBITDA": 23704000.0,
        "EBIT": 8200000.0,
        "Net Interest Income": -1091000.0,
        "Interest Expense": 2934000.0,
        "Interest Income": 1843000.0,
        "Normalized Income": 2916000.0,
        "Net Income From Continuing And Discontinued Operation": 2916000.0,
        "Total Expenses": 82220000.0,
        "Total Operating Income As Reported": 6357000.0,
        "Diluted Average Shares": 71061553.0,
        "Basic Average Shares": 69564068.0,
        "Diluted EPS": 0.04,
        "Basic EPS": 0.04,
        "Diluted NI Availto Com Stockholders": 2916000.0,
        "Net Income Common Stockholders": 2916000.0,
        "Otherunder Preferred Stock Dividend": 0.0,
        "Net Income": 2916000.0,
        "Net Income Including Noncontrolling Interests": 2916000.0,
        "Net Income Continuous Operations": 2916000.0,
        "Tax Provision": 2350000.0,
        "Pretax Income": 5266000.0,
        "Net Non Operating Interest Income Expense": -1091000.0,
        "Interest Expense Non Operating": 2934000.0,
        "Interest Income Non Operating": 1843000.0,
        "Operating Income": 6357000.0,
        "Operating Expense": 66663000.0,
        "Other Operating Expenses": 1488000.0,
        "Depreciation And Amortization In Income Statement": 15504000.0,
        "Depreciation Income Statement": 15504000.0,
        "Research And Development": 12531000.0,
        "Selling General And Administration": 37140000.0,
        "Selling And Marketing Expense": 29580000.0,
        "General And Administrative Expense": 7560000.0,
        "Gross Profit": 73020000.0,
        "Cost Of Revenue": 15557000.0,
        "Total Revenue": 88577000.0,
        "Operating Revenue": 88577000.0
    },
    "2024-03-31": {
        "Tax Effect Of Unusual Items": 0.0,
        "Tax Rate For Calcs": 0.031695,
        "Normalized EBITDA": 11664000.0,
        "Net Income From Continuing Operation Net Minority Interest": -6874000.0,
        "Reconciled Depreciation": 15793000.0,
        "Reconciled Cost Of Revenue": 14538000.0,
        "EBITDA": 11664000.0,
        "EBIT": -4129000.0,
        "Net Interest Income": -545000.0,
        "Interest Expense": 2970000.0,
        "Interest Income": 2425000.0,
        "Normalized Income": -6874000.0,
        "Net Income From Continuing And Discontinued Operation": -6874000.0,
        "Total Expenses": 80986000.0,
        "Total Operating Income As Reported": -6554000.0,
        "Diluted Average Shares": 72250000.0,
        "Basic Average Shares": 68740000.0,
        "Diluted EPS": -0.1,
        "Basic EPS": -0.1,
        "Diluted NI Availto Com Stockholders": -6874000.0,
        "Net Income Common Stockholders": -6874000.0,
        "Otherunder Preferred Stock Dividend": 0.0,
        "Net Income": -6874000.0,
        "Net Income Including Noncontrolling Interests": -6874000.0,
        "Net Income Continuous Operations": -6874000.0,
        "Tax Provision": -225000.0,
        "Pretax Income": -7099000.0,
        "Net Non Operating Interest Income Expense": -545000.0,
        "Interest Expense Non Operating": 2970000.0,
        "Interest Income Non Operating": 2425000.0,
        "Operating Income": -6554000.0,
        "Operating Expense": 66448000.0,
        "Other Operating Expenses": NaN,
        "Depreciation And Amortization In Income Statement": 15793000.0,
        "Depreciation Income Statement": 15793000.0,
        "Research And Development": 12381000.0,
        "Selling General And Administration": 38274000.0,
        "Selling And Marketing Expense": 27134000.0,
        "General And Administrative Expense": 11140000.0,
        "Gross Profit": 59894000.0,
        "Cost Of Revenue": 14538000.0,
        "Total Revenue": 74432000.0,
        "Operating Revenue": 74432000.0
    },
    "2024-09-30": {
        "Tax Effect Of Unusual Items": NaN,
        "Tax Rate For Calcs": NaN,
        "Normalized EBITDA": NaN,
        "Net Income From Continuing Operation Net Minority Interest": NaN,
        "Reconciled Depreciation": NaN,
        "Reconciled Cost Of Revenue": NaN,
        "EBITDA": NaN,
        "EBIT": NaN,
        "Net Interest Income": NaN,
        "Interest Expense": NaN,
        "Interest Income": NaN,
        "Normalized Income": NaN,
        "Net Income From Continuing And Discontinued Operation": NaN,
        "Total Expenses": NaN,
        "Total Operating Income As Reported": NaN,
        "Diluted Average Shares": 72705000.0,
        "Basic Average Shares": 66095455.0,
        "Diluted EPS": 0.2,
        "Basic EPS": 0.22,
        "Diluted NI Availto Com Stockholders": NaN,
        "Net Income Common Stockholders": NaN,
        "Otherunder Preferred Stock Dividend": NaN,
        "Net Income": NaN,
        "Net Income Including Noncontrolling Interests": NaN,
        "Net Income Continuous Operations": NaN,
        "Tax Provision": NaN,
        "Pretax Income": NaN,
        "Net Non Operating Interest Income Expense": NaN,
        "Interest Expense Non Operating": NaN,
        "Interest Income Non Operating": NaN,
        "Operating Income": NaN,
        "Operating Expense": NaN,
        "Other Operating Expenses": NaN,
        "Depreciation And Amortization In Income Statement": NaN,
        "Depreciation Income Statement": NaN,
        "Research And Development": NaN,
        "Selling General And Administration": NaN,
        "Selling And Marketing Expense": NaN,
        "General And Administrative Expense": NaN,
        "Gross Profit": NaN,
        "Cost Of Revenue": NaN,
        "Total Revenue": NaN,
        "Operating Revenue": NaN
    }
}