{
    "2023-03-31": {
        "Tax Effect Of Unusual Items": 0.0,
        "Tax Rate For Calcs": 0.0,
        "Normalized EBITDA": -26684000.0,
        "Total Unusual Items": -367000.0,
        "Total Unusual Items Excluding Goodwill": -367000.0,
        "Net Income From Continuing Operation Net Minority Interest": -27347000.0,
        "Reconciled Depreciation": 296000.0,
        "Reconciled Cost Of Revenue": 375000.0,
        "EBITDA": -27051000.0,
        "EBIT": -27347000.0,
        "Net Interest Income": 0.0,
        "Interest Expense": 0.0,
        "Interest Income": NaN,
        "Normalized Income": -26980000.0,
        "Net Income From Continuing And Discontinued Operation": -27347000.0,
        "Total Expenses": 27110000.0,
        "Rent Expense Supplemental": NaN,
        "Total Operating Income As Reported": -27110000.0,
        "Diluted Average Shares": 146931000.0,
        "Basic Average Shares": 146931000.0,
        "Diluted EPS": -0.23,
        "Basic EPS": -0.23,
        "Diluted NI Availto Com Stockholders": -34047000.0,
        "Net Income Common Stockholders": -34047000.0,
        "Preferred Stock Dividends": 6700000.0,
        "Net Income": -27347000.0,
        "Minority Interests": 0.0,
        "Net Income Including Noncontrolling Interests": -27347000.0,
        "Net Income Continuous Operations": -27347000.0,
        "Pretax Income": -27347000.0,
        "Other Income Expense": -237000.0,
        "Other Non Operating Income Expenses": 130000.0,
        "Special Income Charges": 0.0,
        "Other Special Charges": NaN,
        "Gain On Sale Of Security": -367000.0,
        "Net Non Operating Interest Income Expense": 0.0,
        "Interest Expense Non Operating": 0.0,
        "Interest Income Non Operating": NaN,
        "Operating Income": -27110000.0,
        "Operating Expense": 26735000.0,
        "Research And Development": 464000.0,
        "Selling General And Administration": 26271000.0,
        "General And Administrative Expense": 26271000.0,
        "Other Gand A": 26271000.0,
        "Rent And Landing Fees": NaN,
        "Gross Profit": -375000.0,
        "Cost Of Revenue": 375000.0,
        "Total Revenue": 0.0,
        "Operating Revenue": 0.0
    },
    "2022-12-31": {
        "Tax Effect Of Unusual Items": NaN,
        "Tax Rate For Calcs": NaN,
        "Normalized EBITDA": NaN,
        "Total Unusual Items": NaN,
        "Total Unusual Items Excluding Goodwill": NaN,
        "Net Income From Continuing Operation Net Minority Interest": NaN,
        "Reconciled Depreciation": NaN,
        "Reconciled Cost Of Revenue": NaN,
        "EBITDA": NaN,
        "EBIT": NaN,
        "Net Interest Income": NaN,
        "Interest Expense": NaN,
        "Interest Income": NaN,
        "Normalized Income": NaN,
        "Net Income From Continuing And Discontinued Operation": NaN,
        "Total Expenses": NaN,
        "Rent Expense Supplemental": 311000.0,
        "Total Operating Income As Reported": NaN,
        "Diluted Average Shares": NaN,
        "Basic Average Shares": NaN,
        "Diluted EPS": NaN,
        "Basic EPS": NaN,
        "Diluted NI Availto Com Stockholders": NaN,
        "Net Income Common Stockholders": NaN,
        "Preferred Stock Dividends": 6505000.0,
        "Net Income": NaN,
        "Minority Interests": NaN,
        "Net Income Including Noncontrolling Interests": NaN,
        "Net Income Continuous Operations": NaN,
        "Pretax Income": NaN,
        "Other Income Expense": NaN,
        "Other Non Operating Income Expenses": NaN,
        "Special Income Charges": NaN,
        "Other Special Charges": NaN,
        "Gain On Sale Of Security": NaN,
        "Net Non Operating Interest Income Expense": NaN,
        "Interest Expense Non Operating": NaN,
        "Interest Income Non Operating": NaN,
        "Operating Income": NaN,
        "Operating Expense": NaN,
        "Research And Development": NaN,
        "Selling General And Administration": NaN,
        "General And Administrative Expense": NaN,
        "Other Gand A": NaN,
        "Rent And Landing Fees": 311000.0,
        "Gross Profit": NaN,
        "Cost Of Revenue": NaN,
        "Total Revenue": NaN,
        "Operating Revenue": NaN
    },
    "2022-09-30": {
        "Tax Effect Of Unusual Items": NaN,
        "Tax Rate For Calcs": NaN,
        "Normalized EBITDA": NaN,
        "Total Unusual Items": NaN,
        "Total Unusual Items Excluding Goodwill": NaN,
        "Net Income From Continuing Operation Net Minority Interest": NaN,
        "Reconciled Depreciation": NaN,
        "Reconciled Cost Of Revenue": NaN,
        "EBITDA": NaN,
        "EBIT": NaN,
        "Net Interest Income": 0.0,
        "Interest Expense": 0.0,
        "Interest Income": 0.0,
        "Normalized Income": NaN,
        "Net Income From Continuing And Discontinued Operation": NaN,
        "Total Expenses": NaN,
        "Rent Expense Supplemental": 299000.0,
        "Total Operating Income As Reported": NaN,
        "Diluted Average Shares": 129418000.0,
        "Basic Average Shares": 129418000.0,
        "Diluted EPS": -0.19,
        "Basic EPS": -0.19,
        "Diluted NI Availto Com Stockholders": NaN,
        "Net Income Common Stockholders": NaN,
        "Preferred Stock Dividends": NaN,
        "Net Income": NaN,
        "Minority Interests": 0.0,
        "Net Income Including Noncontrolling Interests": NaN,
        "Net Income Continuous Operations": NaN,
        "Pretax Income": NaN,
        "Other Income Expense": NaN,
        "Other Non Operating Income Expenses": NaN,
        "Special Income Charges": NaN,
        "Other Special Charges": NaN,
        "Gain On Sale Of Security": NaN,
        "Net Non Operating Interest Income Expense": 0.0,
        "Interest Expense Non Operating": 0.0,
        "Interest Income Non Operating": 0.0,
        "Operating Income": NaN,
        "Operating Expense": NaN,
        "Research And Development": NaN,
        "Selling General And Administration": NaN,
        "General And Administrative Expense": NaN,
        "Other Gand A": NaN,
        "Rent And Landing Fees": 299000.0,
        "Gross Profit": NaN,
        "Cost Of Revenue": NaN,
        "Total Revenue": NaN,
        "Operating Revenue": NaN
    },
    "2022-06-30": {
        "Tax Effect Of Unusual Items": 0.0,
        "Tax Rate For Calcs": 0.0,
        "Normalized EBITDA": -14472000.0,
        "Total Unusual Items": 1886000.0,
        "Total Unusual Items Excluding Goodwill": 1886000.0,
        "Net Income From Continuing Operation Net Minority Interest": -10912000.0,
        "Reconciled Depreciation": 232000.0,
        "Reconciled Cost Of Revenue": 42000.0,
        "EBITDA": -12586000.0,
        "EBIT": -12818000.0,
        "Normalized Income": -12798000.0,
        "Net Income From Continuing And Discontinued Operation": -10912000.0,
        "Total Expenses": 12818000.0,
        "Rent Expense Supplemental": 290000.0,
        "Total Operating Income As Reported": -12818000.0,
        "Diluted Average Shares": 126314000.0,
        "Basic Average Shares": 126314000.0,
        "Diluted EPS": -0.13,
        "Basic EPS": -0.13,
        "Diluted NI Availto Com Stockholders": -16686000.0,
        "Net Income Common Stockholders": -16686000.0,
        "Preferred Stock Dividends": 5774000.0,
        "Net Income": -10912000.0,
        "Net Income Including Noncontrolling Interests": -10912000.0,
        "Net Income Continuous Operations": -10912000.0,
        "Pretax Income": -10912000.0,
        "Other Income Expense": 1906000.0,
        "Other Non Operating Income Expenses": 20000.0,
        "Gain On Sale Of Security": 1886000.0,
        "Operating Income": -12818000.0,
        "Operating Expense": 12776000.0,
        "Research And Development": 1193000.0,
        "Selling General And Administration": 11583000.0,
        "General And Administrative Expense": 11583000.0,
        "Other Gand A": 11293000.0,
        "Rent And Landing Fees": 290000.0,
        "Gross Profit": -42000.0,
        "Cost Of Revenue": 42000.0,
        "Total Revenue": 0.0,
        "Operating Revenue": 0.0
    },
    "2022-03-31": {
        "Diluted EPS": -0.14,
        "Total Revenue": NaN,
        "Gross Profit": 0,
        "Operating Income": -5,
        "EBIT": -5,
        "Net Income": -17
    },
    "2021-12-31": {
        "Diluted EPS": -0.12,
        "Total Revenue": NaN,
        "Gross Profit": 0,
        "Operating Income": -8,
        "EBIT": -7,
        "Net Income": -13
    },
    "2021-09-30": {
        "Diluted EPS": -0.03,
        "Total Revenue": NaN,
        "Gross Profit": 0,
        "Operating Income": -3,
        "EBIT": -3,
        "Net Income": -4
    },
    "2021-06-30": {
        "Diluted EPS": -0.13,
        "Total Revenue": NaN,
        "Gross Profit": 0,
        "Operating Income": -7,
        "EBIT": -6,
        "Net Income": -15
    },
    "2021-03-31": {
        "Diluted EPS": -0.06,
        "Total Revenue": NaN,
        "Gross Profit": 0,
        "Operating Income": -2,
        "EBIT": -1,
        "Net Income": -8
    },
    "2020-12-31": {
        "Diluted EPS": -0.05,
        "Total Revenue": NaN,
        "Gross Profit": 0,
        "Operating Income": -4,
        "EBIT": -3,
        "Net Income": -6
    },
    "2020-09-30": {
        "Diluted EPS": -0.09,
        "Total Revenue": NaN,
        "Gross Profit": 0,
        "Operating Income": -6,
        "EBIT": -5,
        "Net Income": -11
    },
    "2020-06-30": {
        "Diluted EPS": -0.08,
        "Total Revenue": NaN,
        "Gross Profit": 0,
        "Operating Income": -5,
        "EBIT": -4,
        "Net Income": -9
    },
    "2020-03-31": {
        "Diluted EPS": -0.02,
        "Total Revenue": NaN,
        "Gross Profit": 0,
        "Operating Income": -7,
        "EBIT": -7,
        "Net Income": -3
    },
    "2019-12-31": {
        "Diluted EPS": -0.16,
        "Total Revenue": NaN,
        "Gross Profit": 0,
        "Operating Income": -13,
        "EBIT": -12,
        "Net Income": -17
    },
    "2019-09-30": {
        "Diluted EPS": -0.06,
        "Total Revenue": NaN,
        "Gross Profit": -1,
        "Operating Income": -4,
        "EBIT": -4,
        "Net Income": -6
    },
    "2019-06-30": {
        "Diluted EPS": -0.07,
        "Total Revenue": NaN,
        "Gross Profit": -11,
        "Operating Income": -6,
        "EBIT": -5,
        "Net Income": -7
    },
    "2019-03-31": {
        "Diluted EPS": -0.16,
        "Total Revenue": NaN,
        "Gross Profit": 0,
        "Operating Income": -12,
        "EBIT": -12,
        "Net Income": -18
    },
    "2018-12-31": {
        "Diluted EPS": -0.13,
        "Total Revenue": NaN,
        "Gross Profit": -2,
        "Operating Income": -12,
        "EBIT": -12,
        "Net Income": -13
    },
    "2018-09-30": {
        "Diluted EPS": -0.1,
        "Total Revenue": NaN,
        "Gross Profit": -5,
        "Operating Income": -11,
        "EBIT": -11,
        "Net Income": -11
    },
    "2018-06-30": {
        "Diluted EPS": -0.03,
        "Total Revenue": NaN,
        "Gross Profit": 0,
        "Operating Income": -4,
        "EBIT": -4,
        "Net Income": -3
    },
    "2018-03-31": {
        "Diluted EPS": -0.15,
        "Total Revenue": NaN,
        "Gross Profit": 0,
        "Operating Income": -16,
        "EBIT": -16,
        "Net Income": -16
    },
    "2017-12-31": {
        "Diluted EPS": -0.16,
        "Total Revenue": NaN,
        "Gross Profit": 0,
        "Operating Income": -16,
        "EBIT": -16,
        "Net Income": -16
    },
    "2017-09-30": {
        "Diluted EPS": -0.14,
        "Total Revenue": NaN,
        "Gross Profit": 0,
        "Operating Income": -14,
        "EBIT": -14,
        "Net Income": -14
    },
    "2017-06-30": {
        "Diluted EPS": -0.03,
        "Total Revenue": NaN,
        "Gross Profit": 0,
        "Operating Income": -3,
        "EBIT": -2,
        "Net Income": -2
    },
    "2017-03-31": {
        "Diluted EPS": -0.02,
        "Total Revenue": NaN,
        "Gross Profit": 0,
        "Operating Income": -2,
        "EBIT": -2,
        "Net Income": -2
    },
    "2016-12-31": {
        "Diluted EPS": -0.03,
        "Total Revenue": NaN,
        "Gross Profit": 0,
        "Operating Income": -6,
        "EBIT": -6,
        "Net Income": -6
    },
    "2016-09-30": {
        "Diluted EPS": -0.02,
        "Total Revenue": NaN,
        "Gross Profit": 0,
        "Operating Income": -2,
        "EBIT": -2,
        "Net Income": -2
    },
    "2016-06-30": {
        "Diluted EPS": -0.01,
        "Total Revenue": NaN,
        "Gross Profit": NaN,
        "Operating Income": 0,
        "EBIT": 0,
        "Net Income": 0
    },
    "2016-03-31": {
        "Diluted EPS": -0.03,
        "Total Revenue": NaN,
        "Gross Profit": NaN,
        "Operating Income": 0,
        "EBIT": 0,
        "Net Income": 0
    },
    "2015-12-31": {
        "Diluted EPS": -0.1,
        "Total Revenue": NaN,
        "Gross Profit": NaN,
        "Operating Income": -8,
        "EBIT": -8,
        "Net Income": -8
    },
    "2015-09-30": {
        "Diluted EPS": -0.02,
        "Total Revenue": NaN,
        "Gross Profit": NaN,
        "Operating Income": 0,
        "EBIT": 0,
        "Net Income": 0
    },
    "2015-06-30": {
        "Diluted EPS": -0.02,
        "Total Revenue": NaN,
        "Gross Profit": NaN,
        "Operating Income": 0,
        "EBIT": 0,
        "Net Income": 0
    },
    "2015-03-31": {
        "Diluted EPS": 0.0,
        "Total Revenue": NaN,
        "Gross Profit": NaN,
        "Operating Income": 0,
        "EBIT": 0,
        "Net Income": 0
    },
    "2014-12-31": {
        "Diluted EPS": 0.0,
        "Total Revenue": NaN,
        "Gross Profit": NaN,
        "Operating Income": NaN,
        "EBIT": NaN,
        "Net Income": NaN
    },
    "2023-06-30": {
        "Tax Effect Of Unusual Items": 0.0,
        "Tax Rate For Calcs": 0.0,
        "Normalized EBITDA": 65631000.0,
        "Total Unusual Items": -92905000.0,
        "Total Unusual Items Excluding Goodwill": -92905000.0,
        "Net Income From Continuing Operation Net Minority Interest": -120289000.0,
        "Reconciled Depreciation": 302000.0,
        "Reconciled Cost Of Revenue": 38000.0,
        "EBITDA": -27274000.0,
        "EBIT": -27576000.0,
        "Net Interest Income": NaN,
        "Interest Expense": NaN,
        "Interest Income": NaN,
        "Normalized Income": -27384000.0,
        "Net Income From Continuing And Discontinued Operation": -120289000.0,
        "Total Expenses": 27576000.0,
        "Rent Expense Supplemental": 325000.0,
        "Total Operating Income As Reported": -27576000.0,
        "Diluted Average Shares": 150933000.0,
        "Basic Average Shares": 150933000.0,
        "Diluted EPS": -0.84,
        "Basic EPS": -0.84,
        "Diluted NI Availto Com Stockholders": -127043000.0,
        "Net Income Common Stockholders": -127043000.0,
        "Preferred Stock Dividends": 6754000.0,
        "Net Income": -120289000.0,
        "Minority Interests": NaN,
        "Net Income Including Noncontrolling Interests": -120289000.0,
        "Net Income Continuous Operations": -120289000.0,
        "Pretax Income": -120289000.0,
        "Other Income Expense": -92713000.0,
        "Other Non Operating Income Expenses": 192000.0,
        "Special Income Charges": NaN,
        "Other Special Charges": NaN,
        "Gain On Sale Of Security": -92905000.0,
        "Net Non Operating Interest Income Expense": NaN,
        "Interest Expense Non Operating": NaN,
        "Interest Income Non Operating": NaN,
        "Operating Income": -27576000.0,
        "Operating Expense": 27538000.0,
        "Research And Development": 418000.0,
        "Selling General And Administration": 27120000.0,
        "General And Administrative Expense": 27120000.0,
        "Other Gand A": 26795000.0,
        "Rent And Landing Fees": 325000.0,
        "Gross Profit": -38000.0,
        "Cost Of Revenue": 38000.0,
        "Total Revenue": 0.0,
        "Operating Revenue": 0.0
    },
    "2023-09-30": {
        "Tax Effect Of Unusual Items": 51149070.0,
        "Tax Rate For Calcs": 0.21,
        "Normalized EBITDA": -29098000.0,
        "Total Unusual Items": 243567000.0,
        "Total Unusual Items Excluding Goodwill": 243567000.0,
        "Net Income From Continuing Operation Net Minority Interest": 114640000.0,
        "Reconciled Depreciation": 89000.0,
        "Reconciled Cost Of Revenue": 42000.0,
        "EBITDA": 214469000.0,
        "EBIT": 214380000.0,
        "Net Interest Income": -31570000.0,
        "Interest Expense": 32536000.0,
        "Interest Income": 966000.0,
        "Normalized Income": -77777930.0,
        "Net Income From Continuing And Discontinued Operation": 114640000.0,
        "Total Expenses": 35835000.0,
        "Rent Expense Supplemental": 2582000.0,
        "Total Operating Income As Reported": -35835000.0,
        "Diluted Average Shares": 226336000.0,
        "Basic Average Shares": 222466000.0,
        "Diluted EPS": 0.48,
        "Basic EPS": 0.48,
        "Diluted NI Availto Com Stockholders": 107610000.0,
        "Net Income Common Stockholders": 107610000.0,
        "Preferred Stock Dividends": 7030000.0,
        "Net Income": 114640000.0,
        "Minority Interests": -67204000.0,
        "Net Income Including Noncontrolling Interests": 181844000.0,
        "Net Income Continuous Operations": 181844000.0,
        "Pretax Income": 181844000.0,
        "Other Income Expense": 249249000.0,
        "Other Non Operating Income Expenses": 5682000.0,
        "Special Income Charges": NaN,
        "Other Special Charges": NaN,
        "Gain On Sale Of Security": 243567000.0,
        "Net Non Operating Interest Income Expense": -31570000.0,
        "Interest Expense Non Operating": 32536000.0,
        "Interest Income Non Operating": 966000.0,
        "Operating Income": -35835000.0,
        "Operating Expense": 35793000.0,
        "Research And Development": 1083000.0,
        "Selling General And Administration": 34710000.0,
        "General And Administrative Expense": 34710000.0,
        "Other Gand A": 32128000.0,
        "Rent And Landing Fees": 2582000.0,
        "Gross Profit": -42000.0,
        "Cost Of Revenue": 42000.0,
        "Total Revenue": 0.0,
        "Operating Revenue": 0.0
    },
    "2023-12-31": {
        "Tax Effect Of Unusual Items": 0.0,
        "Tax Rate For Calcs": 0.0,
        "Normalized EBITDA": -29129000.0,
        "Total Unusual Items": -206509000.0,
        "Total Unusual Items Excluding Goodwill": -206509000.0,
        "Net Income From Continuing Operation Net Minority Interest": -129265000.0,
        "Reconciled Depreciation": 2461000.0,
        "Reconciled Cost Of Revenue": 51000.0,
        "EBITDA": -235638000.0,
        "EBIT": -238099000.0,
        "Net Interest Income": -19078000.0,
        "Interest Expense": 17749000.0,
        "Interest Income": NaN,
        "Normalized Income": 77244000.0,
        "Net Income From Continuing And Discontinued Operation": -129265000.0,
        "Total Expenses": 32146000.0,
        "Rent Expense Supplemental": 2896000.0,
        "Total Operating Income As Reported": -32146000.0,
        "Diluted Average Shares": NaN,
        "Basic Average Shares": NaN,
        "Diluted EPS": NaN,
        "Basic EPS": NaN,
        "Diluted NI Availto Com Stockholders": -129265000.0,
        "Net Income Common Stockholders": -129265000.0,
        "Preferred Stock Dividends": 0.0,
        "Net Income": -129265000.0,
        "Minority Interests": 126583000.0,
        "Net Income Including Noncontrolling Interests": -255848000.0,
        "Net Income Continuous Operations": -255848000.0,
        "Pretax Income": -255848000.0,
        "Other Income Expense": -204624000.0,
        "Other Non Operating Income Expenses": 1885000.0,
        "Special Income Charges": NaN,
        "Other Special Charges": NaN,
        "Gain On Sale Of Security": -196978000.0,
        "Net Non Operating Interest Income Expense": -19078000.0,
        "Interest Expense Non Operating": 17749000.0,
        "Interest Income Non Operating": NaN,
        "Operating Income": -32146000.0,
        "Operating Expense": 32095000.0,
        "Research And Development": 2926000.0,
        "Selling General And Administration": 29169000.0,
        "General And Administrative Expense": 29169000.0,
        "Other Gand A": 26273000.0,
        "Rent And Landing Fees": 2896000.0,
        "Gross Profit": -51000.0,
        "Cost Of Revenue": 51000.0,
        "Total Revenue": 0.0,
        "Operating Revenue": 0.0
    },
    "2024-03-31": {
        "Tax Effect Of Unusual Items": 99966400.0,
        "Tax Rate For Calcs": 0.4,
        "Normalized EBITDA": -36254000.0,
        "Total Unusual Items": 249916000.0,
        "Total Unusual Items Excluding Goodwill": 249916000.0,
        "Net Income From Continuing Operation Net Minority Interest": 28346000.0,
        "Reconciled Depreciation": 1408000.0,
        "Reconciled Cost Of Revenue": 3103000.0,
        "EBITDA": 213662000.0,
        "EBIT": 212254000.0,
        "Net Interest Income": -25479000.0,
        "Interest Expense": 25479000.0,
        "Interest Income": NaN,
        "Normalized Income": -121603600.0,
        "Net Income From Continuing And Discontinued Operation": 28346000.0,
        "Total Expenses": 38117000.0,
        "Rent Expense Supplemental": NaN,
        "Total Operating Income As Reported": -38117000.0,
        "Diluted Average Shares": 266886000.0,
        "Basic Average Shares": 256707000.0,
        "Diluted EPS": 0.11,
        "Basic EPS": 0.11,
        "Diluted NI Availto Com Stockholders": 28346000.0,
        "Net Income Common Stockholders": 28346000.0,
        "Preferred Stock Dividends": NaN,
        "Net Income": 28346000.0,
        "Minority Interests": -158429000.0,
        "Net Income Including Noncontrolling Interests": 186775000.0,
        "Net Income Continuous Operations": 186775000.0,
        "Pretax Income": 186775000.0,
        "Other Income Expense": 250371000.0,
        "Other Non Operating Income Expenses": 455000.0,
        "Special Income Charges": -7440000.0,
        "Other Special Charges": 7440000.0,
        "Gain On Sale Of Security": 257356000.0,
        "Net Non Operating Interest Income Expense": -25479000.0,
        "Interest Expense Non Operating": 25479000.0,
        "Interest Income Non Operating": NaN,
        "Operating Income": -38117000.0,
        "Operating Expense": 35014000.0,
        "Research And Development": 2509000.0,
        "Selling General And Administration": 32505000.0,
        "General And Administrative Expense": 32505000.0,
        "Other Gand A": 32505000.0,
        "Rent And Landing Fees": NaN,
        "Gross Profit": -3103000.0,
        "Cost Of Revenue": 3103000.0,
        "Total Revenue": 0.0,
        "Operating Revenue": 0.0
    }
}