{
    "2023-12-31": {
        "Tax Effect Of Unusual Items": 0.0,
        "Tax Rate For Calcs": 0.0,
        "Normalized EBITDA": -19230091.0,
        "Total Unusual Items": -1082616.0,
        "Total Unusual Items Excluding Goodwill": -1082616.0,
        "Net Income From Continuing Operation Net Minority Interest": -20544297.0,
        "Reconciled Depreciation": 224210.0,
        "Reconciled Cost Of Revenue": 224210.0,
        "EBITDA": -20312707.0,
        "EBIT": -20536917.0,
        "Net Interest Income": 565620.0,
        "Interest Expense": 7380.0,
        "Interest Income": 573000.0,
        "Normalized Income": -19461681.0,
        "Net Income From Continuing And Discontinued Operation": -20544297.0,
        "Total Expenses": 22979583.0,
        "Total Operating Income As Reported": -22395463.0,
        "Diluted Average Shares": NaN,
        "Basic Average Shares": NaN,
        "Diluted EPS": NaN,
        "Basic EPS": NaN,
        "Diluted NI Availto Com Stockholders": -20544297.0,
        "Net Income Common Stockholders": -20544297.0,
        "Net Income": -20544297.0,
        "Net Income Including Noncontrolling Interests": -20544297.0,
        "Net Income Continuous Operations": -20544297.0,
        "Pretax Income": -20544297.0,
        "Other Income Expense": 1869666.0,
        "Other Non Operating Income Expenses": 3287829.0,
        "Special Income Charges": -1000237.0,
        "Gain On Sale Of Ppe": 0.0,
        "Other Special Charges": NaN,
        "Impairment Of Capital Assets": 0.0,
        "Earnings From Equity Interest": -335547.0,
        "Gain On Sale Of Security": -82379.0,
        "Net Non Operating Interest Income Expense": 565620.0,
        "Interest Expense Non Operating": 7380.0,
        "Interest Income Non Operating": 573000.0,
        "Operating Income": -22979583.0,
        "Operating Expense": 22755373.0,
        "Other Operating Expenses": 20876411.0,
        "Other Taxes": NaN,
        "Research And Development": 249512.0,
        "Selling General And Administration": 1045330.0,
        "General And Administrative Expense": 1045330.0,
        "Other Gand A": 416806.0,
        "Salaries And Wages": 628524.0,
        "Gross Profit": -224210.0,
        "Cost Of Revenue": 224210.0,
        "Total Revenue": 0.0,
        "Operating Revenue": 0.0
    },
    "2023-09-30": {
        "Tax Effect Of Unusual Items": 0.0,
        "Tax Rate For Calcs": 0.0,
        "Normalized EBITDA": -21717830.0,
        "Total Unusual Items": -1405648.0,
        "Total Unusual Items Excluding Goodwill": -1405648.0,
        "Net Income From Continuing Operation Net Minority Interest": -23357516.0,
        "Reconciled Depreciation": 226923.0,
        "Reconciled Cost Of Revenue": 226923.0,
        "EBITDA": -23123478.0,
        "EBIT": -23350401.0,
        "Net Interest Income": 571492.0,
        "Interest Expense": 7115.0,
        "Interest Income": 578607.0,
        "Normalized Income": -21951868.0,
        "Net Income From Continuing And Discontinued Operation": -23357516.0,
        "Total Expenses": 29502720.0,
        "Total Operating Income As Reported": -29502720.0,
        "Diluted Average Shares": 178224279.0,
        "Basic Average Shares": 178224279.0,
        "Diluted EPS": -0.13,
        "Basic EPS": -0.13,
        "Diluted NI Availto Com Stockholders": -23357516.0,
        "Net Income Common Stockholders": -23357516.0,
        "Net Income": -23357516.0,
        "Net Income Including Noncontrolling Interests": -23357516.0,
        "Net Income Continuous Operations": -23357516.0,
        "Pretax Income": -23357516.0,
        "Other Income Expense": 5573712.0,
        "Other Non Operating Income Expenses": 7256740.0,
        "Special Income Charges": 0.0,
        "Gain On Sale Of Ppe": 0.0,
        "Other Special Charges": NaN,
        "Impairment Of Capital Assets": 0.0,
        "Earnings From Equity Interest": -277380.0,
        "Gain On Sale Of Security": -1405648.0,
        "Net Non Operating Interest Income Expense": 571492.0,
        "Interest Expense Non Operating": 7115.0,
        "Interest Income Non Operating": 578607.0,
        "Operating Income": -29502720.0,
        "Operating Expense": 29275797.0,
        "Other Operating Expenses": 27353363.0,
        "Other Taxes": 0.0,
        "Research And Development": 350152.0,
        "Selling General And Administration": 1572282.0,
        "General And Administrative Expense": 1572282.0,
        "Other Gand A": 369164.0,
        "Salaries And Wages": 1203118.0,
        "Gross Profit": -226923.0,
        "Cost Of Revenue": 226923.0,
        "Total Revenue": 0.0,
        "Operating Revenue": 0.0
    },
    "2023-06-30": {
        "Tax Effect Of Unusual Items": NaN,
        "Tax Rate For Calcs": NaN,
        "Normalized EBITDA": NaN,
        "Total Unusual Items": NaN,
        "Total Unusual Items Excluding Goodwill": NaN,
        "Net Income From Continuing Operation Net Minority Interest": NaN,
        "Reconciled Depreciation": NaN,
        "Reconciled Cost Of Revenue": NaN,
        "EBITDA": NaN,
        "EBIT": NaN,
        "Net Interest Income": NaN,
        "Interest Expense": NaN,
        "Interest Income": NaN,
        "Normalized Income": NaN,
        "Net Income From Continuing And Discontinued Operation": NaN,
        "Total Expenses": NaN,
        "Total Operating Income As Reported": NaN,
        "Diluted Average Shares": 176008149.0,
        "Basic Average Shares": 176008149.0,
        "Diluted EPS": -0.09,
        "Basic EPS": -0.09,
        "Diluted NI Availto Com Stockholders": NaN,
        "Net Income Common Stockholders": NaN,
        "Net Income": NaN,
        "Net Income Including Noncontrolling Interests": NaN,
        "Net Income Continuous Operations": NaN,
        "Pretax Income": NaN,
        "Other Income Expense": NaN,
        "Other Non Operating Income Expenses": NaN,
        "Special Income Charges": 4204007.0,
        "Gain On Sale Of Ppe": 4212007.0,
        "Other Special Charges": NaN,
        "Impairment Of Capital Assets": 8000.0,
        "Earnings From Equity Interest": NaN,
        "Gain On Sale Of Security": NaN,
        "Net Non Operating Interest Income Expense": NaN,
        "Interest Expense Non Operating": NaN,
        "Interest Income Non Operating": NaN,
        "Operating Income": NaN,
        "Operating Expense": NaN,
        "Other Operating Expenses": NaN,
        "Other Taxes": 0.0,
        "Research And Development": NaN,
        "Selling General And Administration": NaN,
        "General And Administrative Expense": NaN,
        "Other Gand A": NaN,
        "Salaries And Wages": NaN,
        "Gross Profit": NaN,
        "Cost Of Revenue": NaN,
        "Total Revenue": NaN,
        "Operating Revenue": NaN
    },
    "2023-03-31": {
        "Tax Effect Of Unusual Items": NaN,
        "Tax Rate For Calcs": NaN,
        "Normalized EBITDA": NaN,
        "Total Unusual Items": NaN,
        "Total Unusual Items Excluding Goodwill": NaN,
        "Net Income From Continuing Operation Net Minority Interest": NaN,
        "Reconciled Depreciation": NaN,
        "Reconciled Cost Of Revenue": NaN,
        "EBITDA": NaN,
        "EBIT": NaN,
        "Net Interest Income": NaN,
        "Interest Expense": NaN,
        "Interest Income": NaN,
        "Normalized Income": NaN,
        "Net Income From Continuing And Discontinued Operation": NaN,
        "Total Expenses": NaN,
        "Total Operating Income As Reported": NaN,
        "Diluted Average Shares": 175377526.0,
        "Basic Average Shares": 175377526.0,
        "Diluted EPS": -0.11,
        "Basic EPS": -0.11,
        "Diluted NI Availto Com Stockholders": NaN,
        "Net Income Common Stockholders": NaN,
        "Net Income": NaN,
        "Net Income Including Noncontrolling Interests": NaN,
        "Net Income Continuous Operations": NaN,
        "Pretax Income": NaN,
        "Other Income Expense": NaN,
        "Other Non Operating Income Expenses": NaN,
        "Special Income Charges": NaN,
        "Gain On Sale Of Ppe": NaN,
        "Other Special Charges": NaN,
        "Impairment Of Capital Assets": NaN,
        "Earnings From Equity Interest": NaN,
        "Gain On Sale Of Security": NaN,
        "Net Non Operating Interest Income Expense": NaN,
        "Interest Expense Non Operating": NaN,
        "Interest Income Non Operating": NaN,
        "Operating Income": NaN,
        "Operating Expense": NaN,
        "Other Operating Expenses": NaN,
        "Other Taxes": 0.0,
        "Research And Development": NaN,
        "Selling General And Administration": NaN,
        "General And Administrative Expense": NaN,
        "Other Gand A": NaN,
        "Salaries And Wages": NaN,
        "Gross Profit": NaN,
        "Cost Of Revenue": NaN,
        "Total Revenue": NaN,
        "Operating Revenue": NaN
    },
    "2024-03-31": {
        "Tax Effect Of Unusual Items": 0.0,
        "Tax Rate For Calcs": 0.0,
        "Normalized EBITDA": -12763257.0,
        "Total Unusual Items": -197261.0,
        "Total Unusual Items Excluding Goodwill": -197261.0,
        "Net Income From Continuing Operation Net Minority Interest": -13182212.0,
        "Reconciled Depreciation": 214618.0,
        "Reconciled Cost Of Revenue": 214618.0,
        "EBITDA": -12960518.0,
        "EBIT": -13175136.0,
        "Net Interest Income": 809869.0,
        "Interest Expense": 7076.0,
        "Interest Income": 816945.0,
        "Normalized Income": -12984951.0,
        "Net Income From Continuing And Discontinued Operation": -13182212.0,
        "Total Expenses": 16801868.0,
        "Total Operating Income As Reported": -16513301.0,
        "Diluted Average Shares": 187534833.0,
        "Basic Average Shares": 187534833.0,
        "Diluted EPS": -0.07,
        "Basic EPS": -0.07,
        "Diluted NI Availto Com Stockholders": -13182212.0,
        "Net Income Common Stockholders": -13182212.0,
        "Net Income": -13182212.0,
        "Net Income Including Noncontrolling Interests": -13182212.0,
        "Net Income Continuous Operations": -13182212.0,
        "Pretax Income": -13182212.0,
        "Other Income Expense": 2809787.0,
        "Other Non Operating Income Expenses": 3406912.0,
        "Special Income Charges": NaN,
        "Gain On Sale Of Ppe": NaN,
        "Other Special Charges": NaN,
        "Impairment Of Capital Assets": NaN,
        "Earnings From Equity Interest": -399864.0,
        "Gain On Sale Of Security": -197261.0,
        "Net Non Operating Interest Income Expense": 809869.0,
        "Interest Expense Non Operating": 7076.0,
        "Interest Income Non Operating": 816945.0,
        "Operating Income": -16801868.0,
        "Operating Expense": 16587250.0,
        "Other Operating Expenses": 14601558.0,
        "Other Taxes": 288567.0,
        "Research And Development": 221703.0,
        "Selling General And Administration": 1475422.0,
        "General And Administrative Expense": 1475422.0,
        "Other Gand A": 381692.0,
        "Salaries And Wages": 1093730.0,
        "Gross Profit": -214618.0,
        "Cost Of Revenue": 214618.0,
        "Total Revenue": 0.0,
        "Operating Revenue": 0.0
    },
    "2022-12-31": {
        "Tax Effect Of Unusual Items": NaN,
        "Tax Rate For Calcs": NaN,
        "Normalized EBITDA": NaN,
        "Total Unusual Items": NaN,
        "Total Unusual Items Excluding Goodwill": NaN,
        "Net Income From Continuing Operation Net Minority Interest": NaN,
        "Reconciled Depreciation": NaN,
        "Reconciled Cost Of Revenue": NaN,
        "EBITDA": NaN,
        "EBIT": NaN,
        "Net Interest Income": NaN,
        "Interest Expense": NaN,
        "Interest Income": NaN,
        "Normalized Income": NaN,
        "Net Income From Continuing And Discontinued Operation": NaN,
        "Total Expenses": NaN,
        "Total Operating Income As Reported": NaN,
        "Diluted Average Shares": NaN,
        "Basic Average Shares": NaN,
        "Diluted EPS": NaN,
        "Basic EPS": NaN,
        "Diluted NI Availto Com Stockholders": NaN,
        "Net Income Common Stockholders": NaN,
        "Net Income": NaN,
        "Net Income Including Noncontrolling Interests": NaN,
        "Net Income Continuous Operations": NaN,
        "Pretax Income": NaN,
        "Other Income Expense": NaN,
        "Other Non Operating Income Expenses": NaN,
        "Special Income Charges": 12161.0,
        "Gain On Sale Of Ppe": 12161.0,
        "Other Special Charges": 0.0,
        "Impairment Of Capital Assets": 0.0,
        "Earnings From Equity Interest": NaN,
        "Gain On Sale Of Security": NaN,
        "Net Non Operating Interest Income Expense": NaN,
        "Interest Expense Non Operating": NaN,
        "Interest Income Non Operating": NaN,
        "Operating Income": NaN,
        "Operating Expense": NaN,
        "Other Operating Expenses": NaN,
        "Other Taxes": NaN,
        "Research And Development": NaN,
        "Selling General And Administration": NaN,
        "General And Administrative Expense": NaN,
        "Other Gand A": NaN,
        "Salaries And Wages": NaN,
        "Gross Profit": NaN,
        "Cost Of Revenue": NaN,
        "Total Revenue": NaN,
        "Operating Revenue": NaN
    },
    "2022-09-30": {
        "Tax Effect Of Unusual Items": NaN,
        "Tax Rate For Calcs": NaN,
        "Normalized EBITDA": NaN,
        "Total Unusual Items": NaN,
        "Total Unusual Items Excluding Goodwill": NaN,
        "Net Income From Continuing Operation Net Minority Interest": NaN,
        "Reconciled Depreciation": NaN,
        "Reconciled Cost Of Revenue": NaN,
        "EBITDA": NaN,
        "EBIT": NaN,
        "Net Interest Income": NaN,
        "Interest Expense": NaN,
        "Interest Income": NaN,
        "Normalized Income": NaN,
        "Net Income From Continuing And Discontinued Operation": NaN,
        "Total Expenses": NaN,
        "Total Operating Income As Reported": NaN,
        "Diluted Average Shares": 167865342.0,
        "Basic Average Shares": 167865342.0,
        "Diluted EPS": -0.11,
        "Basic EPS": -0.11,
        "Diluted NI Availto Com Stockholders": NaN,
        "Net Income Common Stockholders": NaN,
        "Net Income": NaN,
        "Net Income Including Noncontrolling Interests": NaN,
        "Net Income Continuous Operations": NaN,
        "Pretax Income": NaN,
        "Other Income Expense": NaN,
        "Other Non Operating Income Expenses": NaN,
        "Special Income Charges": 2027.0,
        "Gain On Sale Of Ppe": 0.0,
        "Other Special Charges": -2027.0,
        "Impairment Of Capital Assets": 0.0,
        "Earnings From Equity Interest": NaN,
        "Gain On Sale Of Security": NaN,
        "Net Non Operating Interest Income Expense": NaN,
        "Interest Expense Non Operating": NaN,
        "Interest Income Non Operating": NaN,
        "Operating Income": NaN,
        "Operating Expense": NaN,
        "Other Operating Expenses": NaN,
        "Other Taxes": NaN,
        "Research And Development": NaN,
        "Selling General And Administration": NaN,
        "General And Administrative Expense": NaN,
        "Other Gand A": NaN,
        "Salaries And Wages": NaN,
        "Gross Profit": NaN,
        "Cost Of Revenue": NaN,
        "Total Revenue": NaN,
        "Operating Revenue": NaN
    },
    "2024-06-30": {
        "Tax Effect Of Unusual Items": 0.0,
        "Tax Rate For Calcs": 0.0,
        "Normalized EBITDA": -9387419.0,
        "Total Unusual Items": -2497178.0,
        "Total Unusual Items Excluding Goodwill": -2497178.0,
        "Net Income From Continuing Operation Net Minority Interest": -12094882.0,
        "Reconciled Depreciation": 204662.0,
        "Reconciled Cost Of Revenue": 204662.0,
        "EBITDA": -11884597.0,
        "EBIT": -12089259.0,
        "Net Interest Income": 820329.0,
        "Interest Expense": 5623.0,
        "Interest Income": 825952.0,
        "Normalized Income": -9597704.0,
        "Net Income From Continuing And Discontinued Operation": -12094882.0,
        "Total Expenses": 12577079.0,
        "Total Operating Income As Reported": -12236607.0,
        "Diluted Average Shares": 191356562.0,
        "Basic Average Shares": 191356562.0,
        "Diluted EPS": -0.06,
        "Basic EPS": -0.06,
        "Diluted NI Availto Com Stockholders": -12094882.0,
        "Net Income Common Stockholders": -12094882.0,
        "Net Income": -12094882.0,
        "Net Income Including Noncontrolling Interests": -12094882.0,
        "Net Income Continuous Operations": -12094882.0,
        "Pretax Income": -12094882.0,
        "Other Income Expense": -338132.0,
        "Other Non Operating Income Expenses": 2499562.0,
        "Special Income Charges": -1750100.0,
        "Gain On Sale Of Ppe": 0.0,
        "Other Special Charges": 1750100.0,
        "Impairment Of Capital Assets": 0.0,
        "Earnings From Equity Interest": -340516.0,
        "Gain On Sale Of Security": -747078.0,
        "Net Non Operating Interest Income Expense": 820329.0,
        "Interest Expense Non Operating": 5623.0,
        "Interest Income Non Operating": 825952.0,
        "Operating Income": -12577079.0,
        "Operating Expense": 12372417.0,
        "Other Operating Expenses": 10425595.0,
        "Other Taxes": 340472.0,
        "Research And Development": 167413.0,
        "Selling General And Administration": 1438937.0,
        "General And Administrative Expense": 1438937.0,
        "Other Gand A": 441599.0,
        "Salaries And Wages": 997338.0,
        "Gross Profit": -204662.0,
        "Cost Of Revenue": 204662.0,
        "Total Revenue": 0.0,
        "Operating Revenue": 0.0
    },
    "2024-09-30": {
        "Tax Effect Of Unusual Items": 0.0,
        "Tax Rate For Calcs": 0.0,
        "Normalized EBITDA": -11122103.0,
        "Total Unusual Items": -259574.0,
        "Total Unusual Items Excluding Goodwill": -259574.0,
        "Net Income From Continuing Operation Net Minority Interest": -11583666.0,
        "Reconciled Depreciation": 195958.0,
        "Reconciled Cost Of Revenue": 195958.0,
        "EBITDA": -11381677.0,
        "EBIT": -11577635.0,
        "Net Interest Income": 724710.0,
        "Interest Expense": 6031.0,
        "Interest Income": 730741.0,
        "Normalized Income": -11324092.0,
        "Net Income From Continuing And Discontinued Operation": -11583666.0,
        "Total Expenses": 14916133.0,
        "Total Operating Income As Reported": -14725993.0,
        "Diluted Average Shares": 198019407.0,
        "Basic Average Shares": 198019407.0,
        "Diluted EPS": -0.06,
        "Basic EPS": -0.06,
        "Diluted NI Availto Com Stockholders": -11583666.0,
        "Net Income Common Stockholders": -11583666.0,
        "Net Income": -11583666.0,
        "Net Income Including Noncontrolling Interests": -11583666.0,
        "Net Income Continuous Operations": -11583666.0,
        "Pretax Income": -11583666.0,
        "Other Income Expense": 2607757.0,
        "Other Non Operating Income Expenses": 3189263.0,
        "Special Income Charges": 0.0,
        "Gain On Sale Of Ppe": 0.0,
        "Other Special Charges": NaN,
        "Impairment Of Capital Assets": 0.0,
        "Earnings From Equity Interest": -321932.0,
        "Gain On Sale Of Security": -259574.0,
        "Net Non Operating Interest Income Expense": 724710.0,
        "Interest Expense Non Operating": 6031.0,
        "Interest Income Non Operating": 730741.0,
        "Operating Income": -14916133.0,
        "Operating Expense": 14720175.0,
        "Other Operating Expenses": 13183873.0,
        "Other Taxes": 190140.0,
        "Research And Development": 192858.0,
        "Selling General And Administration": 1153304.0,
        "General And Administrative Expense": 1153304.0,
        "Other Gand A": 362187.0,
        "Salaries And Wages": 791117.0,
        "Gross Profit": -195958.0,
        "Cost Of Revenue": 195958.0,
        "Total Revenue": 0.0,
        "Operating Revenue": 0.0
    }
}