{
    "2024-02-29": {
        "Tax Effect Of Unusual Items": 220080.0,
        "Tax Rate For Calcs": 0.21,
        "Normalized EBITDA": -7669000.0,
        "Total Unusual Items": 1048000.0,
        "Total Unusual Items Excluding Goodwill": 1048000.0,
        "Net Income From Continuing Operation Net Minority Interest": -10318000.0,
        "Reconciled Cost Of Revenue": 6000.0,
        "EBITDA": -6621000.0,
        "EBIT": -6621000.0,
        "Net Interest Income": -2046000.0,
        "Interest Expense": 3597000.0,
        "Interest Income": 1551000.0,
        "Normalized Income": -11145920.0,
        "Net Income From Continuing And Discontinued Operation": -10318000.0,
        "Total Expenses": 6259000.0,
        "Total Operating Income As Reported": -9220000.0,
        "Diluted Average Shares": 334366000.0,
        "Basic Average Shares": 334366000.0,
        "Diluted EPS": -0.03,
        "Basic EPS": -0.03,
        "Diluted NI Availto Com Stockholders": -10318000.0,
        "Net Income Common Stockholders": -10318000.0,
        "Net Income": -10318000.0,
        "Net Income Including Noncontrolling Interests": -10318000.0,
        "Net Income Continuous Operations": -10318000.0,
        "Tax Provision": 100000.0,
        "Pretax Income": -10218000.0,
        "Other Income Expense": -1913000.0,
        "Other Non Operating Income Expenses": NaN,
        "Special Income Charges": 743000.0,
        "Gain On Sale Of Ppe": 743000.0,
        "Earnings From Equity Interest": -2961000.0,
        "Gain On Sale Of Security": 305000.0,
        "Net Non Operating Interest Income Expense": -2046000.0,
        "Interest Expense Non Operating": 3597000.0,
        "Interest Income Non Operating": 1551000.0,
        "Operating Income": -6259000.0,
        "Operating Expense": 6253000.0,
        "Other Operating Expenses": NaN,
        "Selling General And Administration": 6253000.0,
        "General And Administrative Expense": 6253000.0,
        "Other Gand A": 1758000.0,
        "Salaries And Wages": 4495000.0,
        "Gross Profit": -6000.0,
        "Cost Of Revenue": 6000.0,
        "Total Revenue": 0.0,
        "Operating Revenue": 0.0
    },
    "2023-11-30": {
        "Tax Effect Of Unusual Items": -2282.490198,
        "Tax Rate For Calcs": 0.003443,
        "Normalized EBITDA": -6320000.0,
        "Total Unusual Items": -663000.0,
        "Total Unusual Items Excluding Goodwill": -663000.0,
        "Net Income From Continuing Operation Net Minority Interest": -10421000.0,
        "Reconciled Cost Of Revenue": 5000.0,
        "EBITDA": -6983000.0,
        "EBIT": -6983000.0,
        "Net Interest Income": -1863000.0,
        "Interest Expense": 3474000.0,
        "Interest Income": 1611000.0,
        "Normalized Income": -9760282.490198,
        "Net Income From Continuing And Discontinued Operation": -10421000.0,
        "Total Expenses": 5398000.0,
        "Total Operating Income As Reported": -7931000.0,
        "Diluted Average Shares": NaN,
        "Basic Average Shares": NaN,
        "Diluted EPS": NaN,
        "Basic EPS": NaN,
        "Diluted NI Availto Com Stockholders": -10421000.0,
        "Net Income Common Stockholders": -10421000.0,
        "Net Income": -10421000.0,
        "Net Income Including Noncontrolling Interests": -10421000.0,
        "Net Income Continuous Operations": -10421000.0,
        "Tax Provision": -36000.0,
        "Pretax Income": -10457000.0,
        "Other Income Expense": -3196000.0,
        "Other Non Operating Income Expenses": NaN,
        "Special Income Charges": -541000.0,
        "Gain On Sale Of Ppe": 0.0,
        "Earnings From Equity Interest": -2533000.0,
        "Gain On Sale Of Security": -122000.0,
        "Net Non Operating Interest Income Expense": -1863000.0,
        "Interest Expense Non Operating": 3474000.0,
        "Interest Income Non Operating": 1611000.0,
        "Operating Income": -5398000.0,
        "Operating Expense": 5393000.0,
        "Other Operating Expenses": 0.0,
        "Selling General And Administration": 5393000.0,
        "General And Administrative Expense": 5393000.0,
        "Other Gand A": 1328000.0,
        "Salaries And Wages": 4065000.0,
        "Gross Profit": -5000.0,
        "Cost Of Revenue": 5000.0,
        "Total Revenue": 0.0,
        "Operating Revenue": 0.0
    },
    "2023-08-31": {
        "Tax Effect Of Unusual Items": 0.0,
        "Tax Rate For Calcs": 0.0,
        "Normalized EBITDA": -7575000.0,
        "Total Unusual Items": -66000.0,
        "Total Unusual Items Excluding Goodwill": -66000.0,
        "Net Income From Continuing Operation Net Minority Interest": -11074000.0,
        "Reconciled Cost Of Revenue": 2000.0,
        "EBITDA": -7641000.0,
        "EBIT": -7641000.0,
        "Net Interest Income": -1932000.0,
        "Interest Expense": 3433000.0,
        "Interest Income": 1501000.0,
        "Normalized Income": -11008000.0,
        "Net Income From Continuing And Discontinued Operation": -11074000.0,
        "Total Expenses": 5098000.0,
        "Total Operating Income As Reported": -9221000.0,
        "Diluted Average Shares": 334158000.0,
        "Basic Average Shares": 334158000.0,
        "Diluted EPS": -0.03,
        "Basic EPS": -0.03,
        "Diluted NI Availto Com Stockholders": -11074000.0,
        "Net Income Common Stockholders": -11074000.0,
        "Net Income": -11074000.0,
        "Net Income Including Noncontrolling Interests": -11074000.0,
        "Net Income Continuous Operations": -11074000.0,
        "Tax Provision": 0.0,
        "Pretax Income": -11074000.0,
        "Other Income Expense": -4044000.0,
        "Other Non Operating Income Expenses": 145000.0,
        "Special Income Charges": 0.0,
        "Gain On Sale Of Ppe": 0.0,
        "Earnings From Equity Interest": -3978000.0,
        "Gain On Sale Of Security": -66000.0,
        "Net Non Operating Interest Income Expense": -1932000.0,
        "Interest Expense Non Operating": 3433000.0,
        "Interest Income Non Operating": 1501000.0,
        "Operating Income": -5098000.0,
        "Operating Expense": 5096000.0,
        "Other Operating Expenses": -145000.0,
        "Selling General And Administration": 5241000.0,
        "General And Administrative Expense": 5241000.0,
        "Other Gand A": 1325000.0,
        "Salaries And Wages": 3916000.0,
        "Gross Profit": -2000.0,
        "Cost Of Revenue": 2000.0,
        "Total Revenue": 0.0,
        "Operating Revenue": 0.0
    },
    "2023-05-31": {
        "Tax Effect Of Unusual Items": 0.0,
        "Tax Rate For Calcs": 0.0,
        "Normalized EBITDA": -11511000.0,
        "Total Unusual Items": 74000.0,
        "Total Unusual Items Excluding Goodwill": 74000.0,
        "Net Income From Continuing Operation Net Minority Interest": -14649000.0,
        "Reconciled Cost Of Revenue": 2000.0,
        "EBITDA": -11437000.0,
        "EBIT": -11437000.0,
        "Net Interest Income": -1862000.0,
        "Interest Expense": 3212000.0,
        "Interest Income": 1350000.0,
        "Normalized Income": -14723000.0,
        "Net Income From Continuing And Discontinued Operation": -14649000.0,
        "Total Expenses": 5318000.0,
        "Total Operating Income As Reported": -13078000.0,
        "Diluted Average Shares": 334010000.0,
        "Basic Average Shares": 334010000.0,
        "Diluted EPS": -0.04,
        "Basic EPS": -0.04,
        "Diluted NI Availto Com Stockholders": -14649000.0,
        "Net Income Common Stockholders": -14649000.0,
        "Net Income": -14649000.0,
        "Net Income Including Noncontrolling Interests": -14649000.0,
        "Net Income Continuous Operations": -14649000.0,
        "Tax Provision": 0.0,
        "Pretax Income": -14649000.0,
        "Other Income Expense": -7469000.0,
        "Other Non Operating Income Expenses": 217000.0,
        "Special Income Charges": 0.0,
        "Gain On Sale Of Ppe": 0.0,
        "Earnings From Equity Interest": -7543000.0,
        "Gain On Sale Of Security": 74000.0,
        "Net Non Operating Interest Income Expense": -1862000.0,
        "Interest Expense Non Operating": 3212000.0,
        "Interest Income Non Operating": 1350000.0,
        "Operating Income": -5318000.0,
        "Operating Expense": 5316000.0,
        "Other Operating Expenses": -217000.0,
        "Selling General And Administration": 5533000.0,
        "General And Administrative Expense": 5533000.0,
        "Other Gand A": 1680000.0,
        "Salaries And Wages": 3853000.0,
        "Gross Profit": -2000.0,
        "Cost Of Revenue": 2000.0,
        "Total Revenue": 0.0,
        "Operating Revenue": 0.0
    },
    "2023-02-28": {
        "Tax Effect Of Unusual Items": NaN,
        "Tax Rate For Calcs": NaN,
        "Normalized EBITDA": NaN,
        "Total Unusual Items": NaN,
        "Total Unusual Items Excluding Goodwill": NaN,
        "Net Income From Continuing Operation Net Minority Interest": NaN,
        "Reconciled Cost Of Revenue": NaN,
        "EBITDA": NaN,
        "EBIT": NaN,
        "Net Interest Income": NaN,
        "Interest Expense": NaN,
        "Interest Income": NaN,
        "Normalized Income": NaN,
        "Net Income From Continuing And Discontinued Operation": NaN,
        "Total Expenses": NaN,
        "Total Operating Income As Reported": NaN,
        "Diluted Average Shares": 333948000.0,
        "Basic Average Shares": 333948000.0,
        "Diluted EPS": -0.03,
        "Basic EPS": -0.03,
        "Diluted NI Availto Com Stockholders": NaN,
        "Net Income Common Stockholders": NaN,
        "Net Income": NaN,
        "Net Income Including Noncontrolling Interests": NaN,
        "Net Income Continuous Operations": NaN,
        "Tax Provision": NaN,
        "Pretax Income": NaN,
        "Other Income Expense": NaN,
        "Other Non Operating Income Expenses": 217000.0,
        "Special Income Charges": NaN,
        "Gain On Sale Of Ppe": NaN,
        "Earnings From Equity Interest": NaN,
        "Gain On Sale Of Security": NaN,
        "Net Non Operating Interest Income Expense": NaN,
        "Interest Expense Non Operating": NaN,
        "Interest Income Non Operating": NaN,
        "Operating Income": NaN,
        "Operating Expense": NaN,
        "Other Operating Expenses": -217000.0,
        "Selling General And Administration": NaN,
        "General And Administrative Expense": NaN,
        "Other Gand A": NaN,
        "Salaries And Wages": NaN,
        "Gross Profit": NaN,
        "Cost Of Revenue": NaN,
        "Total Revenue": NaN,
        "Operating Revenue": NaN
    },
    "2022-11-30": {
        "Tax Effect Of Unusual Items": NaN,
        "Tax Rate For Calcs": NaN,
        "Normalized EBITDA": NaN,
        "Total Unusual Items": NaN,
        "Total Unusual Items Excluding Goodwill": NaN,
        "Net Income From Continuing Operation Net Minority Interest": NaN,
        "Reconciled Cost Of Revenue": NaN,
        "EBITDA": NaN,
        "EBIT": NaN,
        "Net Interest Income": NaN,
        "Interest Expense": NaN,
        "Interest Income": NaN,
        "Normalized Income": NaN,
        "Net Income From Continuing And Discontinued Operation": NaN,
        "Total Expenses": NaN,
        "Total Operating Income As Reported": NaN,
        "Diluted Average Shares": NaN,
        "Basic Average Shares": NaN,
        "Diluted EPS": NaN,
        "Basic EPS": NaN,
        "Diluted NI Availto Com Stockholders": NaN,
        "Net Income Common Stockholders": NaN,
        "Net Income": NaN,
        "Net Income Including Noncontrolling Interests": NaN,
        "Net Income Continuous Operations": NaN,
        "Tax Provision": NaN,
        "Pretax Income": NaN,
        "Other Income Expense": NaN,
        "Other Non Operating Income Expenses": NaN,
        "Special Income Charges": NaN,
        "Gain On Sale Of Ppe": NaN,
        "Earnings From Equity Interest": NaN,
        "Gain On Sale Of Security": NaN,
        "Net Non Operating Interest Income Expense": NaN,
        "Interest Expense Non Operating": NaN,
        "Interest Income Non Operating": NaN,
        "Operating Income": NaN,
        "Operating Expense": NaN,
        "Other Operating Expenses": -218000.0,
        "Selling General And Administration": NaN,
        "General And Administrative Expense": NaN,
        "Other Gand A": NaN,
        "Salaries And Wages": NaN,
        "Gross Profit": NaN,
        "Cost Of Revenue": NaN,
        "Total Revenue": NaN,
        "Operating Revenue": NaN
    },
    "2022-08-31": {
        "Tax Effect Of Unusual Items": NaN,
        "Tax Rate For Calcs": NaN,
        "Normalized EBITDA": NaN,
        "Total Unusual Items": NaN,
        "Total Unusual Items Excluding Goodwill": NaN,
        "Net Income From Continuing Operation Net Minority Interest": NaN,
        "Reconciled Cost Of Revenue": NaN,
        "EBITDA": NaN,
        "EBIT": NaN,
        "Net Interest Income": NaN,
        "Interest Expense": NaN,
        "Interest Income": NaN,
        "Normalized Income": NaN,
        "Net Income From Continuing And Discontinued Operation": NaN,
        "Total Expenses": NaN,
        "Total Operating Income As Reported": NaN,
        "Diluted Average Shares": 333337000.0,
        "Basic Average Shares": 333337000.0,
        "Diluted EPS": -0.05,
        "Basic EPS": -0.05,
        "Diluted NI Availto Com Stockholders": NaN,
        "Net Income Common Stockholders": NaN,
        "Net Income": NaN,
        "Net Income Including Noncontrolling Interests": NaN,
        "Net Income Continuous Operations": NaN,
        "Tax Provision": NaN,
        "Pretax Income": NaN,
        "Other Income Expense": NaN,
        "Other Non Operating Income Expenses": 212000.0,
        "Special Income Charges": NaN,
        "Gain On Sale Of Ppe": NaN,
        "Earnings From Equity Interest": NaN,
        "Gain On Sale Of Security": NaN,
        "Net Non Operating Interest Income Expense": NaN,
        "Interest Expense Non Operating": NaN,
        "Interest Income Non Operating": NaN,
        "Operating Income": NaN,
        "Operating Expense": NaN,
        "Other Operating Expenses": NaN,
        "Selling General And Administration": NaN,
        "General And Administrative Expense": NaN,
        "Other Gand A": NaN,
        "Salaries And Wages": NaN,
        "Gross Profit": NaN,
        "Cost Of Revenue": NaN,
        "Total Revenue": NaN,
        "Operating Revenue": NaN
    },
    "2024-05-31": {
        "Tax Effect Of Unusual Items": 141540.0,
        "Tax Rate For Calcs": 0.21,
        "Normalized EBITDA": -10073000.0,
        "Total Unusual Items": 674000.0,
        "Total Unusual Items Excluding Goodwill": 674000.0,
        "Net Income From Continuing Operation Net Minority Interest": -13700000.0,
        "Reconciled Cost Of Revenue": 5000.0,
        "EBITDA": -9399000.0,
        "EBIT": -9399000.0,
        "Net Interest Income": -2182000.0,
        "Interest Expense": 3702000.0,
        "Interest Income": 1520000.0,
        "Normalized Income": -14232460.0,
        "Net Income From Continuing And Discontinued Operation": -13700000.0,
        "Total Expenses": 7603000.0,
        "Total Operating Income As Reported": -11593000.0,
        "Diluted Average Shares": 334380000.0,
        "Basic Average Shares": 334380000.0,
        "Diluted EPS": -0.04,
        "Basic EPS": -0.04,
        "Diluted NI Availto Com Stockholders": -13700000.0,
        "Net Income Common Stockholders": -13700000.0,
        "Net Income": -13700000.0,
        "Net Income Including Noncontrolling Interests": -13700000.0,
        "Net Income Continuous Operations": -13700000.0,
        "Tax Provision": 599000.0,
        "Pretax Income": -13101000.0,
        "Other Income Expense": -3316000.0,
        "Other Non Operating Income Expenses": NaN,
        "Special Income Charges": 0.0,
        "Gain On Sale Of Ppe": 0.0,
        "Earnings From Equity Interest": -3990000.0,
        "Gain On Sale Of Security": 674000.0,
        "Net Non Operating Interest Income Expense": -2182000.0,
        "Interest Expense Non Operating": 3702000.0,
        "Interest Income Non Operating": 1520000.0,
        "Operating Income": -7603000.0,
        "Operating Expense": 7598000.0,
        "Other Operating Expenses": NaN,
        "Selling General And Administration": 7598000.0,
        "General And Administrative Expense": 7598000.0,
        "Other Gand A": 3158000.0,
        "Salaries And Wages": 4440000.0,
        "Gross Profit": -5000.0,
        "Cost Of Revenue": 5000.0,
        "Total Revenue": 0.0,
        "Operating Revenue": 0.0
    }
}