{
    "2024-03-31": {
        "Tax Effect Of Unusual Items": -8325000.0,
        "Tax Rate For Calcs": 0.15,
        "Normalized EBITDA": 78500000.0,
        "Total Unusual Items": -55500000.0,
        "Total Unusual Items Excluding Goodwill": -55500000.0,
        "Net Income From Continuing Operation Net Minority Interest": -43500000.0,
        "Reconciled Depreciation": 62700000.0,
        "Reconciled Cost Of Revenue": 169500000.0,
        "EBITDA": 23000000.0,
        "EBIT": -39700000.0,
        "Net Interest Income": -500000.0,
        "Interest Expense": 800000.0,
        "Interest Income": 2100000.0,
        "Normalized Income": 3675000.0,
        "Net Income From Continuing And Discontinued Operation": -43500000.0,
        "Total Expenses": 177000000.0,
        "Rent Expense Supplemental": 3300000.0,
        "Total Operating Income As Reported": 15100000.0,
        "Diluted Average Shares": 687600000.0,
        "Basic Average Shares": 687600000.0,
        "Diluted EPS": -0.06,
        "Basic EPS": -0.06,
        "Diluted NI Availto Com Stockholders": -43500000.0,
        "Net Income Common Stockholders": -43500000.0,
        "Net Income": -43500000.0,
        "Net Income Including Noncontrolling Interests": -43500000.0,
        "Net Income Continuous Operations": -43500000.0,
        "Tax Provision": 3000000.0,
        "Pretax Income": -40500000.0,
        "Other Income Expense": -55100000.0,
        "Other Non Operating Income Expenses": 400000.0,
        "Special Income Charges": -600000.0,
        "Gain On Sale Of Ppe": -600000.0,
        "Other Special Charges": NaN,
        "Gain On Sale Of Security": -54900000.0,
        "Net Non Operating Interest Income Expense": -500000.0,
        "Total Other Finance Cost": 1800000.0,
        "Interest Expense Non Operating": 800000.0,
        "Interest Income Non Operating": 2100000.0,
        "Operating Income": 15100000.0,
        "Operating Expense": 7500000.0,
        "Other Operating Expenses": 900000.0,
        "Selling General And Administration": 6600000.0,
        "General And Administrative Expense": 6600000.0,
        "Other Gand A": 5800000.0,
        "Salaries And Wages": 800000.0,
        "Gross Profit": 22600000.0,
        "Cost Of Revenue": 169500000.0,
        "Total Revenue": 192100000.0,
        "Operating Revenue": 192100000.0
    },
    "2023-12-31": {
        "Tax Effect Of Unusual Items": -3411038.961039,
        "Tax Rate For Calcs": 0.11039,
        "Normalized EBITDA": 67600000.0,
        "Total Unusual Items": -30900000.0,
        "Total Unusual Items Excluding Goodwill": -30900000.0,
        "Net Income From Continuing Operation Net Minority Interest": -27400000.0,
        "Reconciled Depreciation": 66500000.0,
        "Reconciled Cost Of Revenue": 186800000.0,
        "EBITDA": 36700000.0,
        "EBIT": -29800000.0,
        "Net Interest Income": -500000.0,
        "Interest Expense": 1000000.0,
        "Interest Income": 1900000.0,
        "Normalized Income": 88961.038961,
        "Net Income From Continuing And Discontinued Operation": -27400000.0,
        "Total Expenses": 198700000.0,
        "Rent Expense Supplemental": 1600000.0,
        "Total Operating Income As Reported": 400000.0,
        "Diluted Average Shares": NaN,
        "Basic Average Shares": NaN,
        "Diluted EPS": NaN,
        "Basic EPS": NaN,
        "Diluted NI Availto Com Stockholders": -27400000.0,
        "Net Income Common Stockholders": -27400000.0,
        "Net Income": -27400000.0,
        "Net Income Including Noncontrolling Interests": -27400000.0,
        "Net Income Continuous Operations": -27400000.0,
        "Tax Provision": -3400000.0,
        "Pretax Income": -30800000.0,
        "Other Income Expense": -30800000.0,
        "Other Non Operating Income Expenses": 100000.0,
        "Special Income Charges": 0.0,
        "Gain On Sale Of Ppe": 0.0,
        "Other Special Charges": NaN,
        "Gain On Sale Of Security": -30900000.0,
        "Net Non Operating Interest Income Expense": -500000.0,
        "Total Other Finance Cost": 1400000.0,
        "Interest Expense Non Operating": 1000000.0,
        "Interest Income Non Operating": 1900000.0,
        "Operating Income": 500000.0,
        "Operating Expense": 11900000.0,
        "Other Operating Expenses": 2400000.0,
        "Selling General And Administration": 9500000.0,
        "General And Administrative Expense": 9500000.0,
        "Other Gand A": 6600000.0,
        "Salaries And Wages": 2900000.0,
        "Gross Profit": 12400000.0,
        "Cost Of Revenue": 186800000.0,
        "Total Revenue": 199200000.0,
        "Operating Revenue": 199200000.0
    },
    "2023-09-30": {
        "Tax Effect Of Unusual Items": -7720000.0,
        "Tax Rate For Calcs": 0.4,
        "Normalized EBITDA": 84900000.0,
        "Total Unusual Items": -19300000.0,
        "Total Unusual Items Excluding Goodwill": -19300000.0,
        "Net Income From Continuing Operation Net Minority Interest": -2700000.0,
        "Reconciled Depreciation": 59400000.0,
        "Reconciled Cost Of Revenue": 166300000.0,
        "EBITDA": 65600000.0,
        "EBIT": 6200000.0,
        "Net Interest Income": -1200000.0,
        "Interest Expense": 1300000.0,
        "Interest Income": 1900000.0,
        "Normalized Income": 8880000.0,
        "Net Income From Continuing And Discontinued Operation": -2700000.0,
        "Total Expenses": 175400000.0,
        "Rent Expense Supplemental": 1000000.0,
        "Total Operating Income As Reported": 26400000.0,
        "Diluted Average Shares": 684500000.0,
        "Basic Average Shares": 684500000.0,
        "Diluted EPS": -0.003944,
        "Basic EPS": -0.003944,
        "Diluted NI Availto Com Stockholders": -2700000.0,
        "Net Income Common Stockholders": -2700000.0,
        "Net Income": -2700000.0,
        "Net Income Including Noncontrolling Interests": -2700000.0,
        "Net Income Continuous Operations": -2700000.0,
        "Tax Provision": 7600000.0,
        "Pretax Income": 4900000.0,
        "Other Income Expense": -19800000.0,
        "Other Non Operating Income Expenses": -500000.0,
        "Special Income Charges": 0.0,
        "Gain On Sale Of Ppe": 0.0,
        "Other Special Charges": NaN,
        "Gain On Sale Of Security": -19300000.0,
        "Net Non Operating Interest Income Expense": -1200000.0,
        "Total Other Finance Cost": 1800000.0,
        "Interest Expense Non Operating": 1300000.0,
        "Interest Income Non Operating": 1900000.0,
        "Operating Income": 25900000.0,
        "Operating Expense": 9100000.0,
        "Other Operating Expenses": 2700000.0,
        "Selling General And Administration": 6400000.0,
        "General And Administrative Expense": 6400000.0,
        "Other Gand A": 5800000.0,
        "Salaries And Wages": 600000.0,
        "Gross Profit": 35000000.0,
        "Cost Of Revenue": 166300000.0,
        "Total Revenue": 201300000.0,
        "Operating Revenue": 201300000.0
    },
    "2023-06-30": {
        "Tax Effect Of Unusual Items": -5720000.0,
        "Tax Rate For Calcs": 0.4,
        "Normalized EBITDA": 68500000.0,
        "Total Unusual Items": -14300000.0,
        "Total Unusual Items Excluding Goodwill": -14300000.0,
        "Net Income From Continuing Operation Net Minority Interest": -2600000.0,
        "Reconciled Depreciation": 54000000.0,
        "Reconciled Cost Of Revenue": 159200000.0,
        "EBITDA": 54200000.0,
        "EBIT": 200000.0,
        "Net Interest Income": -1500000.0,
        "Interest Expense": 2000000.0,
        "Interest Income": 1900000.0,
        "Normalized Income": 5980000.0,
        "Net Income From Continuing And Discontinued Operation": -2600000.0,
        "Total Expenses": 170400000.0,
        "Rent Expense Supplemental": 1000000.0,
        "Total Operating Income As Reported": 14000000.0,
        "Diluted Average Shares": 683200000.0,
        "Basic Average Shares": 683200000.0,
        "Diluted EPS": -0.003806,
        "Basic EPS": -0.003806,
        "Diluted NI Availto Com Stockholders": -2600000.0,
        "Net Income Common Stockholders": -2600000.0,
        "Net Income": -2600000.0,
        "Net Income Including Noncontrolling Interests": -2600000.0,
        "Net Income Continuous Operations": -2600000.0,
        "Tax Provision": 800000.0,
        "Pretax Income": -1800000.0,
        "Other Income Expense": -14300000.0,
        "Other Non Operating Income Expenses": NaN,
        "Special Income Charges": 300000.0,
        "Gain On Sale Of Ppe": 300000.0,
        "Other Special Charges": NaN,
        "Gain On Sale Of Security": -14600000.0,
        "Net Non Operating Interest Income Expense": -1500000.0,
        "Total Other Finance Cost": 1400000.0,
        "Interest Expense Non Operating": 2000000.0,
        "Interest Income Non Operating": 1900000.0,
        "Operating Income": 14000000.0,
        "Operating Expense": 11200000.0,
        "Other Operating Expenses": 3200000.0,
        "Selling General And Administration": 8000000.0,
        "General And Administrative Expense": 8000000.0,
        "Other Gand A": 6500000.0,
        "Salaries And Wages": 1500000.0,
        "Gross Profit": 25200000.0,
        "Cost Of Revenue": 159200000.0,
        "Total Revenue": 184400000.0,
        "Operating Revenue": 184400000.0
    },
    "2023-03-31": {
        "Tax Effect Of Unusual Items": NaN,
        "Tax Rate For Calcs": NaN,
        "Normalized EBITDA": NaN,
        "Total Unusual Items": NaN,
        "Total Unusual Items Excluding Goodwill": NaN,
        "Net Income From Continuing Operation Net Minority Interest": NaN,
        "Reconciled Depreciation": NaN,
        "Reconciled Cost Of Revenue": NaN,
        "EBITDA": NaN,
        "EBIT": NaN,
        "Net Interest Income": NaN,
        "Interest Expense": NaN,
        "Interest Income": NaN,
        "Normalized Income": NaN,
        "Net Income From Continuing And Discontinued Operation": NaN,
        "Total Expenses": NaN,
        "Rent Expense Supplemental": NaN,
        "Total Operating Income As Reported": NaN,
        "Diluted Average Shares": 682700000.0,
        "Basic Average Shares": 682700000.0,
        "Diluted EPS": -0.05,
        "Basic EPS": -0.05,
        "Diluted NI Availto Com Stockholders": NaN,
        "Net Income Common Stockholders": NaN,
        "Net Income": NaN,
        "Net Income Including Noncontrolling Interests": NaN,
        "Net Income Continuous Operations": NaN,
        "Tax Provision": NaN,
        "Pretax Income": NaN,
        "Other Income Expense": NaN,
        "Other Non Operating Income Expenses": NaN,
        "Special Income Charges": NaN,
        "Gain On Sale Of Ppe": NaN,
        "Other Special Charges": NaN,
        "Gain On Sale Of Security": NaN,
        "Net Non Operating Interest Income Expense": NaN,
        "Total Other Finance Cost": NaN,
        "Interest Expense Non Operating": NaN,
        "Interest Income Non Operating": NaN,
        "Operating Income": NaN,
        "Operating Expense": NaN,
        "Other Operating Expenses": NaN,
        "Selling General And Administration": NaN,
        "General And Administrative Expense": NaN,
        "Other Gand A": NaN,
        "Salaries And Wages": NaN,
        "Gross Profit": NaN,
        "Cost Of Revenue": NaN,
        "Total Revenue": NaN,
        "Operating Revenue": NaN
    },
    "2022-12-31": {
        "Tax Effect Of Unusual Items": NaN,
        "Tax Rate For Calcs": NaN,
        "Normalized EBITDA": NaN,
        "Total Unusual Items": NaN,
        "Total Unusual Items Excluding Goodwill": NaN,
        "Net Income From Continuing Operation Net Minority Interest": NaN,
        "Reconciled Depreciation": NaN,
        "Reconciled Cost Of Revenue": NaN,
        "EBITDA": NaN,
        "EBIT": NaN,
        "Net Interest Income": NaN,
        "Interest Expense": NaN,
        "Interest Income": NaN,
        "Normalized Income": NaN,
        "Net Income From Continuing And Discontinued Operation": NaN,
        "Total Expenses": NaN,
        "Rent Expense Supplemental": NaN,
        "Total Operating Income As Reported": NaN,
        "Diluted Average Shares": NaN,
        "Basic Average Shares": NaN,
        "Diluted EPS": NaN,
        "Basic EPS": NaN,
        "Diluted NI Availto Com Stockholders": NaN,
        "Net Income Common Stockholders": NaN,
        "Net Income": NaN,
        "Net Income Including Noncontrolling Interests": NaN,
        "Net Income Continuous Operations": NaN,
        "Tax Provision": NaN,
        "Pretax Income": NaN,
        "Other Income Expense": NaN,
        "Other Non Operating Income Expenses": 500000.0,
        "Special Income Charges": NaN,
        "Gain On Sale Of Ppe": NaN,
        "Other Special Charges": NaN,
        "Gain On Sale Of Security": NaN,
        "Net Non Operating Interest Income Expense": NaN,
        "Total Other Finance Cost": NaN,
        "Interest Expense Non Operating": NaN,
        "Interest Income Non Operating": NaN,
        "Operating Income": NaN,
        "Operating Expense": NaN,
        "Other Operating Expenses": NaN,
        "Selling General And Administration": NaN,
        "General And Administrative Expense": NaN,
        "Other Gand A": NaN,
        "Salaries And Wages": NaN,
        "Gross Profit": NaN,
        "Cost Of Revenue": NaN,
        "Total Revenue": NaN,
        "Operating Revenue": NaN
    },
    "2022-09-30": {
        "Tax Effect Of Unusual Items": NaN,
        "Tax Rate For Calcs": NaN,
        "Normalized EBITDA": NaN,
        "Total Unusual Items": NaN,
        "Total Unusual Items Excluding Goodwill": NaN,
        "Net Income From Continuing Operation Net Minority Interest": NaN,
        "Reconciled Depreciation": NaN,
        "Reconciled Cost Of Revenue": NaN,
        "EBITDA": NaN,
        "EBIT": NaN,
        "Net Interest Income": NaN,
        "Interest Expense": NaN,
        "Interest Income": NaN,
        "Normalized Income": NaN,
        "Net Income From Continuing And Discontinued Operation": NaN,
        "Total Expenses": NaN,
        "Rent Expense Supplemental": NaN,
        "Total Operating Income As Reported": NaN,
        "Diluted Average Shares": 682300000.0,
        "Basic Average Shares": 682300000.0,
        "Diluted EPS": -0.01,
        "Basic EPS": -0.01,
        "Diluted NI Availto Com Stockholders": NaN,
        "Net Income Common Stockholders": NaN,
        "Net Income": NaN,
        "Net Income Including Noncontrolling Interests": NaN,
        "Net Income Continuous Operations": NaN,
        "Tax Provision": NaN,
        "Pretax Income": NaN,
        "Other Income Expense": NaN,
        "Other Non Operating Income Expenses": -500000.0,
        "Special Income Charges": NaN,
        "Gain On Sale Of Ppe": NaN,
        "Gain On Sale Of Security": NaN,
        "Net Non Operating Interest Income Expense": NaN,
        "Total Other Finance Cost": NaN,
        "Interest Expense Non Operating": NaN,
        "Interest Income Non Operating": NaN,
        "Operating Income": NaN,
        "Operating Expense": NaN,
        "Other Operating Expenses": NaN,
        "Selling General And Administration": NaN,
        "General And Administrative Expense": NaN,
        "Other Gand A": NaN,
        "Salaries And Wages": NaN,
        "Gross Profit": NaN,
        "Cost Of Revenue": NaN,
        "Total Revenue": NaN,
        "Operating Revenue": NaN
    },
    "2024-06-30": {
        "Tax Effect Of Unusual Items": 60000.0,
        "Tax Rate For Calcs": 0.15,
        "Normalized EBITDA": 92900000.0,
        "Total Unusual Items": 400000.0,
        "Total Unusual Items Excluding Goodwill": 400000.0,
        "Net Income From Continuing Operation Net Minority Interest": 53100000.0,
        "Reconciled Depreciation": 70000000.0,
        "Reconciled Cost Of Revenue": 179300000.0,
        "EBITDA": 93300000.0,
        "EBIT": 23300000.0,
        "Net Interest Income": -500000.0,
        "Interest Expense": 300000.0,
        "Interest Income": 1800000.0,
        "Normalized Income": 52760000.0,
        "Net Income From Continuing And Discontinued Operation": 53100000.0,
        "Total Expenses": 194200000.0,
        "Rent Expense Supplemental": 2200000.0,
        "Total Operating Income As Reported": 24000000.0,
        "Diluted Average Shares": 744900000.0,
        "Basic Average Shares": 738600000.0,
        "Diluted EPS": 0.07,
        "Basic EPS": 0.07,
        "Diluted NI Availto Com Stockholders": 53100000.0,
        "Net Income Common Stockholders": 53100000.0,
        "Net Income": 53100000.0,
        "Net Income Including Noncontrolling Interests": 53100000.0,
        "Net Income Continuous Operations": 53100000.0,
        "Tax Provision": -30100000.0,
        "Pretax Income": 23000000.0,
        "Other Income Expense": -500000.0,
        "Other Non Operating Income Expenses": -900000.0,
        "Special Income Charges": 41700000.0,
        "Gain On Sale Of Ppe": -600000.0,
        "Other Special Charges": -42300000.0,
        "Gain On Sale Of Security": -41300000.0,
        "Net Non Operating Interest Income Expense": -500000.0,
        "Total Other Finance Cost": 2000000.0,
        "Interest Expense Non Operating": 300000.0,
        "Interest Income Non Operating": 1800000.0,
        "Operating Income": 24000000.0,
        "Operating Expense": 14900000.0,
        "Other Operating Expenses": 6000000.0,
        "Selling General And Administration": 8900000.0,
        "General And Administrative Expense": 8900000.0,
        "Other Gand A": 5400000.0,
        "Salaries And Wages": 3500000.0,
        "Gross Profit": 38900000.0,
        "Cost Of Revenue": 179300000.0,
        "Total Revenue": 218200000.0,
        "Operating Revenue": 218200000.0
    }
}