{
    "2023-12-31": {
        "Tax Effect Of Unusual Items": 3241055.502523,
        "Tax Rate For Calcs": 0.237284,
        "Normalized EBITDA": 34830000.0,
        "Total Unusual Items": 13659000.0,
        "Total Unusual Items Excluding Goodwill": 13659000.0,
        "Net Income From Continuing Operation Net Minority Interest": 28406000.0,
        "Reconciled Depreciation": 11768000.0,
        "Reconciled Cost Of Revenue": 186562000.0,
        "EBITDA": 48489000.0,
        "EBIT": 36721000.0,
        "Net Interest Income": 2756000.0,
        "Interest Expense": 56000.0,
        "Interest Income": 2812000.0,
        "Normalized Income": 17988055.502523,
        "Net Income From Continuing And Discontinued Operation": 28406000.0,
        "Total Expenses": 280738000.0,
        "Rent Expense Supplemental": 11438000.0,
        "Total Operating Income As Reported": 20120000.0,
        "Diluted Average Shares": 15486573.0,
        "Basic Average Shares": 15306253.0,
        "Diluted EPS": 1.83,
        "Basic EPS": 1.86,
        "Diluted NI Availto Com Stockholders": 28406000.0,
        "Net Income Common Stockholders": 28406000.0,
        "Net Income": 28406000.0,
        "Minority Interests": 441000.0,
        "Net Income Including Noncontrolling Interests": 27965000.0,
        "Net Income Continuous Operations": 27965000.0,
        "Tax Provision": 8700000.0,
        "Pretax Income": 36665000.0,
        "Other Income Expense": 13733000.0,
        "Special Income Charges": NaN,
        "Gain On Sale Of Business": NaN,
        "Earnings From Equity Interest": 74000.0,
        "Gain On Sale Of Security": 13659000.0,
        "Net Non Operating Interest Income Expense": 2756000.0,
        "Interest Expense Non Operating": 56000.0,
        "Interest Income Non Operating": 2812000.0,
        "Operating Income": 20176000.0,
        "Operating Expense": 94176000.0,
        "Other Operating Expenses": 70970000.0,
        "Depreciation Amortization Depletion Income Statement": 11768000.0,
        "Depreciation And Amortization In Income Statement": 11768000.0,
        "Selling General And Administration": 11438000.0,
        "General And Administrative Expense": 11438000.0,
        "Rent And Landing Fees": 11438000.0,
        "Gross Profit": 114352000.0,
        "Cost Of Revenue": 186562000.0,
        "Total Revenue": 300914000.0,
        "Operating Revenue": 282997000.0
    },
    "2023-09-30": {
        "Tax Effect Of Unusual Items": -390827.856583,
        "Tax Rate For Calcs": 0.278566,
        "Normalized EBITDA": 25644000.0,
        "Total Unusual Items": -1403000.0,
        "Total Unusual Items Excluding Goodwill": -1403000.0,
        "Net Income From Continuing Operation Net Minority Interest": 10388000.0,
        "Reconciled Depreciation": 10135000.0,
        "Reconciled Cost Of Revenue": 182664000.0,
        "EBITDA": 24241000.0,
        "EBIT": 14106000.0,
        "Net Interest Income": 2145000.0,
        "Interest Expense": 77000.0,
        "Interest Income": 2222000.0,
        "Normalized Income": 11400172.143417,
        "Net Income From Continuing And Discontinued Operation": 10388000.0,
        "Total Expenses": 275383000.0,
        "Rent Expense Supplemental": 10094000.0,
        "Total Operating Income As Reported": 13025000.0,
        "Diluted Average Shares": 15324511.0,
        "Basic Average Shares": 15299913.0,
        "Diluted EPS": 0.68,
        "Basic EPS": 0.68,
        "Diluted NI Availto Com Stockholders": 10388000.0,
        "Net Income Common Stockholders": 10388000.0,
        "Net Income": 10388000.0,
        "Minority Interests": 267000.0,
        "Net Income Including Noncontrolling Interests": 10121000.0,
        "Net Income Continuous Operations": 10121000.0,
        "Tax Provision": 3908000.0,
        "Pretax Income": 14029000.0,
        "Other Income Expense": -1218000.0,
        "Special Income Charges": 0.0,
        "Gain On Sale Of Business": 0.0,
        "Earnings From Equity Interest": 185000.0,
        "Gain On Sale Of Security": -1403000.0,
        "Net Non Operating Interest Income Expense": 2145000.0,
        "Interest Expense Non Operating": 77000.0,
        "Interest Income Non Operating": 2222000.0,
        "Operating Income": 13102000.0,
        "Operating Expense": 92719000.0,
        "Other Operating Expenses": 72490000.0,
        "Depreciation Amortization Depletion Income Statement": 10135000.0,
        "Depreciation And Amortization In Income Statement": 10135000.0,
        "Selling General And Administration": 10094000.0,
        "General And Administrative Expense": 10094000.0,
        "Rent And Landing Fees": 10094000.0,
        "Gross Profit": 105821000.0,
        "Cost Of Revenue": 182664000.0,
        "Total Revenue": 288485000.0,
        "Operating Revenue": 277005000.0
    },
    "2023-06-30": {
        "Tax Effect Of Unusual Items": NaN,
        "Tax Rate For Calcs": NaN,
        "Normalized EBITDA": NaN,
        "Total Unusual Items": NaN,
        "Total Unusual Items Excluding Goodwill": NaN,
        "Net Income From Continuing Operation Net Minority Interest": NaN,
        "Reconciled Depreciation": NaN,
        "Reconciled Cost Of Revenue": NaN,
        "EBITDA": NaN,
        "EBIT": NaN,
        "Net Interest Income": NaN,
        "Interest Expense": NaN,
        "Interest Income": NaN,
        "Normalized Income": NaN,
        "Net Income From Continuing And Discontinued Operation": NaN,
        "Total Expenses": NaN,
        "Rent Expense Supplemental": NaN,
        "Total Operating Income As Reported": NaN,
        "Diluted Average Shares": NaN,
        "Basic Average Shares": NaN,
        "Diluted EPS": NaN,
        "Basic EPS": NaN,
        "Diluted NI Availto Com Stockholders": NaN,
        "Net Income Common Stockholders": NaN,
        "Net Income": NaN,
        "Minority Interests": NaN,
        "Net Income Including Noncontrolling Interests": NaN,
        "Net Income Continuous Operations": NaN,
        "Tax Provision": NaN,
        "Pretax Income": NaN,
        "Other Income Expense": NaN,
        "Special Income Charges": 0.0,
        "Gain On Sale Of Business": 0.0,
        "Earnings From Equity Interest": NaN,
        "Gain On Sale Of Security": NaN,
        "Net Non Operating Interest Income Expense": NaN,
        "Interest Expense Non Operating": NaN,
        "Interest Income Non Operating": NaN,
        "Operating Income": NaN,
        "Operating Expense": NaN,
        "Other Operating Expenses": NaN,
        "Depreciation Amortization Depletion Income Statement": NaN,
        "Depreciation And Amortization In Income Statement": NaN,
        "Selling General And Administration": NaN,
        "General And Administrative Expense": NaN,
        "Rent And Landing Fees": NaN,
        "Gross Profit": NaN,
        "Cost Of Revenue": NaN,
        "Total Revenue": NaN,
        "Operating Revenue": NaN
    },
    "2023-03-31": {
        "Tax Effect Of Unusual Items": NaN,
        "Tax Rate For Calcs": NaN,
        "Normalized EBITDA": NaN,
        "Total Unusual Items": NaN,
        "Total Unusual Items Excluding Goodwill": NaN,
        "Net Income From Continuing Operation Net Minority Interest": NaN,
        "Reconciled Depreciation": NaN,
        "Reconciled Cost Of Revenue": NaN,
        "EBITDA": NaN,
        "EBIT": NaN,
        "Net Interest Income": NaN,
        "Interest Expense": NaN,
        "Interest Income": NaN,
        "Normalized Income": NaN,
        "Net Income From Continuing And Discontinued Operation": NaN,
        "Total Expenses": NaN,
        "Rent Expense Supplemental": NaN,
        "Total Operating Income As Reported": NaN,
        "Diluted Average Shares": NaN,
        "Basic Average Shares": NaN,
        "Diluted EPS": NaN,
        "Basic EPS": NaN,
        "Diluted NI Availto Com Stockholders": NaN,
        "Net Income Common Stockholders": NaN,
        "Net Income": NaN,
        "Minority Interests": NaN,
        "Net Income Including Noncontrolling Interests": NaN,
        "Net Income Continuous Operations": NaN,
        "Tax Provision": NaN,
        "Pretax Income": NaN,
        "Other Income Expense": NaN,
        "Special Income Charges": NaN,
        "Gain On Sale Of Business": NaN,
        "Earnings From Equity Interest": NaN,
        "Gain On Sale Of Security": NaN,
        "Net Non Operating Interest Income Expense": NaN,
        "Interest Expense Non Operating": NaN,
        "Interest Income Non Operating": NaN,
        "Operating Income": NaN,
        "Operating Expense": NaN,
        "Other Operating Expenses": NaN,
        "Depreciation Amortization Depletion Income Statement": NaN,
        "Depreciation And Amortization In Income Statement": NaN,
        "Selling General And Administration": NaN,
        "General And Administrative Expense": NaN,
        "Rent And Landing Fees": NaN,
        "Salaries And Wages": 167824000.0,
        "Gross Profit": NaN,
        "Cost Of Revenue": NaN,
        "Total Revenue": NaN,
        "Operating Revenue": NaN
    },
    "2024-03-31": {
        "Tax Effect Of Unusual Items": 4631935.0,
        "Tax Rate For Calcs": 0.265,
        "Normalized EBITDA": 28866000.0,
        "Total Unusual Items": 17479000.0,
        "Total Unusual Items Excluding Goodwill": 17479000.0,
        "Net Income From Continuing Operation Net Minority Interest": 26213000.0,
        "Reconciled Depreciation": 10586000.0,
        "Reconciled Cost Of Revenue": 183138000.0,
        "EBITDA": 46345000.0,
        "EBIT": 35759000.0,
        "Net Interest Income": 2492000.0,
        "Interest Expense": 46000.0,
        "Interest Income": 2538000.0,
        "Normalized Income": 13365935.0,
        "Net Income From Continuing And Discontinued Operation": 26213000.0,
        "Total Expenses": 281501000.0,
        "Rent Expense Supplemental": 10348000.0,
        "Total Operating Income As Reported": 15629000.0,
        "Diluted Average Shares": 15505096.0,
        "Basic Average Shares": 15350240.0,
        "Diluted EPS": 1.69,
        "Basic EPS": 1.71,
        "Diluted NI Availto Com Stockholders": 26213000.0,
        "Net Income Common Stockholders": 26213000.0,
        "Net Income": 26213000.0,
        "Minority Interests": -38000.0,
        "Net Income Including Noncontrolling Interests": 26251000.0,
        "Net Income Continuous Operations": 26251000.0,
        "Tax Provision": 9462000.0,
        "Pretax Income": 35713000.0,
        "Other Income Expense": 17546000.0,
        "Special Income Charges": 1024000.0,
        "Gain On Sale Of Business": 1024000.0,
        "Earnings From Equity Interest": 67000.0,
        "Gain On Sale Of Security": 16455000.0,
        "Net Non Operating Interest Income Expense": 2492000.0,
        "Interest Expense Non Operating": 46000.0,
        "Interest Income Non Operating": 2538000.0,
        "Operating Income": 15675000.0,
        "Operating Expense": 98363000.0,
        "Other Operating Expenses": 77429000.0,
        "Depreciation Amortization Depletion Income Statement": 10586000.0,
        "Depreciation And Amortization In Income Statement": 10586000.0,
        "Selling General And Administration": 10348000.0,
        "General And Administrative Expense": 10348000.0,
        "Rent And Landing Fees": 10348000.0,
        "Gross Profit": 114038000.0,
        "Cost Of Revenue": 183138000.0,
        "Total Revenue": 297176000.0,
        "Operating Revenue": 285823000.0
    },
    "2022-12-31": {
        "Tax Effect Of Unusual Items": NaN,
        "Tax Rate For Calcs": NaN,
        "Normalized EBITDA": NaN,
        "Total Unusual Items": NaN,
        "Total Unusual Items Excluding Goodwill": NaN,
        "Net Income From Continuing Operation Net Minority Interest": NaN,
        "Reconciled Depreciation": NaN,
        "Reconciled Cost Of Revenue": NaN,
        "EBITDA": NaN,
        "EBIT": NaN,
        "Net Interest Income": NaN,
        "Interest Expense": NaN,
        "Interest Income": NaN,
        "Normalized Income": NaN,
        "Net Income From Continuing And Discontinued Operation": NaN,
        "Total Expenses": NaN,
        "Rent Expense Supplemental": NaN,
        "Total Operating Income As Reported": NaN,
        "Diluted Average Shares": NaN,
        "Basic Average Shares": NaN,
        "Diluted EPS": NaN,
        "Basic EPS": NaN,
        "Diluted NI Availto Com Stockholders": NaN,
        "Net Income Common Stockholders": NaN,
        "Net Income": NaN,
        "Minority Interests": NaN,
        "Net Income Including Noncontrolling Interests": NaN,
        "Net Income Continuous Operations": NaN,
        "Tax Provision": NaN,
        "Pretax Income": NaN,
        "Other Income Expense": NaN,
        "Special Income Charges": 3728000.0,
        "Gain On Sale Of Business": NaN,
        "Restructuring And Mergern Acquisition": 0.0,
        "Earnings From Equity Interest": NaN,
        "Gain On Sale Of Security": NaN,
        "Net Non Operating Interest Income Expense": NaN,
        "Interest Expense Non Operating": NaN,
        "Interest Income Non Operating": NaN,
        "Operating Income": NaN,
        "Operating Expense": NaN,
        "Other Operating Expenses": NaN,
        "Depreciation Amortization Depletion Income Statement": NaN,
        "Depreciation And Amortization In Income Statement": NaN,
        "Selling General And Administration": NaN,
        "General And Administrative Expense": NaN,
        "Rent And Landing Fees": NaN,
        "Salaries And Wages": 167341000.0,
        "Gross Profit": NaN,
        "Cost Of Revenue": NaN,
        "Total Revenue": NaN,
        "Operating Revenue": NaN
    },
    "2022-09-30": {
        "Tax Effect Of Unusual Items": NaN,
        "Tax Rate For Calcs": NaN,
        "Normalized EBITDA": NaN,
        "Total Unusual Items": NaN,
        "Total Unusual Items Excluding Goodwill": NaN,
        "Net Income From Continuing Operation Net Minority Interest": NaN,
        "Reconciled Depreciation": NaN,
        "Reconciled Cost Of Revenue": NaN,
        "EBITDA": NaN,
        "EBIT": NaN,
        "Net Interest Income": NaN,
        "Interest Expense": NaN,
        "Interest Income": NaN,
        "Normalized Income": NaN,
        "Net Income From Continuing And Discontinued Operation": NaN,
        "Total Expenses": NaN,
        "Rent Expense Supplemental": NaN,
        "Total Operating Income As Reported": NaN,
        "Diluted Average Shares": NaN,
        "Basic Average Shares": NaN,
        "Diluted EPS": NaN,
        "Basic EPS": NaN,
        "Diluted NI Availto Com Stockholders": NaN,
        "Net Income Common Stockholders": NaN,
        "Net Income": NaN,
        "Minority Interests": NaN,
        "Net Income Including Noncontrolling Interests": NaN,
        "Net Income Continuous Operations": NaN,
        "Tax Provision": NaN,
        "Pretax Income": NaN,
        "Other Income Expense": NaN,
        "Special Income Charges": 0.0,
        "Gain On Sale Of Business": NaN,
        "Restructuring And Mergern Acquisition": 0.0,
        "Earnings From Equity Interest": NaN,
        "Gain On Sale Of Security": NaN,
        "Net Non Operating Interest Income Expense": NaN,
        "Interest Expense Non Operating": NaN,
        "Interest Income Non Operating": NaN,
        "Operating Income": NaN,
        "Operating Expense": NaN,
        "Other Operating Expenses": NaN,
        "Depreciation Amortization Depletion Income Statement": NaN,
        "Depreciation And Amortization In Income Statement": NaN,
        "Selling General And Administration": NaN,
        "General And Administrative Expense": NaN,
        "Rent And Landing Fees": NaN,
        "Salaries And Wages": 173198000.0,
        "Gross Profit": NaN,
        "Cost Of Revenue": NaN,
        "Total Revenue": NaN,
        "Operating Revenue": NaN
    },
    "2024-06-30": {
        "Tax Effect Of Unusual Items": 2809632.0,
        "Tax Rate For Calcs": 0.259,
        "Normalized EBITDA": 35090000.0,
        "Total Unusual Items": 10848000.0,
        "Total Unusual Items Excluding Goodwill": 10848000.0,
        "Net Income From Continuing Operation Net Minority Interest": 26844000.0,
        "Reconciled Depreciation": 9338000.0,
        "Reconciled Cost Of Revenue": 180076000.0,
        "EBITDA": 45938000.0,
        "EBIT": 36600000.0,
        "Net Interest Income": 2648000.0,
        "Interest Expense": 0.0,
        "Interest Income": 2648000.0,
        "Normalized Income": 18805632.0,
        "Net Income From Continuing And Discontinued Operation": 26844000.0,
        "Total Expenses": 268693000.0,
        "Rent Expense Supplemental": 10570000.0,
        "Total Operating Income As Reported": 22520000.0,
        "Diluted Average Shares": 15555612.0,
        "Basic Average Shares": 15391535.0,
        "Diluted EPS": 1.73,
        "Basic EPS": 1.74,
        "Diluted NI Availto Com Stockholders": 26844000.0,
        "Net Income Common Stockholders": 26844000.0,
        "Net Income": 26844000.0,
        "Minority Interests": -262000.0,
        "Net Income Including Noncontrolling Interests": 27106000.0,
        "Net Income Continuous Operations": 27106000.0,
        "Tax Provision": 9494000.0,
        "Pretax Income": 36600000.0,
        "Other Income Expense": 11432000.0,
        "Special Income Charges": 0.0,
        "Gain On Sale Of Business": 0.0,
        "Earnings From Equity Interest": 584000.0,
        "Gain On Sale Of Security": 10848000.0,
        "Net Non Operating Interest Income Expense": 2648000.0,
        "Interest Expense Non Operating": 0.0,
        "Interest Income Non Operating": 2648000.0,
        "Operating Income": 22520000.0,
        "Operating Expense": 88617000.0,
        "Other Operating Expenses": 68709000.0,
        "Depreciation Amortization Depletion Income Statement": 9338000.0,
        "Depreciation And Amortization In Income Statement": 9338000.0,
        "Selling General And Administration": 10570000.0,
        "General And Administrative Expense": 10570000.0,
        "Rent And Landing Fees": 10570000.0,
        "Gross Profit": 111137000.0,
        "Cost Of Revenue": 180076000.0,
        "Total Revenue": 291213000.0,
        "Operating Revenue": 279918000.0
    },
    "2024-09-30": {
        "Tax Effect Of Unusual Items": 9104278.231503,
        "Tax Rate For Calcs": 0.264275,
        "Normalized EBITDA": 35949000.0,
        "Total Unusual Items": 34450000.0,
        "Total Unusual Items Excluding Goodwill": 34450000.0,
        "Net Income From Continuing Operation Net Minority Interest": 42789000.0,
        "Reconciled Depreciation": 10619000.0,
        "Reconciled Cost Of Revenue": 213395000.0,
        "EBITDA": 70399000.0,
        "EBIT": 59780000.0,
        "Net Interest Income": 861000.0,
        "Interest Expense": 1742000.0,
        "Interest Income": 2603000.0,
        "Normalized Income": 17443278.231503,
        "Net Income From Continuing And Discontinued Operation": 42789000.0,
        "Total Expenses": 317409000.0,
        "Rent Expense Supplemental": 10886000.0,
        "Total Operating Income As Reported": 21047000.0,
        "Diluted Average Shares": 15667321.0,
        "Basic Average Shares": 15411680.0,
        "Diluted EPS": 2.73,
        "Basic EPS": 2.78,
        "Diluted NI Availto Com Stockholders": 42789000.0,
        "Net Income Common Stockholders": 42789000.0,
        "Net Income": 42789000.0,
        "Minority Interests": 89000.0,
        "Net Income Including Noncontrolling Interests": 42700000.0,
        "Net Income Continuous Operations": 42700000.0,
        "Tax Provision": 15338000.0,
        "Pretax Income": 58038000.0,
        "Other Income Expense": 34388000.0,
        "Special Income Charges": 0.0,
        "Gain On Sale Of Business": 0.0,
        "Earnings From Equity Interest": -62000.0,
        "Gain On Sale Of Security": 34450000.0,
        "Net Non Operating Interest Income Expense": 861000.0,
        "Interest Expense Non Operating": 1742000.0,
        "Interest Income Non Operating": 2603000.0,
        "Operating Income": 22789000.0,
        "Operating Expense": 104014000.0,
        "Other Operating Expenses": 82509000.0,
        "Depreciation Amortization Depletion Income Statement": 10619000.0,
        "Depreciation And Amortization In Income Statement": 10619000.0,
        "Selling General And Administration": 10886000.0,
        "General And Administrative Expense": 10886000.0,
        "Rent And Landing Fees": 10886000.0,
        "Gross Profit": 126803000.0,
        "Cost Of Revenue": 213395000.0,
        "Total Revenue": 340198000.0,
        "Operating Revenue": 328674000.0
    }
}