{
    "2023-03-31": {
        "Tax Effect Of Unusual Items": NaN,
        "Tax Rate For Calcs": NaN,
        "Normalized EBITDA": NaN,
        "Total Unusual Items": NaN,
        "Total Unusual Items Excluding Goodwill": NaN,
        "Net Income From Continuing Operation Net Minority Interest": NaN,
        "Reconciled Depreciation": NaN,
        "Reconciled Cost Of Revenue": NaN,
        "EBITDA": NaN,
        "EBIT": NaN,
        "Net Interest Income": NaN,
        "Interest Expense": NaN,
        "Interest Income": NaN,
        "Normalized Income": NaN,
        "Net Income From Continuing And Discontinued Operation": NaN,
        "Total Expenses": NaN,
        "Total Operating Income As Reported": NaN,
        "Diluted Average Shares": NaN,
        "Basic Average Shares": NaN,
        "Diluted EPS": NaN,
        "Basic EPS": NaN,
        "Diluted NI Availto Com Stockholders": NaN,
        "Average Dilution Earnings": NaN,
        "Net Income Common Stockholders": NaN,
        "Otherunder Preferred Stock Dividend": NaN,
        "Preferred Stock Dividends": 13800000.0,
        "Net Income": NaN,
        "Minority Interests": NaN,
        "Net Income Including Noncontrolling Interests": NaN,
        "Net Income Continuous Operations": NaN,
        "Tax Provision": NaN,
        "Pretax Income": NaN,
        "Other Income Expense": NaN,
        "Other Non Operating Income Expenses": NaN,
        "Special Income Charges": NaN,
        "Gain On Sale Of Ppe": NaN,
        "Other Special Charges": NaN,
        "Write Off": NaN,
        "Net Non Operating Interest Income Expense": NaN,
        "Interest Expense Non Operating": NaN,
        "Interest Income Non Operating": NaN,
        "Operating Income": NaN,
        "Operating Expense": NaN,
        "Other Taxes": NaN,
        "Depreciation Amortization Depletion Income Statement": NaN,
        "Depreciation And Amortization In Income Statement": NaN,
        "Selling General And Administration": NaN,
        "General And Administrative Expense": NaN,
        "Salaries And Wages": NaN,
        "Gross Profit": NaN,
        "Cost Of Revenue": NaN,
        "Total Revenue": NaN,
        "Operating Revenue": NaN
    },
    "2022-12-31": {
        "Tax Effect Of Unusual Items": NaN,
        "Tax Rate For Calcs": NaN,
        "Normalized EBITDA": NaN,
        "Total Unusual Items": NaN,
        "Total Unusual Items Excluding Goodwill": NaN,
        "Net Income From Continuing Operation Net Minority Interest": NaN,
        "Reconciled Depreciation": NaN,
        "Reconciled Cost Of Revenue": NaN,
        "EBITDA": NaN,
        "EBIT": NaN,
        "Net Interest Income": NaN,
        "Interest Expense": NaN,
        "Interest Income": NaN,
        "Normalized Income": NaN,
        "Net Income From Continuing And Discontinued Operation": NaN,
        "Total Expenses": NaN,
        "Total Operating Income As Reported": NaN,
        "Diluted Average Shares": NaN,
        "Basic Average Shares": NaN,
        "Diluted EPS": NaN,
        "Basic EPS": NaN,
        "Diluted NI Availto Com Stockholders": NaN,
        "Average Dilution Earnings": NaN,
        "Net Income Common Stockholders": NaN,
        "Otherunder Preferred Stock Dividend": NaN,
        "Preferred Stock Dividends": NaN,
        "Net Income": NaN,
        "Minority Interests": NaN,
        "Net Income Including Noncontrolling Interests": NaN,
        "Net Income Continuous Operations": NaN,
        "Tax Provision": NaN,
        "Pretax Income": NaN,
        "Other Income Expense": NaN,
        "Other Non Operating Income Expenses": NaN,
        "Special Income Charges": NaN,
        "Gain On Sale Of Ppe": -1100000.0,
        "Other Special Charges": NaN,
        "Net Non Operating Interest Income Expense": NaN,
        "Interest Expense Non Operating": NaN,
        "Interest Income Non Operating": NaN,
        "Operating Income": NaN,
        "Operating Expense": NaN,
        "Other Taxes": NaN,
        "Depreciation Amortization Depletion Income Statement": NaN,
        "Depreciation And Amortization In Income Statement": NaN,
        "Selling General And Administration": NaN,
        "General And Administrative Expense": NaN,
        "Salaries And Wages": NaN,
        "Gross Profit": NaN,
        "Cost Of Revenue": NaN,
        "Total Revenue": NaN,
        "Operating Revenue": NaN
    },
    "2022-09-30": {
        "Tax Effect Of Unusual Items": NaN,
        "Tax Rate For Calcs": NaN,
        "Normalized EBITDA": NaN,
        "Total Unusual Items": NaN,
        "Total Unusual Items Excluding Goodwill": NaN,
        "Net Income From Continuing Operation Net Minority Interest": NaN,
        "Reconciled Depreciation": NaN,
        "Reconciled Cost Of Revenue": NaN,
        "EBITDA": NaN,
        "EBIT": NaN,
        "Net Interest Income": NaN,
        "Interest Expense": NaN,
        "Interest Income": NaN,
        "Normalized Income": NaN,
        "Net Income From Continuing And Discontinued Operation": NaN,
        "Total Expenses": NaN,
        "Total Operating Income As Reported": NaN,
        "Diluted Average Shares": 443400000.0,
        "Basic Average Shares": 406500000.0,
        "Diluted EPS": 0.12,
        "Basic EPS": 0.13,
        "Diluted NI Availto Com Stockholders": NaN,
        "Average Dilution Earnings": 500000.0,
        "Net Income Common Stockholders": NaN,
        "Otherunder Preferred Stock Dividend": NaN,
        "Preferred Stock Dividends": NaN,
        "Net Income": NaN,
        "Minority Interests": NaN,
        "Net Income Including Noncontrolling Interests": NaN,
        "Net Income Continuous Operations": NaN,
        "Tax Provision": NaN,
        "Pretax Income": NaN,
        "Other Income Expense": NaN,
        "Other Non Operating Income Expenses": NaN,
        "Special Income Charges": NaN,
        "Gain On Sale Of Ppe": NaN,
        "Other Special Charges": NaN,
        "Net Non Operating Interest Income Expense": NaN,
        "Interest Expense Non Operating": NaN,
        "Interest Income Non Operating": NaN,
        "Operating Income": NaN,
        "Operating Expense": NaN,
        "Other Taxes": NaN,
        "Depreciation Amortization Depletion Income Statement": NaN,
        "Depreciation And Amortization In Income Statement": NaN,
        "Selling General And Administration": NaN,
        "General And Administrative Expense": NaN,
        "Salaries And Wages": NaN,
        "Gross Profit": NaN,
        "Cost Of Revenue": NaN,
        "Total Revenue": NaN,
        "Operating Revenue": NaN
    },
    "2022-06-30": {
        "Tax Effect Of Unusual Items": 708000.0,
        "Tax Rate For Calcs": 0.177,
        "Normalized EBITDA": 357000000.0,
        "Total Unusual Items": 4000000.0,
        "Total Unusual Items Excluding Goodwill": 4000000.0,
        "Net Income From Continuing Operation Net Minority Interest": 67000000.0,
        "Reconciled Depreciation": 208700000.0,
        "Reconciled Cost Of Revenue": 765600000.0,
        "EBITDA": 361000000.0,
        "EBIT": 152300000.0,
        "Net Interest Income": -83900000.0,
        "Interest Expense": 84500000.0,
        "Interest Income": 600000.0,
        "Normalized Income": 63708000.0,
        "Net Income From Continuing And Discontinued Operation": 67000000.0,
        "Total Expenses": 1039900000.0,
        "Total Operating Income As Reported": 143300000.0,
        "Diluted Average Shares": 440200000.0,
        "Basic Average Shares": 406400000.0,
        "Diluted EPS": 0.12,
        "Basic EPS": 0.13,
        "Diluted NI Availto Com Stockholders": 53700000.0,
        "Average Dilution Earnings": 500000.0,
        "Net Income Common Stockholders": 53200000.0,
        "Otherunder Preferred Stock Dividend": NaN,
        "Preferred Stock Dividends": 13800000.0,
        "Net Income": 67000000.0,
        "Minority Interests": 11200000.0,
        "Net Income Including Noncontrolling Interests": 55800000.0,
        "Net Income Continuous Operations": 55800000.0,
        "Tax Provision": 12000000.0,
        "Pretax Income": 67800000.0,
        "Other Income Expense": 8400000.0,
        "Other Non Operating Income Expenses": 4400000.0,
        "Special Income Charges": 4000000.0,
        "Gain On Sale Of Ppe": 0.0,
        "Other Special Charges": -4000000.0,
        "Net Non Operating Interest Income Expense": -83900000.0,
        "Interest Expense Non Operating": 84500000.0,
        "Interest Income Non Operating": 600000.0,
        "Operating Income": 143300000.0,
        "Operating Expense": 274300000.0,
        "Other Taxes": 65600000.0,
        "Depreciation Amortization Depletion Income Statement": 208700000.0,
        "Depreciation And Amortization In Income Statement": 208700000.0,
        "Gross Profit": 417600000.0,
        "Cost Of Revenue": 765600000.0,
        "Total Revenue": 1183200000.0,
        "Operating Revenue": 1156500000.0
    },
    "2023-06-30": {
        "Tax Effect Of Unusual Items": NaN,
        "Tax Rate For Calcs": NaN,
        "Normalized EBITDA": NaN,
        "Total Unusual Items": NaN,
        "Total Unusual Items Excluding Goodwill": NaN,
        "Net Income From Continuing Operation Net Minority Interest": NaN,
        "Reconciled Depreciation": NaN,
        "Reconciled Cost Of Revenue": NaN,
        "EBITDA": NaN,
        "EBIT": NaN,
        "Net Interest Income": NaN,
        "Interest Expense": NaN,
        "Interest Income": NaN,
        "Normalized Income": NaN,
        "Net Income From Continuing And Discontinued Operation": NaN,
        "Total Expenses": NaN,
        "Total Operating Income As Reported": NaN,
        "Diluted Average Shares": 446800000.0,
        "Basic Average Shares": 413300000.0,
        "Diluted EPS": 0.09,
        "Basic EPS": 0.1,
        "Diluted NI Availto Com Stockholders": NaN,
        "Average Dilution Earnings": 400000.0,
        "Net Income Common Stockholders": NaN,
        "Otherunder Preferred Stock Dividend": NaN,
        "Preferred Stock Dividends": 12700000.0,
        "Net Income": NaN,
        "Minority Interests": NaN,
        "Net Income Including Noncontrolling Interests": NaN,
        "Net Income Continuous Operations": NaN,
        "Tax Provision": NaN,
        "Pretax Income": NaN,
        "Other Income Expense": NaN,
        "Other Non Operating Income Expenses": NaN,
        "Special Income Charges": NaN,
        "Gain On Sale Of Ppe": 300000.0,
        "Other Special Charges": NaN,
        "Write Off": 0.0,
        "Net Non Operating Interest Income Expense": NaN,
        "Interest Expense Non Operating": NaN,
        "Interest Income Non Operating": NaN,
        "Operating Income": NaN,
        "Operating Expense": NaN,
        "Other Taxes": NaN,
        "Depreciation Amortization Depletion Income Statement": NaN,
        "Depreciation And Amortization In Income Statement": NaN,
        "Selling General And Administration": NaN,
        "General And Administrative Expense": NaN,
        "Salaries And Wages": NaN,
        "Gross Profit": NaN,
        "Cost Of Revenue": NaN,
        "Total Revenue": NaN,
        "Operating Revenue": NaN
    },
    "2023-09-30": {
        "Tax Effect Of Unusual Items": 229400.0,
        "Tax Rate For Calcs": 0.037,
        "Normalized EBITDA": 436100000.0,
        "Total Unusual Items": 6200000.0,
        "Total Unusual Items Excluding Goodwill": 6200000.0,
        "Net Income From Continuing Operation Net Minority Interest": 85100000.0,
        "Reconciled Depreciation": 210900000.0,
        "Reconciled Cost Of Revenue": 522500000.0,
        "EBITDA": 442300000.0,
        "EBIT": 231400000.0,
        "Net Interest Income": -126500000.0,
        "Interest Expense": 129200000.0,
        "Interest Income": 2700000.0,
        "Normalized Income": 79129400.0,
        "Net Income From Continuing And Discontinued Operation": 85100000.0,
        "Total Expenses": 804400000.0,
        "Total Operating Income As Reported": 233000000.0,
        "Diluted Average Shares": 448300000.0,
        "Basic Average Shares": 413500000.0,
        "Diluted EPS": 0.17,
        "Basic EPS": 0.19,
        "Diluted NI Availto Com Stockholders": 77300000.0,
        "Average Dilution Earnings": 300000.0,
        "Net Income Common Stockholders": 77000000.0,
        "Otherunder Preferred Stock Dividend": 0.0,
        "Preferred Stock Dividends": 8100000.0,
        "Net Income": 85100000.0,
        "Minority Interests": -13300000.0,
        "Net Income Including Noncontrolling Interests": 98400000.0,
        "Net Income Continuous Operations": 98400000.0,
        "Tax Provision": 3800000.0,
        "Pretax Income": 102200000.0,
        "Other Income Expense": 5700000.0,
        "Other Non Operating Income Expenses": -500000.0,
        "Special Income Charges": 6200000.0,
        "Gain On Sale Of Ppe": 200000.0,
        "Other Special Charges": -6000000.0,
        "Write Off": 0.0,
        "Net Non Operating Interest Income Expense": -126500000.0,
        "Interest Expense Non Operating": 129200000.0,
        "Interest Income Non Operating": 2700000.0,
        "Operating Income": 223000000.0,
        "Operating Expense": 281900000.0,
        "Other Taxes": 61200000.0,
        "Depreciation Amortization Depletion Income Statement": 210900000.0,
        "Depreciation And Amortization In Income Statement": 210900000.0,
        "Selling General And Administration": 9800000.0,
        "General And Administrative Expense": 9800000.0,
        "Salaries And Wages": 9800000.0,
        "Gross Profit": 504900000.0,
        "Cost Of Revenue": 522500000.0,
        "Total Revenue": 1027400000.0,
        "Operating Revenue": 1002600000.0
    },
    "2023-12-31": {
        "Tax Effect Of Unusual Items": 754677.206851,
        "Tax Rate For Calcs": 0.157224,
        "Normalized EBITDA": 632800000.0,
        "Total Unusual Items": 4800000.0,
        "Total Unusual Items Excluding Goodwill": 4800000.0,
        "Net Income From Continuing Operation Net Minority Interest": 237400000.0,
        "Reconciled Depreciation": 257300000.0,
        "Reconciled Cost Of Revenue": 728000000.0,
        "EBITDA": 637600000.0,
        "EBIT": 380300000.0,
        "Net Interest Income": -138300000.0,
        "Interest Expense": 152600000.0,
        "Interest Income": 2700000.0,
        "Normalized Income": 233354677.206851,
        "Net Income From Continuing And Discontinued Operation": 237400000.0,
        "Total Expenses": 1061800000.0,
        "Total Operating Income As Reported": 362600000.0,
        "Diluted Average Shares": NaN,
        "Basic Average Shares": NaN,
        "Diluted EPS": NaN,
        "Basic EPS": NaN,
        "Diluted NI Availto Com Stockholders": 224700000.0,
        "Average Dilution Earnings": NaN,
        "Net Income Common Stockholders": 225600000.0,
        "Otherunder Preferred Stock Dividend": 3600000.0,
        "Preferred Stock Dividends": 8200000.0,
        "Net Income": 237400000.0,
        "Minority Interests": 45500000.0,
        "Net Income Including Noncontrolling Interests": 191900000.0,
        "Net Income Continuous Operations": 191900000.0,
        "Tax Provision": 35800000.0,
        "Pretax Income": 227700000.0,
        "Other Income Expense": 5800000.0,
        "Other Non Operating Income Expenses": 1000000.0,
        "Special Income Charges": 4800000.0,
        "Gain On Sale Of Ppe": -3400000.0,
        "Other Special Charges": -8200000.0,
        "Write Off": NaN,
        "Net Non Operating Interest Income Expense": -138300000.0,
        "Interest Expense Non Operating": 152600000.0,
        "Interest Income Non Operating": 2700000.0,
        "Operating Income": 360200000.0,
        "Operating Expense": 333800000.0,
        "Other Taxes": 70700000.0,
        "Depreciation Amortization Depletion Income Statement": 257300000.0,
        "Depreciation And Amortization In Income Statement": 257300000.0,
        "Selling General And Administration": 5800000.0,
        "General And Administrative Expense": 5800000.0,
        "Salaries And Wages": 5800000.0,
        "Gross Profit": 694000000.0,
        "Cost Of Revenue": 728000000.0,
        "Total Revenue": 1422000000.0,
        "Operating Revenue": 1381900000.0
    },
    "2024-03-31": {
        "Tax Effect Of Unusual Items": 1808000.0,
        "Tax Rate For Calcs": 0.16,
        "Normalized EBITDA": 823400000.0,
        "Total Unusual Items": 11300000.0,
        "Total Unusual Items Excluding Goodwill": 11300000.0,
        "Net Income From Continuing Operation Net Minority Interest": 365000000.0,
        "Reconciled Depreciation": 242100000.0,
        "Reconciled Cost Of Revenue": 803400000.0,
        "EBITDA": 834700000.0,
        "EBIT": 592600000.0,
        "Net Interest Income": -113800000.0,
        "Interest Expense": 116300000.0,
        "Interest Income": 2500000.0,
        "Normalized Income": 355508000.0,
        "Net Income From Continuing And Discontinued Operation": 365000000.0,
        "Total Expenses": 1125100000.0,
        "Total Operating Income As Reported": 583400000.0,
        "Diluted Average Shares": 449400000.0,
        "Basic Average Shares": 447900000.0,
        "Diluted EPS": 0.77,
        "Basic EPS": 0.77,
        "Diluted NI Availto Com Stockholders": 344000000.0,
        "Average Dilution Earnings": 0.0,
        "Net Income Common Stockholders": 344000000.0,
        "Otherunder Preferred Stock Dividend": 14300000.0,
        "Preferred Stock Dividends": 6700000.0,
        "Net Income": 365000000.0,
        "Minority Interests": -35300000.0,
        "Net Income Including Noncontrolling Interests": 400300000.0,
        "Net Income Continuous Operations": 400300000.0,
        "Tax Provision": 76000000.0,
        "Pretax Income": 476300000.0,
        "Other Income Expense": 8900000.0,
        "Other Non Operating Income Expenses": -2400000.0,
        "Special Income Charges": 11300000.0,
        "Gain On Sale Of Ppe": NaN,
        "Other Special Charges": -11300000.0,
        "Write Off": NaN,
        "Net Non Operating Interest Income Expense": -113800000.0,
        "Interest Expense Non Operating": 116300000.0,
        "Interest Income Non Operating": 2500000.0,
        "Operating Income": 581200000.0,
        "Operating Expense": 321700000.0,
        "Other Taxes": 77400000.0,
        "Depreciation Amortization Depletion Income Statement": 242100000.0,
        "Depreciation And Amortization In Income Statement": 242100000.0,
        "Selling General And Administration": 2200000.0,
        "General And Administrative Expense": 2200000.0,
        "Salaries And Wages": 2200000.0,
        "Gross Profit": 902900000.0,
        "Cost Of Revenue": 803400000.0,
        "Total Revenue": 1706300000.0,
        "Operating Revenue": 1643000000.0
    },
    "2024-06-30": {
        "Tax Effect Of Unusual Items": 1284800.0,
        "Tax Rate For Calcs": 0.146,
        "Normalized EBITDA": 494700000.0,
        "Total Unusual Items": 8800000.0,
        "Total Unusual Items Excluding Goodwill": 8800000.0,
        "Net Income From Continuing Operation Net Minority Interest": 85800000.0,
        "Reconciled Depreciation": 253500000.0,
        "Reconciled Cost Of Revenue": 522400000.0,
        "EBITDA": 503500000.0,
        "EBIT": 250000000.0,
        "Net Interest Income": -127400000.0,
        "Interest Expense": 129300000.0,
        "Interest Income": 1900000.0,
        "Normalized Income": 78284800.0,
        "Net Income From Continuing And Discontinued Operation": 85800000.0,
        "Total Expenses": 845300000.0,
        "Total Operating Income As Reported": 237000000.0,
        "Diluted Average Shares": 450200000.0,
        "Basic Average Shares": 448500000.0,
        "Diluted EPS": 0.19,
        "Basic EPS": 0.19,
        "Diluted NI Availto Com Stockholders": 85400000.0,
        "Average Dilution Earnings": -400000.0,
        "Net Income Common Stockholders": 85800000.0,
        "Otherunder Preferred Stock Dividend": 0.0,
        "Preferred Stock Dividends": NaN,
        "Net Income": 85800000.0,
        "Minority Interests": -17300000.0,
        "Net Income Including Noncontrolling Interests": 103100000.0,
        "Net Income Continuous Operations": 103100000.0,
        "Tax Provision": 17600000.0,
        "Pretax Income": 120700000.0,
        "Other Income Expense": 8700000.0,
        "Other Non Operating Income Expenses": -100000.0,
        "Special Income Charges": 8800000.0,
        "Gain On Sale Of Ppe": -1600000.0,
        "Other Special Charges": -13300000.0,
        "Write Off": 2900000.0,
        "Net Non Operating Interest Income Expense": -127400000.0,
        "Interest Expense Non Operating": 129300000.0,
        "Interest Income Non Operating": 1900000.0,
        "Operating Income": 239400000.0,
        "Operating Expense": 322900000.0,
        "Other Taxes": 67300000.0,
        "Depreciation Amortization Depletion Income Statement": 253500000.0,
        "Depreciation And Amortization In Income Statement": 253500000.0,
        "Selling General And Administration": 2100000.0,
        "General And Administrative Expense": 2100000.0,
        "Salaries And Wages": 2100000.0,
        "Gross Profit": 562300000.0,
        "Cost Of Revenue": 522400000.0,
        "Total Revenue": 1084700000.0,
        "Operating Revenue": 1054100000.0
    },
    "2024-09-30": {
        "Tax Effect Of Unusual Items": 4596600.0,
        "Tax Rate For Calcs": 0.141,
        "Normalized EBITDA": 484400000.0,
        "Total Unusual Items": 32600000.0,
        "Total Unusual Items Excluding Goodwill": 32600000.0,
        "Net Income From Continuing Operation Net Minority Interest": 85700000.0,
        "Reconciled Depreciation": 269500000.0,
        "Reconciled Cost Of Revenue": 523300000.0,
        "EBITDA": 517000000.0,
        "EBIT": 247500000.0,
        "Net Interest Income": -131200000.0,
        "Interest Expense": 134600000.0,
        "Interest Income": 3400000.0,
        "Normalized Income": 57696600.0,
        "Net Income From Continuing And Discontinued Operation": 85700000.0,
        "Total Expenses": 864400000.0,
        "Total Operating Income As Reported": 218300000.0,
        "Diluted Average Shares": 454500000.0,
        "Basic Average Shares": 451900000.0,
        "Diluted EPS": 0.19,
        "Basic EPS": 0.19,
        "Diluted NI Availto Com Stockholders": 85500000.0,
        "Average Dilution Earnings": -200000.0,
        "Net Income Common Stockholders": 85700000.0,
        "Otherunder Preferred Stock Dividend": 0.0,
        "Preferred Stock Dividends": NaN,
        "Net Income": 85700000.0,
        "Minority Interests": -11300000.0,
        "Net Income Including Noncontrolling Interests": 97000000.0,
        "Net Income Continuous Operations": 97000000.0,
        "Tax Provision": 15900000.0,
        "Pretax Income": 112900000.0,
        "Other Income Expense": 32200000.0,
        "Other Non Operating Income Expenses": -400000.0,
        "Special Income Charges": 32600000.0,
        "Gain On Sale Of Ppe": 500000.0,
        "Other Special Charges": -32100000.0,
        "Write Off": 0.0,
        "Net Non Operating Interest Income Expense": -131200000.0,
        "Interest Expense Non Operating": 134600000.0,
        "Interest Income Non Operating": 3400000.0,
        "Operating Income": 211900000.0,
        "Operating Expense": 341100000.0,
        "Other Taxes": 65700000.0,
        "Depreciation Amortization Depletion Income Statement": 269500000.0,
        "Depreciation And Amortization In Income Statement": 269500000.0,
        "Selling General And Administration": 5900000.0,
        "General And Administrative Expense": 5900000.0,
        "Salaries And Wages": 5900000.0,
        "Gross Profit": 553000000.0,
        "Cost Of Revenue": 523300000.0,
        "Total Revenue": 1076300000.0,
        "Operating Revenue": 1046100000.0
    }
}