{
    "2023-05-31": {
        "Tax Effect Of Unusual Items": 0.0,
        "Tax Rate For Calcs": 0.173,
        "Normalized EBITDA": 1221000000.0,
        "Net Income From Continuing Operation Net Minority Interest": 1031000000.0,
        "Reconciled Depreciation": 236000000.0,
        "Reconciled Cost Of Revenue": 7230000000.0,
        "EBIT": 1221000000.0,
        "Net Interest Income": 28000000.0,
        "Normalized Income": 1031000000.0,
        "Net Income From Continuing And Discontinued Operation": 1031000000.0,
        "Total Expenses": 11604000000.0,
        "Diluted Average Shares": 1556000000.0,
        "Basic Average Shares": 1536300000.0,
        "Diluted EPS": 0.66,
        "Basic EPS": 0.67,
        "Diluted NI Availto Com Stockholders": 1031000000.0,
        "Net Income Common Stockholders": 1031000000.0,
        "Net Income": 1031000000.0,
        "Net Income Including Noncontrolling Interests": 1031000000.0,
        "Net Income Continuous Operations": 1031000000.0,
        "Tax Provision": 215000000.0,
        "Pretax Income": 1246000000.0,
        "Other Income Expense": -3000000.0,
        "Other Non Operating Income Expenses": -3000000.0,
        "Net Non Operating Interest Income Expense": 28000000.0,
        "Total Other Finance Cost": -28000000.0,
        "Operating Income": 1221000000.0,
        "Operating Expense": 4374000000.0,
        "Other Operating Expenses": 3282000000.0,
        "Selling General And Administration": 1092000000.0,
        "Selling And Marketing Expense": 1092000000.0,
        "General And Administrative Expense": 3282000000.0,
        "Other Gand A": 3282000000.0,
        "Gross Profit": 5595000000.0,
        "Cost Of Revenue": 7230000000.0,
        "Total Revenue": 12825000000.0,
        "Operating Revenue": 12825000000.0
    },
    "2023-02-28": {
        "Tax Effect Of Unusual Items": 0.0,
        "Tax Rate For Calcs": 0.16,
        "Normalized EBITDA": 1412000000.0,
        "Net Income From Continuing Operation Net Minority Interest": 1240000000.0,
        "Reconciled Depreciation": 144000000.0,
        "Reconciled Cost Of Revenue": 7019000000.0,
        "EBIT": 1412000000.0,
        "Net Interest Income": 7000000.0,
        "Normalized Income": 1240000000.0,
        "Net Income From Continuing And Discontinued Operation": 1240000000.0,
        "Total Expenses": 10978000000.0,
        "Diluted Average Shares": 1564800000.0,
        "Basic Average Shares": 1543800000.0,
        "Diluted EPS": 0.79,
        "Basic EPS": 0.8,
        "Diluted NI Availto Com Stockholders": 1240000000.0,
        "Net Income Common Stockholders": 1240000000.0,
        "Net Income": 1240000000.0,
        "Net Income Including Noncontrolling Interests": 1240000000.0,
        "Net Income Continuous Operations": 1240000000.0,
        "Tax Provision": 237000000.0,
        "Pretax Income": 1477000000.0,
        "Other Income Expense": 58000000.0,
        "Other Non Operating Income Expenses": 58000000.0,
        "Net Non Operating Interest Income Expense": 7000000.0,
        "Total Other Finance Cost": -7000000.0,
        "Operating Income": 1412000000.0,
        "Operating Expense": 3959000000.0,
        "Other Operating Expenses": 3036000000.0,
        "Selling General And Administration": 923000000.0,
        "Selling And Marketing Expense": 923000000.0,
        "General And Administrative Expense": NaN,
        "Other Gand A": NaN,
        "Gross Profit": 5371000000.0,
        "Cost Of Revenue": 7019000000.0,
        "Total Revenue": 12390000000.0,
        "Operating Revenue": 12390000000.0
    },
    "2022-11-30": {
        "Tax Effect Of Unusual Items": 0.0,
        "Tax Rate For Calcs": 0.193,
        "Normalized EBITDA": 1587000000.0,
        "Net Income From Continuing Operation Net Minority Interest": 1331000000.0,
        "Reconciled Depreciation": 319000000.0,
        "Reconciled Cost Of Revenue": 7604000000.0,
        "EBIT": 1587000000.0,
        "Net Interest Income": -16000000.0,
        "Normalized Income": 1331000000.0,
        "Net Income From Continuing And Discontinued Operation": 1331000000.0,
        "Total Expenses": 11728000000.0,
        "Diluted Average Shares": 1572400000.0,
        "Basic Average Shares": 1559000000.0,
        "Diluted EPS": 0.85,
        "Basic EPS": 0.85,
        "Diluted NI Availto Com Stockholders": 1331000000.0,
        "Net Income Common Stockholders": 1331000000.0,
        "Net Income": 1331000000.0,
        "Net Income Including Noncontrolling Interests": 1331000000.0,
        "Net Income Continuous Operations": 1331000000.0,
        "Tax Provision": 319000000.0,
        "Pretax Income": 1650000000.0,
        "Other Income Expense": 79000000.0,
        "Other Non Operating Income Expenses": 79000000.0,
        "Net Non Operating Interest Income Expense": -16000000.0,
        "Total Other Finance Cost": 16000000.0,
        "Operating Income": 1587000000.0,
        "Operating Expense": 4124000000.0,
        "Other Operating Expenses": NaN,
        "Selling General And Administration": 4124000000.0,
        "Selling And Marketing Expense": 1102000000.0,
        "General And Administrative Expense": 3022000000.0,
        "Other Gand A": 3022000000.0,
        "Gross Profit": 5711000000.0,
        "Cost Of Revenue": 7604000000.0,
        "Total Revenue": 13315000000.0,
        "Operating Revenue": 13315000000.0
    },
    "2022-08-31": {
        "Tax Effect Of Unusual Items": 0.0,
        "Tax Rate For Calcs": 0.197,
        "Normalized EBITDA": 1695000000.0,
        "Net Income From Continuing Operation Net Minority Interest": 1468000000.0,
        "Reconciled Depreciation": 160000000.0,
        "Reconciled Cost Of Revenue": 7072000000.0,
        "EBIT": 1695000000.0,
        "Net Interest Income": -13000000.0,
        "Normalized Income": 1468000000.0,
        "Net Income From Continuing And Discontinued Operation": 1468000000.0,
        "Total Expenses": 10992000000.0,
        "Diluted Average Shares": 1585800000.0,
        "Basic Average Shares": 1567100000.0,
        "Diluted EPS": 0.93,
        "Basic EPS": 0.94,
        "Diluted NI Availto Com Stockholders": 1468000000.0,
        "Net Income Common Stockholders": 1468000000.0,
        "Net Income": 1468000000.0,
        "Net Income Including Noncontrolling Interests": 1468000000.0,
        "Net Income Continuous Operations": 1468000000.0,
        "Tax Provision": 360000000.0,
        "Pretax Income": 1828000000.0,
        "Other Income Expense": 146000000.0,
        "Other Non Operating Income Expenses": 146000000.0,
        "Net Non Operating Interest Income Expense": -13000000.0,
        "Total Other Finance Cost": 13000000.0,
        "Operating Income": 1695000000.0,
        "Operating Expense": 3920000000.0,
        "Other Operating Expenses": NaN,
        "Selling General And Administration": 3920000000.0,
        "Selling And Marketing Expense": 943000000.0,
        "General And Administrative Expense": 2977000000.0,
        "Other Gand A": 2977000000.0,
        "Gross Profit": 5615000000.0,
        "Cost Of Revenue": 7072000000.0,
        "Total Revenue": 12687000000.0,
        "Operating Revenue": 12687000000.0
    },
    "2022-05-31": {
        "Tax Effect Of Unusual Items": 0.0,
        "Tax Rate For Calcs": 0.4,
        "Normalized EBITDA": 1468000000.0,
        "Net Income From Continuing Operation Net Minority Interest": 1439000000.0,
        "Reconciled Depreciation": 296000000.0,
        "Reconciled Cost Of Revenue": 6731000000.0,
        "EBIT": 1468000000.0,
        "Net Interest Income": -40000000.0,
        "Normalized Income": 1439000000.0,
        "Net Income From Continuing And Discontinued Operation": 1439000000.0,
        "Total Expenses": 10766000000.0,
        "Diluted Average Shares": 1595000000.0,
        "Basic Average Shares": 1572000000.0,
        "Diluted EPS": 0.9,
        "Basic EPS": 0.91,
        "Diluted NI Availto Com Stockholders": 1439000000.0,
        "Net Income Common Stockholders": 1439000000.0,
        "Net Income": 1439000000.0,
        "Net Income Including Noncontrolling Interests": 1439000000.0,
        "Net Income Continuous Operations": 1439000000.0,
        "Tax Provision": -65000000.0,
        "Pretax Income": 1374000000.0,
        "Other Income Expense": -54000000.0,
        "Other Non Operating Income Expenses": -54000000.0,
        "Net Non Operating Interest Income Expense": -40000000.0,
        "Total Other Finance Cost": 40000000.0,
        "Operating Income": 1468000000.0,
        "Operating Expense": 4035000000.0,
        "Other Operating Expenses": NaN,
        "Selling General And Administration": 4035000000.0,
        "Selling And Marketing Expense": 1061000000.0,
        "General And Administrative Expense": 2974000000.0,
        "Other Gand A": 2974000000.0,
        "Gross Profit": 5503000000.0,
        "Cost Of Revenue": 6731000000.0,
        "Total Revenue": 12234000000.0,
        "Operating Revenue": 12234000000.0
    },
    "2022-02-28": {
        "Diluted EPS": 0.87,
        "Total Revenue": NaN,
        "Gross Profit": NaN,
        "Operating Income": NaN,
        "EBIT": NaN,
        "Net Income": NaN
    },
    "2021-11-30": {
        "Diluted EPS": 0.83,
        "Total Revenue": NaN,
        "Gross Profit": NaN,
        "Operating Income": NaN,
        "EBIT": NaN,
        "Net Income": NaN
    },
    "2021-08-31": {
        "Diluted EPS": 1.16,
        "Total Revenue": NaN,
        "Gross Profit": NaN,
        "Operating Income": NaN,
        "EBIT": NaN,
        "Net Income": NaN
    },
    "2021-05-31": {
        "Diluted EPS": 0.93,
        "Total Revenue": NaN,
        "Gross Profit": NaN,
        "Operating Income": NaN,
        "EBIT": NaN,
        "Net Income": NaN
    },
    "2021-02-28": {
        "Diluted EPS": 0.9,
        "Total Revenue": NaN,
        "Gross Profit": NaN,
        "Operating Income": NaN,
        "EBIT": NaN,
        "Net Income": NaN
    },
    "2020-11-30": {
        "Diluted EPS": 0.78,
        "Total Revenue": NaN,
        "Gross Profit": NaN,
        "Operating Income": NaN,
        "EBIT": NaN,
        "Net Income": NaN
    },
    "2020-08-31": {
        "Diluted EPS": 0.95,
        "Total Revenue": NaN,
        "Gross Profit": NaN,
        "Operating Income": NaN,
        "EBIT": NaN,
        "Net Income": NaN
    },
    "2020-05-31": {
        "Diluted EPS": -0.49,
        "Total Revenue": NaN,
        "Gross Profit": NaN,
        "Operating Income": -838,
        "EBIT": -615,
        "Net Income": -790
    },
    "2020-02-29": {
        "Diluted EPS": 0.53,
        "Total Revenue": NaN,
        "Gross Profit": NaN,
        "Operating Income": NaN,
        "EBIT": NaN,
        "Net Income": 847
    },
    "2019-11-30": {
        "Diluted EPS": 0.7,
        "Total Revenue": NaN,
        "Gross Profit": NaN,
        "Operating Income": NaN,
        "EBIT": NaN,
        "Net Income": NaN
    },
    "2019-08-31": {
        "Diluted EPS": 0.86,
        "Total Revenue": NaN,
        "Gross Profit": NaN,
        "Operating Income": NaN,
        "EBIT": NaN,
        "Net Income": NaN
    },
    "2019-05-31": {
        "Diluted EPS": 0.62,
        "Total Revenue": NaN,
        "Gross Profit": NaN,
        "Operating Income": NaN,
        "EBIT": NaN,
        "Net Income": 989
    },
    "2019-02-28": {
        "Diluted EPS": 0.68,
        "Total Revenue": NaN,
        "Gross Profit": NaN,
        "Operating Income": NaN,
        "EBIT": NaN,
        "Net Income": NaN
    },
    "2018-11-30": {
        "Diluted EPS": 0.52,
        "Total Revenue": NaN,
        "Gross Profit": NaN,
        "Operating Income": 963,
        "EBIT": NaN,
        "Net Income": 847
    },
    "2018-08-31": {
        "Diluted EPS": 0.67,
        "Total Revenue": NaN,
        "Gross Profit": NaN,
        "Operating Income": NaN,
        "EBIT": NaN,
        "Net Income": NaN
    },
    "2018-05-31": {
        "Diluted EPS": 0.71,
        "Total Revenue": NaN,
        "Gross Profit": NaN,
        "Operating Income": NaN,
        "EBIT": NaN,
        "Net Income": NaN
    },
    "2018-02-28": {
        "Diluted EPS": -0.57,
        "Total Revenue": NaN,
        "Gross Profit": NaN,
        "Operating Income": NaN,
        "EBIT": NaN,
        "Net Income": -921
    },
    "2017-11-30": {
        "Diluted EPS": 0.46,
        "Total Revenue": NaN,
        "Gross Profit": NaN,
        "Operating Income": 910,
        "EBIT": NaN,
        "Net Income": 767
    },
    "2017-08-31": {
        "Diluted EPS": 0.57,
        "Total Revenue": NaN,
        "Gross Profit": NaN,
        "Operating Income": NaN,
        "EBIT": NaN,
        "Net Income": 950
    },
    "2017-05-31": {
        "Diluted EPS": 0.6,
        "Total Revenue": NaN,
        "Gross Profit": NaN,
        "Operating Income": NaN,
        "EBIT": NaN,
        "Net Income": NaN
    },
    "2017-02-28": {
        "Diluted EPS": 0.68,
        "Total Revenue": NaN,
        "Gross Profit": NaN,
        "Operating Income": NaN,
        "EBIT": NaN,
        "Net Income": NaN
    },
    "2016-11-30": {
        "Diluted EPS": 0.5,
        "Total Revenue": NaN,
        "Gross Profit": NaN,
        "Operating Income": NaN,
        "EBIT": NaN,
        "Net Income": 842
    },
    "2016-08-31": {
        "Diluted EPS": 0.73,
        "Total Revenue": NaN,
        "Gross Profit": NaN,
        "Operating Income": NaN,
        "EBIT": NaN,
        "Net Income": NaN
    },
    "2016-05-31": {
        "Diluted EPS": 0.49,
        "Total Revenue": NaN,
        "Gross Profit": NaN,
        "Operating Income": NaN,
        "EBIT": NaN,
        "Net Income": 846
    },
    "2016-02-29": {
        "Diluted EPS": 0.55,
        "Total Revenue": NaN,
        "Gross Profit": NaN,
        "Operating Income": NaN,
        "EBIT": NaN,
        "Net Income": 950
    },
    "2015-11-30": {
        "Diluted EPS": 0.45,
        "Total Revenue": NaN,
        "Gross Profit": NaN,
        "Operating Income": 941,
        "EBIT": NaN,
        "Net Income": 785
    },
    "2015-08-31": {
        "Diluted EPS": 0.67,
        "Total Revenue": NaN,
        "Gross Profit": NaN,
        "Operating Income": NaN,
        "EBIT": NaN,
        "Net Income": NaN
    },
    "2015-05-31": {
        "Diluted EPS": 0.49,
        "Total Revenue": NaN,
        "Gross Profit": NaN,
        "Operating Income": 998,
        "EBIT": NaN,
        "Net Income": 865
    },
    "2015-02-28": {
        "Diluted EPS": 0.45,
        "Total Revenue": NaN,
        "Gross Profit": NaN,
        "Operating Income": NaN,
        "EBIT": NaN,
        "Net Income": 791
    },
    "2014-11-30": {
        "Diluted EPS": 0.37,
        "Total Revenue": NaN,
        "Gross Profit": NaN,
        "Operating Income": 889,
        "EBIT": NaN,
        "Net Income": 655
    },
    "2014-08-31": {
        "Diluted EPS": 0.55,
        "Total Revenue": NaN,
        "Gross Profit": NaN,
        "Operating Income": NaN,
        "EBIT": NaN,
        "Net Income": 962
    },
    "2014-05-31": {
        "Diluted EPS": 0.39,
        "Total Revenue": NaN,
        "Gross Profit": NaN,
        "Operating Income": 937,
        "EBIT": NaN,
        "Net Income": 698
    },
    "2014-02-28": {
        "Diluted EPS": 0.38,
        "Total Revenue": NaN,
        "Gross Profit": NaN,
        "Operating Income": 934,
        "EBIT": NaN,
        "Net Income": 682
    },
    "2013-11-30": {
        "Diluted EPS": 0.3,
        "Total Revenue": NaN,
        "Gross Profit": NaN,
        "Operating Income": 735,
        "EBIT": 880,
        "Net Income": 534
    },
    "2013-08-31": {
        "Diluted EPS": 0.43,
        "Total Revenue": NaN,
        "Gross Profit": NaN,
        "Operating Income": NaN,
        "EBIT": NaN,
        "Net Income": 779
    },
    "2013-05-31": {
        "Diluted EPS": 0.36,
        "Total Revenue": NaN,
        "Gross Profit": NaN,
        "Operating Income": 902,
        "EBIT": NaN,
        "Net Income": 655
    },
    "2013-02-28": {
        "Diluted EPS": 0.48,
        "Total Revenue": NaN,
        "Gross Profit": NaN,
        "Operating Income": 873,
        "EBIT": 966,
        "Net Income": 866
    },
    "2012-11-30": {
        "Diluted EPS": 0.21,
        "Total Revenue": NaN,
        "Gross Profit": NaN,
        "Operating Income": 694,
        "EBIT": 823,
        "Net Income": 384
    },
    "2012-08-31": {
        "Diluted EPS": 0.31,
        "Total Revenue": NaN,
        "Gross Profit": NaN,
        "Operating Income": 769,
        "EBIT": 906,
        "Net Income": 567
    },
    "2012-05-31": {
        "Diluted EPS": 0.29,
        "Total Revenue": NaN,
        "Gross Profit": NaN,
        "Operating Income": 777,
        "EBIT": 853,
        "Net Income": 537
    },
    "2012-02-29": {
        "Diluted EPS": 0.3,
        "Total Revenue": NaN,
        "Gross Profit": NaN,
        "Operating Income": 777,
        "EBIT": 899,
        "Net Income": 560
    },
    "2011-11-30": {
        "Diluted EPS": 0.25,
        "Total Revenue": NaN,
        "Gross Profit": NaN,
        "Operating Income": 645,
        "EBIT": 732,
        "Net Income": 469
    },
    "2011-08-31": {
        "Diluted EPS": 0.34,
        "Total Revenue": NaN,
        "Gross Profit": NaN,
        "Operating Income": 870,
        "EBIT": 981,
        "Net Income": 645
    },
    "2011-05-31": {
        "Diluted EPS": 0.31,
        "Total Revenue": NaN,
        "Gross Profit": NaN,
        "Operating Income": 808,
        "EBIT": 906,
        "Net Income": 594
    },
    "2011-02-28": {
        "Diluted EPS": 0.27,
        "Total Revenue": NaN,
        "Gross Profit": NaN,
        "Operating Income": 690,
        "EBIT": 775,
        "Net Income": 523
    },
    "2010-11-30": {
        "Diluted EPS": 0.24,
        "Total Revenue": NaN,
        "Gross Profit": NaN,
        "Operating Income": 582,
        "EBIT": 695,
        "Net Income": 457
    },
    "2010-08-31": {
        "Diluted EPS": 0.29,
        "Total Revenue": NaN,
        "Gross Profit": NaN,
        "Operating Income": 761,
        "EBIT": 823,
        "Net Income": 559
    },
    "2010-05-31": {
        "Diluted EPS": 0.26,
        "Total Revenue": NaN,
        "Gross Profit": NaN,
        "Operating Income": 668,
        "EBIT": 802,
        "Net Income": 522
    },
    "2010-02-28": {
        "Diluted EPS": 0.25,
        "Total Revenue": NaN,
        "Gross Profit": NaN,
        "Operating Income": 655,
        "EBIT": 742,
        "Net Income": 497
    },
    "2009-11-30": {
        "Diluted EPS": 0.19,
        "Total Revenue": NaN,
        "Gross Profit": NaN,
        "Operating Income": 481,
        "EBIT": 575,
        "Net Income": 375
    },
    "2009-08-31": {
        "Diluted EPS": 0.26,
        "Total Revenue": NaN,
        "Gross Profit": NaN,
        "Operating Income": 670,
        "EBIT": 751,
        "Net Income": 513
    },
    "2009-05-31": {
        "Diluted EPS": 0.18,
        "Total Revenue": NaN,
        "Gross Profit": NaN,
        "Operating Income": 454,
        "EBIT": 582,
        "Net Income": 342
    },
    "2009-02-28": {
        "Diluted EPS": 0.13,
        "Total Revenue": NaN,
        "Gross Profit": NaN,
        "Operating Income": 195,
        "EBIT": 676,
        "Net Income": 244
    }
}