{
    "2023-03-31": {
        "Tax Effect Of Unusual Items": 0.0,
        "Tax Rate For Calcs": 0.0,
        "Normalized EBITDA": -144077000.0,
        "Total Unusual Items": 306000.0,
        "Total Unusual Items Excluding Goodwill": 306000.0,
        "Net Income From Continuing Operation Net Minority Interest": -169094000.0,
        "Reconciled Depreciation": 7052000.0,
        "Reconciled Cost Of Revenue": 44027000.0,
        "EBITDA": -143771000.0,
        "EBIT": -150823000.0,
        "Net Interest Income": -9863000.0,
        "Interest Expense": 9863000.0,
        "Normalized Income": -169400000.0,
        "Net Income From Continuing And Discontinued Operation": -169094000.0,
        "Total Expenses": 162162000.0,
        "Total Operating Income As Reported": -151045000.0,
        "Diluted Average Shares": 549689436.0,
        "Basic Average Shares": 549689436.0,
        "Diluted EPS": -0.31,
        "Basic EPS": -0.31,
        "Diluted NI Availto Com Stockholders": -169094000.0,
        "Net Income Common Stockholders": -169094000.0,
        "Net Income": -169094000.0,
        "Net Income Including Noncontrolling Interests": -169094000.0,
        "Net Income Discontinuous Operations": NaN,
        "Net Income Continuous Operations": -169094000.0,
        "Earnings From Equity Interest Net Of Tax": -8408000.0,
        "Tax Provision": 0.0,
        "Pretax Income": -160686000.0,
        "Other Income Expense": 222000.0,
        "Other Non Operating Income Expenses": -84000.0,
        "Special Income Charges": NaN,
        "Gain On Sale Of Business": NaN,
        "Other Special Charges": NaN,
        "Gain On Sale Of Security": 306000.0,
        "Net Non Operating Interest Income Expense": -9863000.0,
        "Interest Expense Non Operating": 9863000.0,
        "Operating Income": -151045000.0,
        "Operating Expense": 118135000.0,
        "Other Operating Expenses": NaN,
        "Research And Development": 64426000.0,
        "Selling General And Administration": 53709000.0,
        "Gross Profit": -32910000.0,
        "Cost Of Revenue": 44027000.0,
        "Total Revenue": 11117000.0,
        "Operating Revenue": 11117000.0
    },
    "2022-12-31": {
        "Tax Effect Of Unusual Items": 80010.0,
        "Tax Rate For Calcs": 0.21,
        "Normalized EBITDA": -196890000.0,
        "Total Unusual Items": 381000.0,
        "Total Unusual Items Excluding Goodwill": 381000.0,
        "Net Income From Continuing Operation Net Minority Interest": -222066000.0,
        "Reconciled Depreciation": 6828000.0,
        "Reconciled Cost Of Revenue": 52325000.0,
        "EBITDA": -196509000.0,
        "EBIT": -203337000.0,
        "Net Interest Income": -6986000.0,
        "Interest Expense": NaN,
        "Normalized Income": -222366990.0,
        "Net Income From Continuing And Discontinued Operation": -222066000.0,
        "Total Expenses": 201984000.0,
        "Total Operating Income As Reported": -195421000.0,
        "Diluted Average Shares": 487551035.0,
        "Basic Average Shares": 487551035.0,
        "Diluted EPS": -0.46,
        "Basic EPS": -0.46,
        "Diluted NI Availto Com Stockholders": -222066000.0,
        "Net Income Common Stockholders": -222066000.0,
        "Net Income": -222066000.0,
        "Net Income Including Noncontrolling Interests": -222066000.0,
        "Net Income Discontinuous Operations": NaN,
        "Net Income Continuous Operations": -222066000.0,
        "Earnings From Equity Interest Net Of Tax": -14591000.0,
        "Tax Provision": 3000.0,
        "Pretax Income": -207472000.0,
        "Other Income Expense": -5065000.0,
        "Other Non Operating Income Expenses": -5446000.0,
        "Special Income Charges": NaN,
        "Gain On Sale Of Business": NaN,
        "Other Special Charges": NaN,
        "Gain On Sale Of Security": 381000.0,
        "Net Non Operating Interest Income Expense": -6986000.0,
        "Interest Expense Non Operating": NaN,
        "Operating Income": -195421000.0,
        "Operating Expense": 149659000.0,
        "Other Operating Expenses": NaN,
        "Research And Development": 69421000.0,
        "Selling General And Administration": 80238000.0,
        "Gross Profit": -45762000.0,
        "Cost Of Revenue": 52325000.0,
        "Total Revenue": 6563000.0,
        "Operating Revenue": 6563000.0
    },
    "2022-09-30": {
        "Tax Effect Of Unusual Items": 234400.0,
        "Tax Rate For Calcs": 0.4,
        "Normalized EBITDA": -220304000.0,
        "Total Unusual Items": 586000.0,
        "Total Unusual Items Excluding Goodwill": 586000.0,
        "Net Income From Continuing Operation Net Minority Interest": -236234000.0,
        "Reconciled Depreciation": 6796000.0,
        "Reconciled Cost Of Revenue": 54410000.0,
        "EBITDA": -219718000.0,
        "EBIT": -226514000.0,
        "Net Interest Income": -7735000.0,
        "Interest Expense": 7735000.0,
        "Normalized Income": -236585600.0,
        "Net Income From Continuing And Discontinued Operation": -236234000.0,
        "Total Expenses": 253958000.0,
        "Total Operating Income As Reported": -229717000.0,
        "Diluted Average Shares": 438416393.0,
        "Basic Average Shares": 438416393.0,
        "Diluted EPS": -0.54,
        "Basic EPS": -0.54,
        "Diluted NI Availto Com Stockholders": -236234000.0,
        "Net Income Common Stockholders": -236234000.0,
        "Net Income": -236234000.0,
        "Net Income Including Noncontrolling Interests": -236234000.0,
        "Net Income Discontinuous Operations": NaN,
        "Net Income Continuous Operations": -236234000.0,
        "Earnings From Equity Interest Net Of Tax": -1984000.0,
        "Tax Provision": 1000.0,
        "Pretax Income": -234249000.0,
        "Other Income Expense": 3203000.0,
        "Other Non Operating Income Expenses": 2617000.0,
        "Special Income Charges": NaN,
        "Gain On Sale Of Business": NaN,
        "Other Special Charges": NaN,
        "Gain On Sale Of Security": 586000.0,
        "Net Non Operating Interest Income Expense": -7735000.0,
        "Total Other Finance Cost": NaN,
        "Interest Expense Non Operating": 7735000.0,
        "Operating Income": -229717000.0,
        "Operating Expense": 199548000.0,
        "Other Operating Expenses": NaN,
        "Research And Development": 66683000.0,
        "Selling General And Administration": 132865000.0,
        "General And Administrative Expense": NaN,
        "Other Gand A": NaN,
        "Salaries And Wages": NaN,
        "Gross Profit": -30169000.0,
        "Cost Of Revenue": 54410000.0,
        "Total Revenue": 24241000.0,
        "Operating Revenue": 24241000.0
    },
    "2022-06-30": {
        "Tax Effect Of Unusual Items": 1336400.0,
        "Tax Rate For Calcs": 0.4,
        "Normalized EBITDA": -165693000.0,
        "Total Unusual Items": 3341000.0,
        "Total Unusual Items Excluding Goodwill": 3341000.0,
        "Net Income From Continuing Operation Net Minority Interest": -172997000.0,
        "Reconciled Depreciation": 6565000.0,
        "Reconciled Cost Of Revenue": 47391000.0,
        "EBITDA": -162352000.0,
        "EBIT": -168917000.0,
        "Net Interest Income": -2808000.0,
        "Interest Expense": 2808000.0,
        "Normalized Income": -175001600.0,
        "Net Income From Continuing And Discontinued Operation": -172997000.0,
        "Total Expenses": 190365000.0,
        "Total Operating Income As Reported": -172231000.0,
        "Diluted Average Shares": 425323391.0,
        "Basic Average Shares": 425323391.0,
        "Diluted EPS": -0.41,
        "Basic EPS": -0.41,
        "Diluted NI Availto Com Stockholders": -172997000.0,
        "Average Dilution Earnings": 0.0,
        "Net Income Common Stockholders": -172997000.0,
        "Net Income": -172997000.0,
        "Net Income Including Noncontrolling Interests": -172997000.0,
        "Net Income Discontinuous Operations": NaN,
        "Net Income Continuous Operations": -172997000.0,
        "Earnings From Equity Interest Net Of Tax": -1270000.0,
        "Tax Provision": 2000.0,
        "Pretax Income": -171725000.0,
        "Other Income Expense": 3314000.0,
        "Other Non Operating Income Expenses": -27000.0,
        "Special Income Charges": NaN,
        "Gain On Sale Of Business": NaN,
        "Other Special Charges": NaN,
        "Gain On Sale Of Security": 3341000.0,
        "Net Non Operating Interest Income Expense": -2808000.0,
        "Total Other Finance Cost": NaN,
        "Interest Expense Non Operating": 2808000.0,
        "Operating Income": -172231000.0,
        "Operating Expense": 142974000.0,
        "Other Operating Expenses": NaN,
        "Research And Development": 63106000.0,
        "Selling General And Administration": 79868000.0,
        "General And Administrative Expense": NaN,
        "Other Gand A": NaN,
        "Salaries And Wages": NaN,
        "Gross Profit": -29257000.0,
        "Cost Of Revenue": 47391000.0,
        "Total Revenue": 18134000.0,
        "Operating Revenue": 18134000.0
    },
    "2022-03-31": {
        "Diluted EPS": -0.37,
        "Total Revenue": 2,
        "Gross Profit": 0,
        "Operating Income": -151,
        "EBIT": -148,
        "Net Income": -153
    },
    "2021-12-31": {
        "Diluted EPS": -0.39,
        "Total Revenue": NaN,
        "Gross Profit": NaN,
        "Operating Income": -163,
        "EBIT": -160,
        "Net Income": -159
    },
    "2021-09-30": {
        "Diluted EPS": -0.68,
        "Total Revenue": NaN,
        "Gross Profit": NaN,
        "Operating Income": -272,
        "EBIT": -270,
        "Net Income": -268
    },
    "2021-06-30": {
        "Diluted EPS": -0.36,
        "Total Revenue": NaN,
        "Gross Profit": NaN,
        "Operating Income": -138,
        "EBIT": -136,
        "Net Income": -143
    },
    "2021-03-31": {
        "Diluted EPS": -0.31,
        "Total Revenue": NaN,
        "Gross Profit": NaN,
        "Operating Income": -121,
        "EBIT": -119,
        "Net Income": -120
    },
    "2020-12-31": {
        "Diluted EPS": -0.32,
        "Total Revenue": 0,
        "Gross Profit": 0,
        "Operating Income": -147,
        "EBIT": -131,
        "Net Income": -142
    },
    "2020-09-30": {
        "Diluted EPS": -0.31,
        "Total Revenue": NaN,
        "Gross Profit": NaN,
        "Operating Income": -117,
        "EBIT": -116,
        "Net Income": -80
    },
    "2020-06-30": {
        "Diluted EPS": -0.43,
        "Total Revenue": 0,
        "Gross Profit": 0,
        "Operating Income": -87,
        "EBIT": -85,
        "Net Income": -129
    },
    "2020-03-31": {
        "Diluted EPS": -0.12,
        "Total Revenue": 0,
        "Gross Profit": 0,
        "Operating Income": -32,
        "EBIT": -31,
        "Net Income": -33
    },
    "2019-12-31": {
        "Diluted EPS": -0.31,
        "Total Revenue": 0,
        "Gross Profit": 0,
        "Operating Income": -58,
        "EBIT": -56,
        "Net Income": -74
    },
    "2019-09-30": {
        "Diluted EPS": -0.06,
        "Total Revenue": 0,
        "Gross Profit": 0,
        "Operating Income": -13,
        "EBIT": -12,
        "Net Income": -16
    },
    "2019-06-30": {
        "Diluted EPS": -0.06,
        "Total Revenue": 0,
        "Gross Profit": 0,
        "Operating Income": -17,
        "EBIT": -17,
        "Net Income": -17
    },
    "2019-03-31": {
        "Diluted EPS": 0.03,
        "Total Revenue": NaN,
        "Gross Profit": NaN,
        "Operating Income": 0,
        "EBIT": 0,
        "Net Income": 1
    },
    "2018-12-31": {
        "Diluted EPS": 0.0,
        "Total Revenue": NaN,
        "Gross Profit": NaN,
        "Operating Income": NaN,
        "EBIT": NaN,
        "Net Income": NaN
    },
    "2018-09-30": {
        "Diluted EPS": -0.01,
        "Total Revenue": NaN,
        "Gross Profit": NaN,
        "Operating Income": 0,
        "EBIT": 0,
        "Net Income": 0
    },
    "2018-06-30": {
        "Diluted EPS": 0.0,
        "Total Revenue": NaN,
        "Gross Profit": NaN,
        "Operating Income": 0,
        "EBIT": 0,
        "Net Income": 0
    },
    "2018-03-31": {
        "Diluted EPS": 0.0,
        "Total Revenue": NaN,
        "Gross Profit": NaN,
        "Operating Income": NaN,
        "EBIT": NaN,
        "Net Income": NaN
    },
    "2023-06-30": {
        "Tax Effect Of Unusual Items": 0.0,
        "Tax Rate For Calcs": 0.0,
        "Normalized EBITDA": -169462000.0,
        "Total Unusual Items": 50528000.0,
        "Total Unusual Items Excluding Goodwill": 50528000.0,
        "Net Income From Continuing Operation Net Minority Interest": -140010000.0,
        "Reconciled Depreciation": 4710000.0,
        "Reconciled Cost Of Revenue": 42993000.0,
        "EBITDA": -118934000.0,
        "EBIT": -123644000.0,
        "Net Interest Income": -8749000.0,
        "Interest Expense": 8749000.0,
        "Normalized Income": -190538000.0,
        "Net Income From Continuing And Discontinued Operation": -217828000.0,
        "Total Expenses": 183988000.0,
        "Total Operating Income As Reported": -168626000.0,
        "Diluted Average Shares": 708692817.0,
        "Basic Average Shares": 708692817.0,
        "Diluted EPS": -0.31,
        "Basic EPS": -0.31,
        "Diluted NI Availto Com Stockholders": -217828000.0,
        "Net Income Common Stockholders": -217828000.0,
        "Net Income": -217828000.0,
        "Net Income Including Noncontrolling Interests": -217828000.0,
        "Net Income Discontinuous Operations": -77818000.0,
        "Net Income Continuous Operations": -140010000.0,
        "Earnings From Equity Interest Net Of Tax": -7617000.0,
        "Tax Provision": 0.0,
        "Pretax Income": -132393000.0,
        "Other Income Expense": 44982000.0,
        "Other Non Operating Income Expenses": -5546000.0,
        "Special Income Charges": 50487000.0,
        "Gain On Sale Of Business": 70849000.0,
        "Other Special Charges": 20362000.0,
        "Gain On Sale Of Security": 41000.0,
        "Net Non Operating Interest Income Expense": -8749000.0,
        "Interest Expense Non Operating": 8749000.0,
        "Operating Income": -168626000.0,
        "Operating Expense": 140995000.0,
        "Other Operating Expenses": 17717000.0,
        "Research And Development": 64514000.0,
        "Selling General And Administration": 58764000.0,
        "Gross Profit": -27631000.0,
        "Cost Of Revenue": 42993000.0,
        "Total Revenue": 15362000.0,
        "Operating Revenue": 15362000.0
    },
    "2023-09-30": {
        "Tax Effect Of Unusual Items": 0.0,
        "Tax Rate For Calcs": 0.21,
        "Normalized EBITDA": -355825000.0,
        "Total Unusual Items": 0.0,
        "Total Unusual Items Excluding Goodwill": 0.0,
        "Net Income From Continuing Operation Net Minority Interest": -425764000.0,
        "Reconciled Depreciation": 16996000.0,
        "Reconciled Cost Of Revenue": 123771000.0,
        "EBITDA": -355825000.0,
        "EBIT": -372821000.0,
        "Net Interest Income": -52680000.0,
        "Interest Expense": 52680000.0,
        "Normalized Income": -425764000.0,
        "Net Income From Continuing And Discontinued Operation": -425764000.0,
        "Total Expenses": 224435000.0,
        "Total Operating Income As Reported": -226167000.0,
        "Diluted Average Shares": 857213992.0,
        "Basic Average Shares": 857213992.0,
        "Diluted EPS": -0.5,
        "Basic EPS": -0.5,
        "Diluted NI Availto Com Stockholders": -425764000.0,
        "Net Income Common Stockholders": -425764000.0,
        "Net Income": -425764000.0,
        "Net Income Including Noncontrolling Interests": -425764000.0,
        "Net Income Discontinuous Operations": 0.0,
        "Net Income Continuous Operations": -425764000.0,
        "Earnings From Equity Interest Net Of Tax": -262000.0,
        "Tax Provision": 1000.0,
        "Pretax Income": -425501000.0,
        "Other Income Expense": -146654000.0,
        "Other Non Operating Income Expenses": -146654000.0,
        "Special Income Charges": 0.0,
        "Gain On Sale Of Business": 0.0,
        "Other Special Charges": NaN,
        "Gain On Sale Of Security": NaN,
        "Net Non Operating Interest Income Expense": -52680000.0,
        "Interest Expense Non Operating": 52680000.0,
        "Operating Income": -226167000.0,
        "Operating Expense": 100664000.0,
        "Other Operating Expenses": 716000.0,
        "Research And Development": 41966000.0,
        "Selling General And Administration": 57982000.0,
        "Gross Profit": -125503000.0,
        "Cost Of Revenue": 123771000.0,
        "Total Revenue": -1732000.0,
        "Operating Revenue": -1732000.0
    },
    "2023-12-31": {
        "Tax Effect Of Unusual Items": -2227470.0,
        "Tax Rate For Calcs": 0.21,
        "Normalized EBITDA": -130954000.0,
        "Total Unusual Items": -10607000.0,
        "Total Unusual Items Excluding Goodwill": -10607000.0,
        "Net Income From Continuing Operation Net Minority Interest": -153596000.0,
        "Reconciled Depreciation": 7132000.0,
        "Reconciled Cost Of Revenue": 49768000.0,
        "EBITDA": -141561000.0,
        "EBIT": -148693000.0,
        "Net Interest Income": -4761000.0,
        "Interest Expense": 4761000.0,
        "Normalized Income": -145216470.0,
        "Net Income From Continuing And Discontinued Operation": -153596000.0,
        "Total Expenses": 139368000.0,
        "Total Operating Income As Reported": -127836000.0,
        "Diluted Average Shares": 1078090959.0,
        "Basic Average Shares": 1078090959.0,
        "Diluted EPS": -0.14,
        "Basic EPS": -0.14,
        "Diluted NI Availto Com Stockholders": -153596000.0,
        "Net Income Common Stockholders": -153596000.0,
        "Net Income": -153596000.0,
        "Net Income Including Noncontrolling Interests": -153596000.0,
        "Net Income Discontinuous Operations": 0.0,
        "Net Income Continuous Operations": -153596000.0,
        "Earnings From Equity Interest Net Of Tax": -131000.0,
        "Tax Provision": 11000.0,
        "Pretax Income": -153454000.0,
        "Other Income Expense": -20857000.0,
        "Other Non Operating Income Expenses": -10250000.0,
        "Special Income Charges": -10663000.0,
        "Gain On Sale Of Business": 0.0,
        "Other Special Charges": 10663000.0,
        "Gain On Sale Of Security": 56000.0,
        "Net Non Operating Interest Income Expense": -4761000.0,
        "Interest Expense Non Operating": 4761000.0,
        "Operating Income": -127836000.0,
        "Operating Expense": 89600000.0,
        "Other Operating Expenses": 10401000.0,
        "Research And Development": 39874000.0,
        "Selling General And Administration": 39325000.0,
        "Gross Profit": -38236000.0,
        "Cost Of Revenue": 49768000.0,
        "Total Revenue": 11532000.0,
        "Operating Revenue": 11532000.0
    }
}