{
    "2023-03-31": {
        "Tax Effect Of Unusual Items": NaN,
        "Tax Rate For Calcs": NaN,
        "Normalized EBITDA": NaN,
        "Total Unusual Items": NaN,
        "Total Unusual Items Excluding Goodwill": NaN,
        "Net Income From Continuing Operation Net Minority Interest": NaN,
        "Reconciled Depreciation": NaN,
        "Reconciled Cost Of Revenue": NaN,
        "EBITDA": NaN,
        "EBIT": NaN,
        "Net Interest Income": NaN,
        "Interest Expense": NaN,
        "Interest Income": NaN,
        "Normalized Income": NaN,
        "Net Income From Continuing And Discontinued Operation": NaN,
        "Total Expenses": NaN,
        "Total Operating Income As Reported": NaN,
        "Diluted Average Shares": 48816000.0,
        "Basic Average Shares": 48816000.0,
        "Diluted EPS": -0.14,
        "Basic EPS": -0.14,
        "Diluted NI Availto Com Stockholders": NaN,
        "Net Income Common Stockholders": NaN,
        "Net Income": NaN,
        "Minority Interests": NaN,
        "Net Income Including Noncontrolling Interests": NaN,
        "Net Income Continuous Operations": NaN,
        "Tax Provision": NaN,
        "Pretax Income": NaN,
        "Other Income Expense": NaN,
        "Other Non Operating Income Expenses": -346000.0,
        "Special Income Charges": NaN,
        "Other Special Charges": NaN,
        "Earnings From Equity Interest": NaN,
        "Gain On Sale Of Security": NaN,
        "Net Non Operating Interest Income Expense": NaN,
        "Interest Expense Non Operating": NaN,
        "Interest Income Non Operating": NaN,
        "Operating Income": NaN,
        "Operating Expense": NaN,
        "Other Operating Expenses": NaN,
        "Selling General And Administration": NaN,
        "General And Administrative Expense": NaN,
        "Other Gand A": NaN,
        "Salaries And Wages": NaN,
        "Gross Profit": NaN,
        "Cost Of Revenue": NaN,
        "Total Revenue": NaN,
        "Operating Revenue": NaN
    },
    "2022-12-31": {
        "Tax Effect Of Unusual Items": NaN,
        "Tax Rate For Calcs": NaN,
        "Normalized EBITDA": NaN,
        "Total Unusual Items": NaN,
        "Total Unusual Items Excluding Goodwill": NaN,
        "Net Income From Continuing Operation Net Minority Interest": NaN,
        "Reconciled Depreciation": NaN,
        "Reconciled Cost Of Revenue": NaN,
        "EBITDA": NaN,
        "EBIT": NaN,
        "Net Interest Income": NaN,
        "Interest Expense": NaN,
        "Interest Income": NaN,
        "Normalized Income": NaN,
        "Net Income From Continuing And Discontinued Operation": NaN,
        "Total Expenses": NaN,
        "Total Operating Income As Reported": NaN,
        "Diluted Average Shares": NaN,
        "Basic Average Shares": NaN,
        "Diluted EPS": NaN,
        "Basic EPS": NaN,
        "Diluted NI Availto Com Stockholders": NaN,
        "Net Income Common Stockholders": NaN,
        "Net Income": NaN,
        "Minority Interests": NaN,
        "Net Income Including Noncontrolling Interests": NaN,
        "Net Income Continuous Operations": NaN,
        "Tax Provision": NaN,
        "Pretax Income": NaN,
        "Other Income Expense": NaN,
        "Other Non Operating Income Expenses": -465000.0,
        "Special Income Charges": NaN,
        "Other Special Charges": NaN,
        "Earnings From Equity Interest": NaN,
        "Gain On Sale Of Security": NaN,
        "Net Non Operating Interest Income Expense": NaN,
        "Interest Expense Non Operating": NaN,
        "Interest Income Non Operating": NaN,
        "Operating Income": NaN,
        "Operating Expense": NaN,
        "Other Operating Expenses": NaN,
        "Selling General And Administration": NaN,
        "General And Administrative Expense": NaN,
        "Other Gand A": NaN,
        "Salaries And Wages": NaN,
        "Gross Profit": NaN,
        "Cost Of Revenue": NaN,
        "Total Revenue": NaN,
        "Operating Revenue": NaN
    },
    "2022-09-30": {
        "Tax Effect Of Unusual Items": NaN,
        "Tax Rate For Calcs": NaN,
        "Normalized EBITDA": NaN,
        "Total Unusual Items": NaN,
        "Total Unusual Items Excluding Goodwill": NaN,
        "Net Income From Continuing Operation Net Minority Interest": NaN,
        "Reconciled Depreciation": NaN,
        "Reconciled Cost Of Revenue": NaN,
        "EBITDA": NaN,
        "EBIT": NaN,
        "Net Interest Income": NaN,
        "Interest Expense": NaN,
        "Interest Income": NaN,
        "Normalized Income": NaN,
        "Net Income From Continuing And Discontinued Operation": NaN,
        "Total Expenses": NaN,
        "Total Operating Income As Reported": NaN,
        "Diluted Average Shares": NaN,
        "Basic Average Shares": NaN,
        "Diluted EPS": NaN,
        "Basic EPS": NaN,
        "Diluted NI Availto Com Stockholders": NaN,
        "Net Income Common Stockholders": NaN,
        "Net Income": NaN,
        "Minority Interests": NaN,
        "Net Income Including Noncontrolling Interests": NaN,
        "Net Income Continuous Operations": NaN,
        "Tax Provision": NaN,
        "Pretax Income": NaN,
        "Other Income Expense": NaN,
        "Other Non Operating Income Expenses": -223000.0,
        "Special Income Charges": 0.0,
        "Other Special Charges": NaN,
        "Earnings From Equity Interest": NaN,
        "Gain On Sale Of Security": NaN,
        "Net Non Operating Interest Income Expense": NaN,
        "Interest Expense Non Operating": NaN,
        "Interest Income Non Operating": NaN,
        "Operating Income": NaN,
        "Operating Expense": NaN,
        "Other Operating Expenses": NaN,
        "Selling General And Administration": NaN,
        "General And Administrative Expense": NaN,
        "Other Gand A": NaN,
        "Salaries And Wages": NaN,
        "Gross Profit": NaN,
        "Cost Of Revenue": NaN,
        "Total Revenue": NaN,
        "Operating Revenue": NaN
    },
    "2022-06-30": {
        "Tax Effect Of Unusual Items": 3295423.023578,
        "Tax Rate For Calcs": 0.171637,
        "Normalized EBITDA": 19535000.0,
        "Total Unusual Items": 19200000.0,
        "Total Unusual Items Excluding Goodwill": 19200000.0,
        "Net Income From Continuing Operation Net Minority Interest": 30252000.0,
        "Reconciled Depreciation": 995000.0,
        "Reconciled Cost Of Revenue": 28046000.0,
        "EBITDA": 38735000.0,
        "EBIT": 37740000.0,
        "Net Interest Income": 319000.0,
        "Interest Expense": 248000.0,
        "Interest Income": 567000.0,
        "Normalized Income": 14347423.023578,
        "Net Income From Continuing And Discontinued Operation": 30252000.0,
        "Total Expenses": 37470000.0,
        "Total Operating Income As Reported": 4205000.0,
        "Diluted Average Shares": 48809000.0,
        "Basic Average Shares": 48809000.0,
        "Diluted EPS": 0.62,
        "Basic EPS": 0.62,
        "Diluted NI Availto Com Stockholders": 30252000.0,
        "Net Income Common Stockholders": 30252000.0,
        "Net Income": 30252000.0,
        "Minority Interests": -805000.0,
        "Net Income Including Noncontrolling Interests": 31057000.0,
        "Net Income Continuous Operations": 31057000.0,
        "Tax Provision": 6435000.0,
        "Pretax Income": 37492000.0,
        "Other Income Expense": 32968000.0,
        "Other Non Operating Income Expenses": -223000.0,
        "Earnings From Equity Interest": 13991000.0,
        "Gain On Sale Of Security": 19200000.0,
        "Net Non Operating Interest Income Expense": 319000.0,
        "Interest Expense Non Operating": 248000.0,
        "Interest Income Non Operating": 567000.0,
        "Operating Income": 4205000.0,
        "Operating Expense": 9424000.0,
        "Other Operating Expenses": NaN,
        "Selling General And Administration": 9424000.0,
        "General And Administrative Expense": 9424000.0,
        "Other Gand A": 9424000.0,
        "Salaries And Wages": 223000.0,
        "Gross Profit": 13629000.0,
        "Cost Of Revenue": 28046000.0,
        "Total Revenue": 41675000.0,
        "Operating Revenue": 41675000.0
    },
    "2023-06-30": {
        "Tax Effect Of Unusual Items": -2178120.0,
        "Tax Rate For Calcs": 0.21,
        "Normalized EBITDA": 1679000.0,
        "Total Unusual Items": -10372000.0,
        "Total Unusual Items Excluding Goodwill": -10372000.0,
        "Net Income From Continuing Operation Net Minority Interest": -3108000.0,
        "Reconciled Depreciation": 999000.0,
        "Reconciled Cost Of Revenue": 26343000.0,
        "EBITDA": -8693000.0,
        "EBIT": -9692000.0,
        "Net Interest Income": 1946000.0,
        "Interest Expense": 199000.0,
        "Interest Income": 2145000.0,
        "Normalized Income": 5085880.0,
        "Net Income From Continuing And Discontinued Operation": -3108000.0,
        "Total Expenses": 35565000.0,
        "Total Operating Income As Reported": 1421000.0,
        "Diluted Average Shares": 48824000.0,
        "Basic Average Shares": 48824000.0,
        "Diluted EPS": -0.06,
        "Basic EPS": -0.06,
        "Diluted NI Availto Com Stockholders": -3108000.0,
        "Net Income Common Stockholders": -3108000.0,
        "Net Income": -3108000.0,
        "Minority Interests": -517000.0,
        "Net Income Including Noncontrolling Interests": -2591000.0,
        "Net Income Continuous Operations": -2591000.0,
        "Tax Provision": -7300000.0,
        "Pretax Income": -9891000.0,
        "Other Income Expense": -12888000.0,
        "Other Non Operating Income Expenses": -4911000.0,
        "Special Income Charges": -4911000.0,
        "Other Special Charges": 4911000.0,
        "Earnings From Equity Interest": -2516000.0,
        "Gain On Sale Of Security": -5461000.0,
        "Net Non Operating Interest Income Expense": 1946000.0,
        "Interest Expense Non Operating": 199000.0,
        "Interest Income Non Operating": 2145000.0,
        "Operating Income": 1051000.0,
        "Operating Expense": 9222000.0,
        "Other Operating Expenses": 2946000.0,
        "Selling General And Administration": 6276000.0,
        "General And Administrative Expense": 6276000.0,
        "Other Gand A": 5906000.0,
        "Salaries And Wages": 370000.0,
        "Gross Profit": 10273000.0,
        "Cost Of Revenue": 26343000.0,
        "Total Revenue": 36616000.0,
        "Operating Revenue": 36616000.0
    },
    "2023-09-30": {
        "Tax Effect Of Unusual Items": 103110.0,
        "Tax Rate For Calcs": 0.21,
        "Normalized EBITDA": 401000.0,
        "Total Unusual Items": 491000.0,
        "Total Unusual Items Excluding Goodwill": 491000.0,
        "Net Income From Continuing Operation Net Minority Interest": -69000.0,
        "Reconciled Depreciation": 987000.0,
        "Reconciled Cost Of Revenue": 27736000.0,
        "EBITDA": 892000.0,
        "EBIT": -95000.0,
        "Net Interest Income": 2142000.0,
        "Interest Expense": 202000.0,
        "Interest Income": 2344000.0,
        "Normalized Income": -456890.0,
        "Net Income From Continuing And Discontinued Operation": -69000.0,
        "Total Expenses": 37056000.0,
        "Total Operating Income As Reported": 3681000.0,
        "Diluted Average Shares": 48833000.0,
        "Basic Average Shares": 48833000.0,
        "Diluted EPS": -0.001413,
        "Basic EPS": -0.001413,
        "Diluted NI Availto Com Stockholders": -69000.0,
        "Net Income Common Stockholders": -69000.0,
        "Net Income": -69000.0,
        "Minority Interests": -737000.0,
        "Net Income Including Noncontrolling Interests": 668000.0,
        "Net Income Continuous Operations": 668000.0,
        "Tax Provision": -965000.0,
        "Pretax Income": -297000.0,
        "Other Income Expense": -5738000.0,
        "Other Non Operating Income Expenses": NaN,
        "Special Income Charges": 0.0,
        "Other Special Charges": NaN,
        "Earnings From Equity Interest": -6229000.0,
        "Gain On Sale Of Security": 491000.0,
        "Net Non Operating Interest Income Expense": 2142000.0,
        "Interest Expense Non Operating": 202000.0,
        "Interest Income Non Operating": 2344000.0,
        "Operating Income": 3299000.0,
        "Operating Expense": 9320000.0,
        "Other Operating Expenses": 2864000.0,
        "Selling General And Administration": 6456000.0,
        "General And Administrative Expense": 6456000.0,
        "Other Gand A": 6074000.0,
        "Salaries And Wages": 382000.0,
        "Gross Profit": 12619000.0,
        "Cost Of Revenue": 27736000.0,
        "Total Revenue": 40355000.0,
        "Operating Revenue": 40355000.0
    },
    "2023-12-31": {
        "Tax Effect Of Unusual Items": 485520.0,
        "Tax Rate For Calcs": 0.21,
        "Normalized EBITDA": 7098000.0,
        "Total Unusual Items": 2312000.0,
        "Total Unusual Items Excluding Goodwill": 2312000.0,
        "Net Income From Continuing Operation Net Minority Interest": 7585000.0,
        "Reconciled Depreciation": 977000.0,
        "Reconciled Cost Of Revenue": 29542000.0,
        "EBITDA": 9410000.0,
        "EBIT": 8433000.0,
        "Net Interest Income": 3036000.0,
        "Interest Expense": 146000.0,
        "Interest Income": 3182000.0,
        "Normalized Income": 5758520.0,
        "Net Income From Continuing And Discontinued Operation": 7585000.0,
        "Total Expenses": 38605000.0,
        "Total Operating Income As Reported": 4830000.0,
        "Diluted Average Shares": NaN,
        "Basic Average Shares": NaN,
        "Diluted EPS": NaN,
        "Basic EPS": NaN,
        "Diluted NI Availto Com Stockholders": 7585000.0,
        "Net Income Common Stockholders": 7585000.0,
        "Net Income": 7585000.0,
        "Minority Interests": -859000.0,
        "Net Income Including Noncontrolling Interests": 8444000.0,
        "Net Income Continuous Operations": 8444000.0,
        "Tax Provision": -157000.0,
        "Pretax Income": 8287000.0,
        "Other Income Expense": 691000.0,
        "Other Non Operating Income Expenses": NaN,
        "Special Income Charges": 0.0,
        "Other Special Charges": 0.0,
        "Earnings From Equity Interest": -1621000.0,
        "Gain On Sale Of Security": 2312000.0,
        "Net Non Operating Interest Income Expense": 3036000.0,
        "Interest Expense Non Operating": 146000.0,
        "Interest Income Non Operating": 3182000.0,
        "Operating Income": 4560000.0,
        "Operating Expense": 9063000.0,
        "Other Operating Expenses": 2653000.0,
        "Selling General And Administration": 6410000.0,
        "General And Administrative Expense": 6410000.0,
        "Other Gand A": 6140000.0,
        "Salaries And Wages": 270000.0,
        "Gross Profit": 13623000.0,
        "Cost Of Revenue": 29542000.0,
        "Total Revenue": 43165000.0,
        "Operating Revenue": 43165000.0
    },
    "2024-03-31": {
        "Tax Effect Of Unusual Items": 283560.640732,
        "Tax Rate For Calcs": 0.118993,
        "Normalized EBITDA": 6991000.0,
        "Total Unusual Items": 2383000.0,
        "Total Unusual Items Excluding Goodwill": 2383000.0,
        "Net Income From Continuing Operation Net Minority Interest": 6839000.0,
        "Reconciled Depreciation": 926000.0,
        "Reconciled Cost Of Revenue": 28304000.0,
        "EBITDA": 9374000.0,
        "EBIT": 8448000.0,
        "Net Interest Income": 2406000.0,
        "Interest Expense": 145000.0,
        "Interest Income": 2551000.0,
        "Normalized Income": 4739560.640732,
        "Net Income From Continuing And Discontinued Operation": 6839000.0,
        "Total Expenses": 36933000.0,
        "Total Operating Income As Reported": 1356000.0,
        "Diluted Average Shares": 48833000.0,
        "Basic Average Shares": 48833000.0,
        "Diluted EPS": 0.14,
        "Basic EPS": 0.14,
        "Diluted NI Availto Com Stockholders": 6839000.0,
        "Net Income Common Stockholders": 6839000.0,
        "Net Income": 6839000.0,
        "Minority Interests": -476000.0,
        "Net Income Including Noncontrolling Interests": 7315000.0,
        "Net Income Continuous Operations": 7315000.0,
        "Tax Provision": 988000.0,
        "Pretax Income": 8303000.0,
        "Other Income Expense": 4859000.0,
        "Other Non Operating Income Expenses": NaN,
        "Special Income Charges": NaN,
        "Other Special Charges": NaN,
        "Earnings From Equity Interest": 2476000.0,
        "Gain On Sale Of Security": 2383000.0,
        "Net Non Operating Interest Income Expense": 2406000.0,
        "Interest Expense Non Operating": 145000.0,
        "Interest Income Non Operating": 2551000.0,
        "Operating Income": 1038000.0,
        "Operating Expense": 8629000.0,
        "Other Operating Expenses": 2359000.0,
        "Selling General And Administration": 6270000.0,
        "General And Administrative Expense": 6270000.0,
        "Other Gand A": 5952000.0,
        "Salaries And Wages": 318000.0,
        "Gross Profit": 9667000.0,
        "Cost Of Revenue": 28304000.0,
        "Total Revenue": 37971000.0,
        "Operating Revenue": 37971000.0
    },
    "2024-06-30": {
        "Tax Effect Of Unusual Items": 103973.141978,
        "Tax Rate For Calcs": 0.13347,
        "Normalized EBITDA": 10044000.0,
        "Total Unusual Items": 779000.0,
        "Total Unusual Items Excluding Goodwill": 779000.0,
        "Net Income From Continuing Operation Net Minority Interest": 7835000.0,
        "Reconciled Depreciation": 920000.0,
        "Reconciled Cost Of Revenue": 24722000.0,
        "EBITDA": 10823000.0,
        "EBIT": 9903000.0,
        "Net Interest Income": 2530000.0,
        "Interest Expense": 148000.0,
        "Interest Income": 2678000.0,
        "Normalized Income": 7159973.141978,
        "Net Income From Continuing And Discontinued Operation": 7835000.0,
        "Total Expenses": 35414000.0,
        "Total Operating Income As Reported": 791000.0,
        "Diluted Average Shares": 48841000.0,
        "Basic Average Shares": 48841000.0,
        "Diluted EPS": 0.16,
        "Basic EPS": 0.16,
        "Diluted NI Availto Com Stockholders": 7835000.0,
        "Net Income Common Stockholders": 7835000.0,
        "Net Income": 7835000.0,
        "Minority Interests": -618000.0,
        "Net Income Including Noncontrolling Interests": 8453000.0,
        "Net Income Continuous Operations": 8453000.0,
        "Tax Provision": 1302000.0,
        "Pretax Income": 9755000.0,
        "Other Income Expense": 6752000.0,
        "Other Non Operating Income Expenses": NaN,
        "Special Income Charges": 0.0,
        "Other Special Charges": NaN,
        "Earnings From Equity Interest": 5973000.0,
        "Gain On Sale Of Security": 779000.0,
        "Net Non Operating Interest Income Expense": 2530000.0,
        "Interest Expense Non Operating": 148000.0,
        "Interest Income Non Operating": 2678000.0,
        "Operating Income": 473000.0,
        "Operating Expense": 10692000.0,
        "Other Operating Expenses": 4290000.0,
        "Selling General And Administration": 6402000.0,
        "General And Administrative Expense": 6402000.0,
        "Other Gand A": 6084000.0,
        "Salaries And Wages": 318000.0,
        "Gross Profit": 11165000.0,
        "Cost Of Revenue": 24722000.0,
        "Total Revenue": 35887000.0,
        "Operating Revenue": 35887000.0
    }
}