{
    "2023-03-31": {
        "Tax Effect Of Unusual Items": 0.0,
        "Tax Rate For Calcs": 0.0,
        "Normalized EBITDA": -7684000.0,
        "Total Unusual Items": -3418000.0,
        "Total Unusual Items Excluding Goodwill": -3418000.0,
        "Net Income From Continuing Operation Net Minority Interest": -14204000.0,
        "Reconciled Depreciation": 615000.0,
        "EBITDA": -11102000.0,
        "EBIT": -11717000.0,
        "Net Interest Income": 945000.0,
        "Interest Income": 945000.0,
        "Normalized Income": -10786000.0,
        "Net Income From Continuing And Discontinued Operation": -14204000.0,
        "Total Expenses": 11717000.0,
        "Total Operating Income As Reported": -15135000.0,
        "Diluted Average Shares": 11084182.0,
        "Basic Average Shares": 11084182.0,
        "Diluted EPS": -1.3,
        "Basic EPS": -1.3,
        "Diluted NI Availto Com Stockholders": -14204000.0,
        "Net Income Common Stockholders": -14204000.0,
        "Net Income": -14204000.0,
        "Net Income Including Noncontrolling Interests": -14204000.0,
        "Net Income Continuous Operations": -14204000.0,
        "Pretax Income": -14204000.0,
        "Other Income Expense": -3432000.0,
        "Other Non Operating Income Expenses": -14000.0,
        "Special Income Charges": -3418000.0,
        "Impairment Of Capital Assets": 3418000.0,
        "Gain On Sale Of Security": NaN,
        "Net Non Operating Interest Income Expense": 945000.0,
        "Interest Income Non Operating": 945000.0,
        "Operating Income": -11717000.0,
        "Operating Expense": 11717000.0,
        "Research And Development": 7690000.0,
        "Selling General And Administration": 4027000.0,
        "General And Administrative Expense": 4027000.0,
        "Other Gand A": 4027000.0,
        "Total Revenue": 0.0,
        "Operating Revenue": 0.0
    },
    "2022-12-31": {
        "Tax Effect Of Unusual Items": 0.0,
        "Tax Rate For Calcs": 0.0,
        "Normalized EBITDA": -13608000.0,
        "Total Unusual Items": NaN,
        "Total Unusual Items Excluding Goodwill": NaN,
        "Net Income From Continuing Operation Net Minority Interest": -13445000.0,
        "Reconciled Depreciation": 643000.0,
        "EBITDA": -13608000.0,
        "EBIT": -14251000.0,
        "Net Interest Income": 816000.0,
        "Interest Income": 816000.0,
        "Normalized Income": -13445000.0,
        "Net Income From Continuing And Discontinued Operation": -13445000.0,
        "Total Expenses": 14251000.0,
        "Total Operating Income As Reported": -14251000.0,
        "Diluted Average Shares": 55285178.0,
        "Basic Average Shares": 55285178.0,
        "Diluted EPS": -0.24,
        "Basic EPS": -0.24,
        "Diluted NI Availto Com Stockholders": -13445000.0,
        "Net Income Common Stockholders": -13445000.0,
        "Net Income": -13445000.0,
        "Net Income Including Noncontrolling Interests": -13445000.0,
        "Net Income Continuous Operations": -13445000.0,
        "Pretax Income": -13445000.0,
        "Other Income Expense": -10000.0,
        "Other Non Operating Income Expenses": -2000.0,
        "Special Income Charges": NaN,
        "Impairment Of Capital Assets": NaN,
        "Gain On Sale Of Security": NaN,
        "Net Non Operating Interest Income Expense": 816000.0,
        "Interest Income Non Operating": 816000.0,
        "Operating Income": -14251000.0,
        "Operating Expense": 14251000.0,
        "Research And Development": 10001000.0,
        "Selling General And Administration": 4250000.0,
        "General And Administrative Expense": 4250000.0,
        "Other Gand A": 4250000.0,
        "Total Revenue": 0.0,
        "Operating Revenue": 0.0
    },
    "2022-09-30": {
        "Tax Effect Of Unusual Items": 0.0,
        "Tax Rate For Calcs": 0.0,
        "Normalized EBITDA": -13020000.0,
        "Total Unusual Items": 1000.0,
        "Total Unusual Items Excluding Goodwill": 1000.0,
        "Net Income From Continuing Operation Net Minority Interest": -13072000.0,
        "Reconciled Depreciation": 590000.0,
        "EBITDA": -13019000.0,
        "EBIT": -13609000.0,
        "Net Interest Income": 559000.0,
        "Interest Income": 559000.0,
        "Normalized Income": -13073000.0,
        "Net Income From Continuing And Discontinued Operation": -13072000.0,
        "Total Expenses": 13609000.0,
        "Total Operating Income As Reported": -13609000.0,
        "Diluted Average Shares": 11050207.0,
        "Basic Average Shares": 11050207.0,
        "Diluted EPS": -1.2,
        "Basic EPS": -1.2,
        "Diluted NI Availto Com Stockholders": -13072000.0,
        "Net Income Common Stockholders": -13072000.0,
        "Net Income": -13072000.0,
        "Net Income Including Noncontrolling Interests": -13072000.0,
        "Net Income Continuous Operations": -13072000.0,
        "Pretax Income": -13072000.0,
        "Other Income Expense": -22000.0,
        "Other Non Operating Income Expenses": -23000.0,
        "Special Income Charges": NaN,
        "Impairment Of Capital Assets": NaN,
        "Gain On Sale Of Security": 1000.0,
        "Net Non Operating Interest Income Expense": 559000.0,
        "Interest Income Non Operating": 559000.0,
        "Operating Income": -13609000.0,
        "Operating Expense": 13609000.0,
        "Research And Development": 9471000.0,
        "Selling General And Administration": 4138000.0,
        "General And Administrative Expense": 4138000.0,
        "Other Gand A": 4138000.0,
        "Total Revenue": 0.0,
        "Operating Revenue": 0.0
    },
    "2022-06-30": {
        "Tax Effect Of Unusual Items": 0.0,
        "Tax Rate For Calcs": 0.0,
        "Normalized EBITDA": -15158000.0,
        "Total Unusual Items": 5000.0,
        "Total Unusual Items Excluding Goodwill": 5000.0,
        "Net Income From Continuing Operation Net Minority Interest": -15688000.0,
        "Reconciled Depreciation": 718000.0,
        "EBITDA": -15153000.0,
        "EBIT": -15871000.0,
        "Net Interest Income": 194000.0,
        "Interest Income": 194000.0,
        "Normalized Income": -15693000.0,
        "Net Income From Continuing And Discontinued Operation": -15688000.0,
        "Total Expenses": 15871000.0,
        "Total Operating Income As Reported": -15871000.0,
        "Diluted Average Shares": 55203709.0,
        "Basic Average Shares": 55203709.0,
        "Diluted EPS": -0.28,
        "Basic EPS": -0.28,
        "Diluted NI Availto Com Stockholders": -15688000.0,
        "Net Income Common Stockholders": -15688000.0,
        "Net Income": -15688000.0,
        "Net Income Including Noncontrolling Interests": -15688000.0,
        "Net Income Continuous Operations": -15688000.0,
        "Pretax Income": -15688000.0,
        "Other Income Expense": -11000.0,
        "Other Non Operating Income Expenses": -16000.0,
        "Special Income Charges": NaN,
        "Impairment Of Capital Assets": NaN,
        "Gain On Sale Of Security": 5000.0,
        "Net Non Operating Interest Income Expense": 194000.0,
        "Interest Income Non Operating": 194000.0,
        "Operating Income": -15871000.0,
        "Operating Expense": 15871000.0,
        "Research And Development": 10956000.0,
        "Selling General And Administration": 4915000.0,
        "General And Administrative Expense": 4915000.0,
        "Other Gand A": 4915000.0,
        "Total Revenue": 0.0,
        "Operating Revenue": 0.0
    },
    "2022-03-31": {
        "Diluted EPS": -0.28,
        "Total Revenue": NaN,
        "Gross Profit": NaN,
        "Operating Income": -15,
        "EBIT": -15,
        "Net Income": -15
    },
    "2021-12-31": {
        "Diluted EPS": -0.28,
        "Total Revenue": NaN,
        "Gross Profit": NaN,
        "Operating Income": -15,
        "EBIT": -15,
        "Net Income": -15
    },
    "2021-09-30": {
        "Diluted EPS": -0.28,
        "Total Revenue": NaN,
        "Gross Profit": NaN,
        "Operating Income": -15,
        "EBIT": -15,
        "Net Income": -15
    },
    "2021-06-30": {
        "Diluted EPS": -0.27,
        "Total Revenue": NaN,
        "Gross Profit": NaN,
        "Operating Income": -15,
        "EBIT": -15,
        "Net Income": -15
    },
    "2021-03-31": {
        "Diluted EPS": -0.27,
        "Total Revenue": NaN,
        "Gross Profit": NaN,
        "Operating Income": -15,
        "EBIT": -14,
        "Net Income": -15
    },
    "2020-12-31": {
        "Diluted EPS": -0.22,
        "Total Revenue": NaN,
        "Gross Profit": NaN,
        "Operating Income": -13,
        "EBIT": -12,
        "Net Income": -13
    },
    "2020-09-30": {
        "Diluted EPS": -0.04,
        "Total Revenue": NaN,
        "Gross Profit": NaN,
        "Operating Income": -2,
        "EBIT": -2,
        "Net Income": -2
    },
    "2020-06-30": {
        "Diluted EPS": -0.2,
        "Total Revenue": NaN,
        "Gross Profit": NaN,
        "Operating Income": -10,
        "EBIT": -10,
        "Net Income": -10
    },
    "2020-03-31": {
        "Diluted EPS": -0.18,
        "Total Revenue": NaN,
        "Gross Profit": NaN,
        "Operating Income": -9,
        "EBIT": -8,
        "Net Income": -9
    },
    "2019-12-31": {
        "Diluted EPS": -0.22,
        "Total Revenue": NaN,
        "Gross Profit": NaN,
        "Operating Income": -8,
        "EBIT": -8,
        "Net Income": -8
    },
    "2019-09-30": {
        "Diluted EPS": -2.26,
        "Total Revenue": NaN,
        "Gross Profit": NaN,
        "Operating Income": -60,
        "EBIT": -59,
        "Net Income": -59
    },
    "2019-06-30": {
        "Diluted EPS": 0.0,
        "Total Revenue": NaN,
        "Gross Profit": NaN,
        "Operating Income": 0,
        "EBIT": 0,
        "Net Income": 0
    },
    "2019-03-31": {
        "Diluted EPS": -0.09,
        "Total Revenue": NaN,
        "Gross Profit": NaN,
        "Operating Income": -3,
        "EBIT": -3,
        "Net Income": -2
    },
    "2018-12-31": {
        "Diluted EPS": -0.2,
        "Total Revenue": NaN,
        "Gross Profit": NaN,
        "Operating Income": -5,
        "EBIT": -5,
        "Net Income": -5
    },
    "2018-09-30": {
        "Diluted EPS": -0.64,
        "Total Revenue": NaN,
        "Gross Profit": NaN,
        "Operating Income": -15,
        "EBIT": -15,
        "Net Income": -15
    },
    "2018-06-30": {
        "Diluted EPS": 0.12,
        "Total Revenue": 25,
        "Gross Profit": 25,
        "Operating Income": 3,
        "EBIT": 3,
        "Net Income": 3
    },
    "2018-03-31": {
        "Diluted EPS": -0.62,
        "Total Revenue": NaN,
        "Gross Profit": NaN,
        "Operating Income": -15,
        "EBIT": -15,
        "Net Income": -15
    },
    "2017-12-31": {
        "Diluted EPS": -0.69,
        "Total Revenue": NaN,
        "Gross Profit": NaN,
        "Operating Income": -17,
        "EBIT": -17,
        "Net Income": -16
    },
    "2017-09-30": {
        "Diluted EPS": -0.5,
        "Total Revenue": NaN,
        "Gross Profit": NaN,
        "Operating Income": -12,
        "EBIT": -12,
        "Net Income": -12
    },
    "2017-06-30": {
        "Diluted EPS": -0.59,
        "Total Revenue": NaN,
        "Gross Profit": NaN,
        "Operating Income": -14,
        "EBIT": -14,
        "Net Income": -14
    },
    "2017-03-31": {
        "Diluted EPS": -0.36,
        "Total Revenue": NaN,
        "Gross Profit": NaN,
        "Operating Income": -9,
        "EBIT": -9,
        "Net Income": -8
    },
    "2016-12-31": {
        "Diluted EPS": -0.48,
        "Total Revenue": NaN,
        "Gross Profit": NaN,
        "Operating Income": -11,
        "EBIT": -11,
        "Net Income": -11
    },
    "2016-09-30": {
        "Diluted EPS": -0.46,
        "Total Revenue": NaN,
        "Gross Profit": NaN,
        "Operating Income": -8,
        "EBIT": -8,
        "Net Income": -8
    },
    "2016-06-30": {
        "Diluted EPS": -0.63,
        "Total Revenue": NaN,
        "Gross Profit": NaN,
        "Operating Income": -11,
        "EBIT": -11,
        "Net Income": -11
    },
    "2016-03-31": {
        "Diluted EPS": -0.39,
        "Total Revenue": NaN,
        "Gross Profit": NaN,
        "Operating Income": -7,
        "EBIT": -7,
        "Net Income": -7
    },
    "2015-12-31": {
        "Diluted EPS": -0.26,
        "Total Revenue": NaN,
        "Gross Profit": NaN,
        "Operating Income": -6,
        "EBIT": -6,
        "Net Income": -6
    },
    "2015-09-30": {
        "Diluted EPS": -0.43,
        "Total Revenue": NaN,
        "Gross Profit": NaN,
        "Operating Income": -5,
        "EBIT": -5,
        "Net Income": -5
    },
    "2015-06-30": {
        "Diluted EPS": -0.44,
        "Total Revenue": NaN,
        "Gross Profit": NaN,
        "Operating Income": -5,
        "EBIT": -5,
        "Net Income": -5
    },
    "2015-03-31": {
        "Diluted EPS": -0.6,
        "Total Revenue": NaN,
        "Gross Profit": NaN,
        "Operating Income": -6,
        "EBIT": -6,
        "Net Income": -6
    },
    "2014-12-31": {
        "Diluted EPS": -0.37,
        "Total Revenue": NaN,
        "Gross Profit": NaN,
        "Operating Income": -8,
        "EBIT": -8,
        "Net Income": -8
    },
    "2014-09-30": {
        "Diluted EPS": -0.59,
        "Total Revenue": NaN,
        "Gross Profit": NaN,
        "Operating Income": -6,
        "EBIT": -6,
        "Net Income": -6
    },
    "2014-06-30": {
        "Diluted EPS": -0.51,
        "Total Revenue": NaN,
        "Gross Profit": NaN,
        "Operating Income": -6,
        "EBIT": -6,
        "Net Income": -5
    },
    "2014-03-31": {
        "Diluted EPS": -1.28,
        "Total Revenue": NaN,
        "Gross Profit": NaN,
        "Operating Income": -3,
        "EBIT": -1,
        "Net Income": -4
    },
    "2013-12-31": {
        "Diluted EPS": -17.51,
        "Total Revenue": NaN,
        "Gross Profit": NaN,
        "Operating Income": -3,
        "EBIT": -3,
        "Net Income": -4
    },
    "2013-09-30": {
        "Diluted EPS": -15.64,
        "Total Revenue": NaN,
        "Gross Profit": NaN,
        "Operating Income": -3,
        "EBIT": -3,
        "Net Income": -5
    },
    "2013-06-30": {
        "Diluted EPS": -7.89,
        "Total Revenue": NaN,
        "Gross Profit": NaN,
        "Operating Income": -2,
        "EBIT": -1,
        "Net Income": -2
    },
    "2013-03-31": {
        "Diluted EPS": -8.48,
        "Total Revenue": NaN,
        "Gross Profit": NaN,
        "Operating Income": -1,
        "EBIT": -1,
        "Net Income": -3
    },
    "2012-12-31": {
        "Diluted EPS": 0.0,
        "Total Revenue": NaN,
        "Gross Profit": NaN,
        "Operating Income": NaN,
        "EBIT": NaN,
        "Net Income": NaN
    },
    "2023-06-30": {
        "Tax Effect Of Unusual Items": 0.0,
        "Tax Rate For Calcs": 0.0,
        "Normalized EBITDA": -2695000.0,
        "Total Unusual Items": 0.0,
        "Total Unusual Items Excluding Goodwill": 0.0,
        "Net Income From Continuing Operation Net Minority Interest": -2085000.0,
        "Reconciled Depreciation": 371000.0,
        "EBITDA": -2695000.0,
        "EBIT": -3066000.0,
        "Net Interest Income": 981000.0,
        "Interest Income": 981000.0,
        "Normalized Income": -2085000.0,
        "Net Income From Continuing And Discontinued Operation": -2085000.0,
        "Total Expenses": 3066000.0,
        "Total Operating Income As Reported": -3066000.0,
        "Diluted Average Shares": 11231725.0,
        "Basic Average Shares": 11231725.0,
        "Diluted EPS": -0.2,
        "Basic EPS": -0.2,
        "Diluted NI Availto Com Stockholders": -2085000.0,
        "Net Income Common Stockholders": -2085000.0,
        "Net Income": -2085000.0,
        "Net Income Including Noncontrolling Interests": -2085000.0,
        "Net Income Continuous Operations": -2085000.0,
        "Pretax Income": -2085000.0,
        "Other Income Expense": NaN,
        "Other Non Operating Income Expenses": NaN,
        "Special Income Charges": 0.0,
        "Impairment Of Capital Assets": 0.0,
        "Gain On Sale Of Security": NaN,
        "Net Non Operating Interest Income Expense": 981000.0,
        "Interest Income Non Operating": 981000.0,
        "Operating Income": -3066000.0,
        "Operating Expense": 3066000.0,
        "Research And Development": -426000.0,
        "Selling General And Administration": 3492000.0,
        "General And Administrative Expense": 3492000.0,
        "Other Gand A": 3492000.0,
        "Total Revenue": 0.0,
        "Operating Revenue": 0.0
    }
}