{
    "2023-03-31": {
        "Tax Effect Of Unusual Items": -3829200.0,
        "Tax Rate For Calcs": 0.4,
        "Normalized EBITDA": -11496000.0,
        "Total Unusual Items": -9573000.0,
        "Total Unusual Items Excluding Goodwill": -9573000.0,
        "Net Income From Continuing Operation Net Minority Interest": -25146000.0,
        "Reconciled Depreciation": 1157000.0,
        "Reconciled Cost Of Revenue": 1684000.0,
        "EBITDA": -21069000.0,
        "EBIT": -22226000.0,
        "Net Interest Income": -2190000.0,
        "Interest Expense": 2820000.0,
        "Interest Income": 636000.0,
        "Normalized Income": -19402200.0,
        "Net Income From Continuing And Discontinued Operation": -25146000.0,
        "Total Expenses": 13283000.0,
        "Total Operating Income As Reported": -13289000.0,
        "Diluted Average Shares": 56034874.0,
        "Basic Average Shares": 56034874.0,
        "Diluted EPS": -0.45,
        "Basic EPS": -0.45,
        "Diluted NI Availto Com Stockholders": -25146000.0,
        "Net Income Common Stockholders": -25146000.0,
        "Net Income": -25146000.0,
        "Net Income Including Noncontrolling Interests": -25146000.0,
        "Net Income Continuous Operations": -25146000.0,
        "Tax Provision": 100000.0,
        "Pretax Income": -25046000.0,
        "Other Income Expense": -9573000.0,
        "Special Income Charges": NaN,
        "Gain On Sale Of Ppe": NaN,
        "Gain On Sale Of Security": -9573000.0,
        "Net Non Operating Interest Income Expense": -2190000.0,
        "Total Other Finance Cost": 6000.0,
        "Interest Expense Non Operating": 2820000.0,
        "Interest Income Non Operating": 636000.0,
        "Operating Income": -13283000.0,
        "Operating Expense": 11599000.0,
        "Other Operating Expenses": 3177000.0,
        "Other Taxes": 0.0,
        "Selling General And Administration": 8026000.0,
        "General And Administrative Expense": 8026000.0,
        "Other Gand A": 4552000.0,
        "Salaries And Wages": 3474000.0,
        "Gross Profit": -1684000.0,
        "Cost Of Revenue": 1684000.0,
        "Total Revenue": 0.0,
        "Operating Revenue": 0.0
    },
    "2022-12-31": {
        "Tax Effect Of Unusual Items": 2437267.9,
        "Tax Rate For Calcs": 0.2621,
        "Normalized EBITDA": -11249000.0,
        "Total Unusual Items": 9299000.0,
        "Total Unusual Items Excluding Goodwill": 9299000.0,
        "Net Income From Continuing Operation Net Minority Interest": -4836000.0,
        "Reconciled Depreciation": 1185000.0,
        "Reconciled Cost Of Revenue": 530000.0,
        "EBITDA": -1950000.0,
        "EBIT": -3135000.0,
        "Net Interest Income": -1116000.0,
        "Interest Expense": 1601000.0,
        "Interest Income": 412000.0,
        "Normalized Income": -11697732.1,
        "Net Income From Continuing And Discontinued Operation": -4836000.0,
        "Total Expenses": 12919000.0,
        "Total Operating Income As Reported": 97536000.0,
        "Diluted Average Shares": NaN,
        "Basic Average Shares": NaN,
        "Diluted EPS": NaN,
        "Basic EPS": NaN,
        "Diluted NI Availto Com Stockholders": -8686000.0,
        "Net Income Common Stockholders": -4836000.0,
        "Net Income": -4836000.0,
        "Net Income Including Noncontrolling Interests": -4836000.0,
        "Net Income Continuous Operations": -4836000.0,
        "Tax Provision": 100000.0,
        "Pretax Income": -4736000.0,
        "Other Income Expense": 9299000.0,
        "Special Income Charges": NaN,
        "Gain On Sale Of Ppe": NaN,
        "Gain On Sale Of Security": 9299000.0,
        "Net Non Operating Interest Income Expense": -1116000.0,
        "Total Other Finance Cost": -73000.0,
        "Interest Expense Non Operating": 1601000.0,
        "Interest Income Non Operating": 412000.0,
        "Operating Income": -12919000.0,
        "Operating Expense": 12389000.0,
        "Other Operating Expenses": 12925000.0,
        "Other Taxes": NaN,
        "Selling General And Administration": 7652000.0,
        "General And Administrative Expense": 7652000.0,
        "Other Gand A": 4007000.0,
        "Salaries And Wages": 3645000.0,
        "Gross Profit": -530000.0,
        "Cost Of Revenue": 530000.0,
        "Total Revenue": 0.0,
        "Operating Revenue": 0.0
    },
    "2022-09-30": {
        "Tax Effect Of Unusual Items": NaN,
        "Tax Rate For Calcs": NaN,
        "Normalized EBITDA": NaN,
        "Total Unusual Items": NaN,
        "Total Unusual Items Excluding Goodwill": NaN,
        "Net Income From Continuing Operation Net Minority Interest": NaN,
        "Reconciled Depreciation": NaN,
        "Reconciled Cost Of Revenue": NaN,
        "EBITDA": NaN,
        "EBIT": NaN,
        "Net Interest Income": NaN,
        "Interest Expense": NaN,
        "Interest Income": NaN,
        "Normalized Income": NaN,
        "Net Income From Continuing And Discontinued Operation": NaN,
        "Total Expenses": NaN,
        "Total Operating Income As Reported": NaN,
        "Diluted Average Shares": 55788953.0,
        "Basic Average Shares": 55788953.0,
        "Diluted EPS": -0.23,
        "Basic EPS": -0.23,
        "Diluted NI Availto Com Stockholders": NaN,
        "Net Income Common Stockholders": NaN,
        "Net Income": NaN,
        "Net Income Including Noncontrolling Interests": NaN,
        "Net Income Continuous Operations": NaN,
        "Tax Provision": NaN,
        "Pretax Income": NaN,
        "Other Income Expense": NaN,
        "Special Income Charges": 0.0,
        "Gain On Sale Of Ppe": 0.0,
        "Gain On Sale Of Security": NaN,
        "Net Non Operating Interest Income Expense": NaN,
        "Total Other Finance Cost": NaN,
        "Interest Expense Non Operating": NaN,
        "Interest Income Non Operating": NaN,
        "Operating Income": NaN,
        "Operating Expense": NaN,
        "Other Operating Expenses": NaN,
        "Other Taxes": NaN,
        "Research And Development": 1116000.0,
        "Selling General And Administration": NaN,
        "General And Administrative Expense": NaN,
        "Other Gand A": NaN,
        "Salaries And Wages": NaN,
        "Gross Profit": NaN,
        "Cost Of Revenue": NaN,
        "Total Revenue": NaN,
        "Operating Revenue": NaN
    },
    "2022-06-30": {
        "Tax Effect Of Unusual Items": 0.0,
        "Tax Rate For Calcs": 0.0,
        "Normalized EBITDA": -13148000.0,
        "Total Unusual Items": 341000.0,
        "Total Unusual Items Excluding Goodwill": 341000.0,
        "Net Income From Continuing Operation Net Minority Interest": -14042000.0,
        "Reconciled Depreciation": 1190000.0,
        "Reconciled Cost Of Revenue": 1116000.0,
        "EBITDA": -12807000.0,
        "EBIT": -13997000.0,
        "Net Interest Income": 61000.0,
        "Interest Expense": 45000.0,
        "Interest Income": 115000.0,
        "Normalized Income": -14383000.0,
        "Net Income From Continuing And Discontinued Operation": -14042000.0,
        "Total Expenses": 14444000.0,
        "Total Operating Income As Reported": 14453000.0,
        "Diluted Average Shares": 55560540.0,
        "Basic Average Shares": 55560540.0,
        "Diluted EPS": -0.25,
        "Basic EPS": -0.25,
        "Diluted NI Availto Com Stockholders": -14042000.0,
        "Net Income Common Stockholders": -14042000.0,
        "Net Income": -14042000.0,
        "Net Income Including Noncontrolling Interests": -14042000.0,
        "Net Income Continuous Operations": -14042000.0,
        "Tax Provision": NaN,
        "Pretax Income": -14042000.0,
        "Other Income Expense": 341000.0,
        "Special Income Charges": NaN,
        "Gain On Sale Of Ppe": NaN,
        "Gain On Sale Of Security": 341000.0,
        "Net Non Operating Interest Income Expense": 61000.0,
        "Total Other Finance Cost": 9000.0,
        "Interest Expense Non Operating": 45000.0,
        "Interest Income Non Operating": 115000.0,
        "Operating Income": -14444000.0,
        "Operating Expense": 13328000.0,
        "Other Operating Expenses": 5093000.0,
        "Other Taxes": NaN,
        "Research And Development": NaN,
        "Selling General And Administration": 8235000.0,
        "General And Administrative Expense": 8235000.0,
        "Other Gand A": 3779000.0,
        "Salaries And Wages": 4456000.0,
        "Gross Profit": -1116000.0,
        "Cost Of Revenue": 1116000.0,
        "Total Revenue": 0.0,
        "Operating Revenue": 0.0
    },
    "2022-03-31": {
        "Diluted EPS": -0.23,
        "Total Revenue": NaN,
        "Gross Profit": NaN,
        "Operating Income": -13,
        "EBIT": -12,
        "Net Income": -13
    },
    "2021-12-31": {
        "Diluted EPS": -0.14,
        "Total Revenue": NaN,
        "Gross Profit": NaN,
        "Operating Income": -8,
        "EBIT": -8,
        "Net Income": -8
    },
    "2021-09-30": {
        "Diluted EPS": -0.15,
        "Total Revenue": NaN,
        "Gross Profit": NaN,
        "Operating Income": -7,
        "EBIT": -7,
        "Net Income": -7
    },
    "2021-06-30": {
        "Diluted EPS": -0.28,
        "Total Revenue": NaN,
        "Gross Profit": NaN,
        "Operating Income": -10,
        "EBIT": -10,
        "Net Income": -10
    },
    "2021-03-31": {
        "Diluted EPS": -0.17,
        "Total Revenue": NaN,
        "Gross Profit": NaN,
        "Operating Income": -5,
        "EBIT": -5,
        "Net Income": -6
    },
    "2020-12-31": {
        "Diluted EPS": -0.49,
        "Total Revenue": NaN,
        "Gross Profit": NaN,
        "Operating Income": -9,
        "EBIT": -9,
        "Net Income": -8
    },
    "2020-09-30": {
        "Diluted EPS": -0.01,
        "Total Revenue": NaN,
        "Gross Profit": NaN,
        "Operating Income": -1,
        "EBIT": -1,
        "Net Income": -2
    },
    "2020-06-30": {
        "Diluted EPS": -0.01,
        "Total Revenue": NaN,
        "Gross Profit": NaN,
        "Operating Income": -1,
        "EBIT": -1,
        "Net Income": -1
    },
    "2020-03-31": {
        "Diluted EPS": -0.01,
        "Total Revenue": NaN,
        "Gross Profit": NaN,
        "Operating Income": -1,
        "EBIT": -1,
        "Net Income": -2
    },
    "2019-12-31": {
        "Diluted EPS": -0.01,
        "Total Revenue": NaN,
        "Gross Profit": NaN,
        "Operating Income": NaN,
        "EBIT": NaN,
        "Net Income": -1
    },
    "2023-06-30": {
        "Tax Effect Of Unusual Items": 1246920.821114,
        "Tax Rate For Calcs": 0.073314,
        "Normalized EBITDA": -11150000.0,
        "Total Unusual Items": 17008000.0,
        "Total Unusual Items Excluding Goodwill": 17008000.0,
        "Net Income From Continuing Operation Net Minority Interest": 1264000.0,
        "Reconciled Depreciation": 1726000.0,
        "Reconciled Cost Of Revenue": 2654000.0,
        "EBITDA": 5858000.0,
        "EBIT": 4132000.0,
        "Net Interest Income": -2013000.0,
        "Interest Expense": 2768000.0,
        "Interest Income": 761000.0,
        "Normalized Income": -14497079.178886,
        "Net Income From Continuing And Discontinued Operation": 1264000.0,
        "Total Expenses": 13631000.0,
        "Total Operating Income As Reported": 13642000.0,
        "Diluted Average Shares": 70913850.0,
        "Basic Average Shares": 60347080.0,
        "Diluted EPS": 0.02,
        "Basic EPS": 0.02,
        "Diluted NI Availto Com Stockholders": 1264000.0,
        "Net Income Common Stockholders": 1264000.0,
        "Net Income": 1264000.0,
        "Net Income Including Noncontrolling Interests": 1264000.0,
        "Net Income Continuous Operations": 1264000.0,
        "Tax Provision": 100000.0,
        "Pretax Income": 1364000.0,
        "Other Income Expense": 17008000.0,
        "Special Income Charges": -5000.0,
        "Gain On Sale Of Ppe": -5000.0,
        "Gain On Sale Of Security": 17013000.0,
        "Net Non Operating Interest Income Expense": -2013000.0,
        "Total Other Finance Cost": 6000.0,
        "Interest Expense Non Operating": 2768000.0,
        "Interest Income Non Operating": 761000.0,
        "Operating Income": -13631000.0,
        "Operating Expense": 10977000.0,
        "Other Operating Expenses": 4172000.0,
        "Other Taxes": -334000.0,
        "Selling General And Administration": 7139000.0,
        "General And Administrative Expense": 7139000.0,
        "Other Gand A": 3760000.0,
        "Salaries And Wages": 3379000.0,
        "Gross Profit": -2654000.0,
        "Cost Of Revenue": 2654000.0,
        "Total Revenue": 0.0,
        "Operating Revenue": 0.0
    },
    "2023-09-30": {
        "Tax Effect Of Unusual Items": -111600.0,
        "Tax Rate For Calcs": 0.4,
        "Normalized EBITDA": -9701000.0,
        "Total Unusual Items": -279000.0,
        "Total Unusual Items Excluding Goodwill": -279000.0,
        "Net Income From Continuing Operation Net Minority Interest": -15526000.0,
        "Reconciled Depreciation": 2625000.0,
        "Reconciled Cost Of Revenue": 3014000.0,
        "EBITDA": -9980000.0,
        "EBIT": -12605000.0,
        "Net Interest Income": -2104000.0,
        "Interest Expense": 2821000.0,
        "Interest Income": 721000.0,
        "Normalized Income": -15358600.0,
        "Net Income From Continuing And Discontinued Operation": -15526000.0,
        "Total Expenses": 13043000.0,
        "Total Operating Income As Reported": -13047000.0,
        "Diluted Average Shares": 60746564.0,
        "Basic Average Shares": 60746564.0,
        "Diluted EPS": -0.26,
        "Basic EPS": -0.26,
        "Diluted NI Availto Com Stockholders": -15526000.0,
        "Net Income Common Stockholders": -15526000.0,
        "Net Income": -15526000.0,
        "Net Income Including Noncontrolling Interests": -15526000.0,
        "Net Income Continuous Operations": -15526000.0,
        "Tax Provision": 100000.0,
        "Pretax Income": -15426000.0,
        "Other Income Expense": -279000.0,
        "Special Income Charges": 0.0,
        "Gain On Sale Of Ppe": 0.0,
        "Gain On Sale Of Security": -279000.0,
        "Net Non Operating Interest Income Expense": -2104000.0,
        "Total Other Finance Cost": 4000.0,
        "Interest Expense Non Operating": 2821000.0,
        "Interest Income Non Operating": 721000.0,
        "Operating Income": -13043000.0,
        "Operating Expense": 10029000.0,
        "Other Operating Expenses": 2966000.0,
        "Other Taxes": -192000.0,
        "Selling General And Administration": 6538000.0,
        "General And Administrative Expense": 6538000.0,
        "Other Gand A": 2816000.0,
        "Salaries And Wages": 3722000.0,
        "Gross Profit": -3014000.0,
        "Cost Of Revenue": 3014000.0,
        "Total Revenue": 0.0,
        "Operating Revenue": 0.0
    },
    "2023-12-31": {
        "Tax Effect Of Unusual Items": 375200.0,
        "Tax Rate For Calcs": 0.4,
        "Normalized EBITDA": -11906000.0,
        "Total Unusual Items": 938000.0,
        "Total Unusual Items Excluding Goodwill": 938000.0,
        "Net Income From Continuing Operation Net Minority Interest": -16577000.0,
        "Reconciled Depreciation": 2640000.0,
        "Reconciled Cost Of Revenue": 3112000.0,
        "EBITDA": -10968000.0,
        "EBIT": -13608000.0,
        "Net Interest Income": -2294000.0,
        "Interest Expense": 2869000.0,
        "Interest Income": 580000.0,
        "Normalized Income": -17139800.0,
        "Net Income From Continuing And Discontinued Operation": -16577000.0,
        "Total Expenses": 15121000.0,
        "Total Operating Income As Reported": -15126000.0,
        "Diluted Average Shares": NaN,
        "Basic Average Shares": NaN,
        "Diluted EPS": NaN,
        "Basic EPS": NaN,
        "Diluted NI Availto Com Stockholders": -16577000.0,
        "Net Income Common Stockholders": -16577000.0,
        "Net Income": -16577000.0,
        "Net Income Including Noncontrolling Interests": -16577000.0,
        "Net Income Continuous Operations": -16577000.0,
        "Tax Provision": 100000.0,
        "Pretax Income": -16477000.0,
        "Other Income Expense": 938000.0,
        "Special Income Charges": 0.0,
        "Gain On Sale Of Ppe": 0.0,
        "Gain On Sale Of Security": 938000.0,
        "Net Non Operating Interest Income Expense": -2294000.0,
        "Total Other Finance Cost": 5000.0,
        "Interest Expense Non Operating": 2869000.0,
        "Interest Income Non Operating": 580000.0,
        "Operating Income": -15121000.0,
        "Operating Expense": 12009000.0,
        "Other Operating Expenses": 6472000.0,
        "Other Taxes": -1934000.0,
        "Selling General And Administration": 6654000.0,
        "General And Administrative Expense": 6654000.0,
        "Other Gand A": 3078000.0,
        "Salaries And Wages": 3576000.0,
        "Gross Profit": -3112000.0,
        "Cost Of Revenue": 3112000.0,
        "Total Revenue": 0.0,
        "Operating Revenue": 0.0
    },
    "2024-03-31": {
        "Tax Effect Of Unusual Items": 1640800.0,
        "Tax Rate For Calcs": 0.4,
        "Normalized EBITDA": -30846000.0,
        "Total Unusual Items": 4102000.0,
        "Total Unusual Items Excluding Goodwill": 4102000.0,
        "Net Income From Continuing Operation Net Minority Interest": -32237000.0,
        "Reconciled Depreciation": 2621000.0,
        "Reconciled Cost Of Revenue": 3223000.0,
        "EBITDA": -26744000.0,
        "EBIT": -29365000.0,
        "Net Interest Income": -2024000.0,
        "Interest Expense": 2772000.0,
        "Interest Income": 752000.0,
        "Normalized Income": -34698200.0,
        "Net Income From Continuing And Discontinued Operation": -32237000.0,
        "Total Expenses": 34215000.0,
        "Total Operating Income As Reported": -34219000.0,
        "Diluted Average Shares": 75727397.0,
        "Basic Average Shares": 75727397.0,
        "Diluted EPS": -0.43,
        "Basic EPS": -0.43,
        "Diluted NI Availto Com Stockholders": -32237000.0,
        "Net Income Common Stockholders": -32237000.0,
        "Net Income": -32237000.0,
        "Net Income Including Noncontrolling Interests": -32237000.0,
        "Net Income Continuous Operations": -32237000.0,
        "Tax Provision": 100000.0,
        "Pretax Income": -32137000.0,
        "Other Income Expense": 4102000.0,
        "Special Income Charges": NaN,
        "Gain On Sale Of Ppe": NaN,
        "Gain On Sale Of Security": 4102000.0,
        "Net Non Operating Interest Income Expense": -2024000.0,
        "Total Other Finance Cost": 4000.0,
        "Interest Expense Non Operating": 2772000.0,
        "Interest Income Non Operating": 752000.0,
        "Operating Income": -34215000.0,
        "Operating Expense": 30992000.0,
        "Other Operating Expenses": 22915000.0,
        "Other Taxes": -234000.0,
        "Selling General And Administration": 7650000.0,
        "General And Administrative Expense": 7650000.0,
        "Other Gand A": 3802000.0,
        "Salaries And Wages": 3848000.0,
        "Gross Profit": -3223000.0,
        "Cost Of Revenue": 3223000.0,
        "Total Revenue": 0.0,
        "Operating Revenue": 0.0
    }
}