{
    "2023-03-31": {
        "Tax Effect Of Unusual Items": 0.0,
        "Tax Rate For Calcs": 0.0,
        "Normalized EBITDA": -2247201.0,
        "Total Unusual Items": NaN,
        "Total Unusual Items Excluding Goodwill": NaN,
        "Net Income From Continuing Operation Net Minority Interest": -4682847.0,
        "Reconciled Depreciation": 175582.0,
        "Reconciled Cost Of Revenue": 1478109.0,
        "EBITDA": -2247201.0,
        "EBIT": -2422783.0,
        "Net Interest Income": -2260064.0,
        "Interest Expense": 2260064.0,
        "Normalized Income": -4682847.0,
        "Net Income From Continuing And Discontinued Operation": -4682847.0,
        "Total Expenses": 3306744.0,
        "Total Operating Income As Reported": -4286783.0,
        "Diluted Average Shares": 27203856.0,
        "Basic Average Shares": 27203856.0,
        "Diluted EPS": -0.18,
        "Basic EPS": -0.18,
        "Diluted NI Availto Com Stockholders": -4682847.0,
        "Net Income Common Stockholders": -4682847.0,
        "Net Income": -4682847.0,
        "Net Income Including Noncontrolling Interests": -4682847.0,
        "Net Income Continuous Operations": -4682847.0,
        "Pretax Income": -4682847.0,
        "Other Income Expense": NaN,
        "Gain On Sale Of Security": NaN,
        "Net Non Operating Interest Income Expense": -2260064.0,
        "Interest Expense Non Operating": 2260064.0,
        "Operating Income": -3306744.0,
        "Operating Expense": 1828635.0,
        "Research And Development": 557753.0,
        "Selling General And Administration": 1270882.0,
        "General And Administrative Expense": 1270882.0,
        "Other Gand A": 1270882.0,
        "Gross Profit": -1478109.0,
        "Cost Of Revenue": 1478109.0,
        "Total Revenue": 0.0,
        "Operating Revenue": 0.0
    },
    "2022-12-31": {
        "Tax Effect Of Unusual Items": 0.0,
        "Tax Rate For Calcs": 0.0,
        "Normalized EBITDA": -537414.0,
        "Total Unusual Items": NaN,
        "Total Unusual Items Excluding Goodwill": NaN,
        "Net Income From Continuing Operation Net Minority Interest": -1716278.0,
        "Reconciled Depreciation": 95915.0,
        "Reconciled Cost Of Revenue": 2971.0,
        "EBITDA": -537414.0,
        "EBIT": -633329.0,
        "Net Interest Income": -1082949.0,
        "Interest Expense": 1082949.0,
        "Normalized Income": -1716278.0,
        "Net Income From Continuing And Discontinued Operation": -1716278.0,
        "Total Expenses": 636346.0,
        "Total Operating Income As Reported": -633329.0,
        "Diluted Average Shares": 24103196.0,
        "Basic Average Shares": 24103196.0,
        "Diluted EPS": -0.07,
        "Basic EPS": -0.07,
        "Diluted NI Availto Com Stockholders": -1716278.0,
        "Net Income Common Stockholders": -1716278.0,
        "Net Income": -1716278.0,
        "Net Income Including Noncontrolling Interests": -1716278.0,
        "Net Income Continuous Operations": -1716278.0,
        "Pretax Income": -1716278.0,
        "Other Income Expense": NaN,
        "Gain On Sale Of Security": NaN,
        "Net Non Operating Interest Income Expense": -1082949.0,
        "Interest Expense Non Operating": 1082949.0,
        "Operating Income": -633329.0,
        "Operating Expense": 633375.0,
        "Research And Development": 393747.0,
        "Selling General And Administration": 239628.0,
        "General And Administrative Expense": 239628.0,
        "Other Gand A": 239628.0,
        "Gross Profit": 46.0,
        "Cost Of Revenue": 2971.0,
        "Total Revenue": 3017.0,
        "Operating Revenue": 3017.0
    },
    "2022-09-30": {
        "Tax Effect Of Unusual Items": 0.0,
        "Tax Rate For Calcs": 0.0,
        "Normalized EBITDA": -2501475.0,
        "Total Unusual Items": NaN,
        "Total Unusual Items Excluding Goodwill": NaN,
        "Net Income From Continuing Operation Net Minority Interest": -4078477.0,
        "Reconciled Depreciation": 73888.0,
        "Reconciled Cost Of Revenue": 72357.0,
        "EBITDA": -2501475.0,
        "EBIT": -2575363.0,
        "Net Interest Income": -1503114.0,
        "Interest Expense": 1503114.0,
        "Normalized Income": -4078477.0,
        "Net Income From Continuing And Discontinued Operation": -4078477.0,
        "Total Expenses": 2649390.0,
        "Total Operating Income As Reported": -2575363.0,
        "Diluted Average Shares": 24102866.0,
        "Basic Average Shares": 24102866.0,
        "Diluted EPS": -0.16,
        "Basic EPS": -0.16,
        "Diluted NI Availto Com Stockholders": -4078477.0,
        "Net Income Common Stockholders": -4078477.0,
        "Net Income": -4078477.0,
        "Net Income Including Noncontrolling Interests": -4078477.0,
        "Net Income Continuous Operations": -4078477.0,
        "Pretax Income": -4078477.0,
        "Other Income Expense": NaN,
        "Gain On Sale Of Security": NaN,
        "Net Non Operating Interest Income Expense": -1503114.0,
        "Interest Expense Non Operating": 1503114.0,
        "Operating Income": -2575363.0,
        "Operating Expense": 2577033.0,
        "Research And Development": 257061.0,
        "Selling General And Administration": 2319972.0,
        "General And Administrative Expense": 2319972.0,
        "Other Gand A": 2319972.0,
        "Gross Profit": 1670.0,
        "Cost Of Revenue": 72357.0,
        "Total Revenue": 74027.0,
        "Operating Revenue": 74027.0
    },
    "2022-06-30": {
        "Tax Effect Of Unusual Items": 0.0,
        "Tax Rate For Calcs": 0.0,
        "Normalized EBITDA": -2112201.0,
        "Total Unusual Items": NaN,
        "Total Unusual Items Excluding Goodwill": NaN,
        "Net Income From Continuing Operation Net Minority Interest": -3979297.0,
        "Reconciled Depreciation": 98792.0,
        "Reconciled Cost Of Revenue": 0.0,
        "EBITDA": -2112201.0,
        "EBIT": -2210993.0,
        "Net Interest Income": -1768304.0,
        "Interest Expense": 1768304.0,
        "Normalized Income": -3979297.0,
        "Net Income From Continuing And Discontinued Operation": -3979297.0,
        "Total Expenses": 2210993.0,
        "Total Operating Income As Reported": -2210993.0,
        "Diluted Average Shares": 24102866.0,
        "Basic Average Shares": 24102866.0,
        "Diluted EPS": -0.16,
        "Basic EPS": -0.16,
        "Diluted NI Availto Com Stockholders": -3979297.0,
        "Net Income Common Stockholders": -3979297.0,
        "Net Income": -3979297.0,
        "Net Income Including Noncontrolling Interests": -3979297.0,
        "Net Income Continuous Operations": -3979297.0,
        "Pretax Income": -3979297.0,
        "Other Income Expense": NaN,
        "Gain On Sale Of Security": NaN,
        "Net Non Operating Interest Income Expense": -1768304.0,
        "Interest Expense Non Operating": 1768304.0,
        "Operating Income": -2210993.0,
        "Operating Expense": 2210993.0,
        "Research And Development": 330055.0,
        "Selling General And Administration": 1880938.0,
        "General And Administrative Expense": 1880938.0,
        "Other Gand A": 1880938.0,
        "Gross Profit": 0.0,
        "Cost Of Revenue": 0.0,
        "Total Revenue": 0.0,
        "Operating Revenue": 0.0
    },
    "2022-03-31": {
        "Diluted EPS": -0.15,
        "Total Revenue": 0,
        "Gross Profit": 0,
        "Operating Income": -2,
        "EBIT": -7,
        "Net Income": -4
    },
    "2021-12-31": {
        "Diluted EPS": -0.15,
        "Total Revenue": 0,
        "Gross Profit": 0,
        "Operating Income": -2,
        "EBIT": 0,
        "Net Income": -3
    },
    "2021-09-30": {
        "Diluted EPS": -0.15,
        "Total Revenue": NaN,
        "Gross Profit": NaN,
        "Operating Income": -2,
        "EBIT": 2,
        "Net Income": -3
    },
    "2021-06-30": {
        "Diluted EPS": -0.14,
        "Total Revenue": NaN,
        "Gross Profit": NaN,
        "Operating Income": -2,
        "EBIT": -2,
        "Net Income": -3
    },
    "2021-03-31": {
        "Diluted EPS": -0.1,
        "Total Revenue": NaN,
        "Gross Profit": NaN,
        "Operating Income": -1,
        "EBIT": -1,
        "Net Income": -2
    },
    "2020-12-31": {
        "Diluted EPS": -0.06,
        "Total Revenue": NaN,
        "Gross Profit": NaN,
        "Operating Income": -1,
        "EBIT": -1,
        "Net Income": -1
    },
    "2020-09-30": {
        "Diluted EPS": -0.07,
        "Total Revenue": NaN,
        "Gross Profit": NaN,
        "Operating Income": -1,
        "EBIT": -1,
        "Net Income": -2
    },
    "2020-06-30": {
        "Diluted EPS": -0.05,
        "Total Revenue": NaN,
        "Gross Profit": NaN,
        "Operating Income": -1,
        "EBIT": -1,
        "Net Income": -1
    },
    "2020-03-31": {
        "Diluted EPS": -0.07,
        "Total Revenue": NaN,
        "Gross Profit": NaN,
        "Operating Income": -1,
        "EBIT": -1,
        "Net Income": -1
    },
    "2019-12-31": {
        "Diluted EPS": -0.02,
        "Total Revenue": NaN,
        "Gross Profit": NaN,
        "Operating Income": -1,
        "EBIT": -1,
        "Net Income": 0
    },
    "2019-09-30": {
        "Diluted EPS": -0.05,
        "Total Revenue": NaN,
        "Gross Profit": NaN,
        "Operating Income": -1,
        "EBIT": -1,
        "Net Income": -1
    },
    "2019-06-30": {
        "Diluted EPS": -0.06,
        "Total Revenue": NaN,
        "Gross Profit": NaN,
        "Operating Income": -1,
        "EBIT": -1,
        "Net Income": -1
    },
    "2019-03-31": {
        "Diluted EPS": 0.0,
        "Total Revenue": NaN,
        "Gross Profit": NaN,
        "Operating Income": -2,
        "EBIT": -2,
        "Net Income": -2
    },
    "2018-12-31": {
        "Diluted EPS": -0.05,
        "Total Revenue": NaN,
        "Gross Profit": NaN,
        "Operating Income": -1,
        "EBIT": -1,
        "Net Income": -1
    },
    "2018-09-30": {
        "Diluted EPS": -0.1,
        "Total Revenue": NaN,
        "Gross Profit": NaN,
        "Operating Income": -1,
        "EBIT": -1,
        "Net Income": -1
    },
    "2018-06-30": {
        "Diluted EPS": -0.1,
        "Total Revenue": NaN,
        "Gross Profit": NaN,
        "Operating Income": -1,
        "EBIT": -1,
        "Net Income": -1
    },
    "2018-03-31": {
        "Diluted EPS": -0.02,
        "Total Revenue": NaN,
        "Gross Profit": NaN,
        "Operating Income": -1,
        "EBIT": -1,
        "Net Income": -1
    },
    "2017-12-31": {
        "Diluted EPS": -0.04,
        "Total Revenue": NaN,
        "Gross Profit": NaN,
        "Operating Income": 0,
        "EBIT": 0,
        "Net Income": 0
    },
    "2017-09-30": {
        "Diluted EPS": -0.02,
        "Total Revenue": NaN,
        "Gross Profit": NaN,
        "Operating Income": 0,
        "EBIT": 0,
        "Net Income": 0
    },
    "2017-06-30": {
        "Diluted EPS": -0.02,
        "Total Revenue": NaN,
        "Gross Profit": NaN,
        "Operating Income": 0,
        "EBIT": 0,
        "Net Income": 0
    },
    "2017-03-31": {
        "Diluted EPS": -0.02,
        "Total Revenue": NaN,
        "Gross Profit": NaN,
        "Operating Income": 0,
        "EBIT": 0,
        "Net Income": 0
    },
    "2016-12-31": {
        "Diluted EPS": -0.02,
        "Total Revenue": NaN,
        "Gross Profit": NaN,
        "Operating Income": 0,
        "EBIT": 0,
        "Net Income": 0
    },
    "2016-09-30": {
        "Diluted EPS": -0.02,
        "Total Revenue": NaN,
        "Gross Profit": NaN,
        "Operating Income": 0,
        "EBIT": 0,
        "Net Income": 0
    },
    "2016-06-30": {
        "Diluted EPS": -0.02,
        "Total Revenue": NaN,
        "Gross Profit": NaN,
        "Operating Income": 0,
        "EBIT": 0,
        "Net Income": 0
    },
    "2016-03-31": {
        "Diluted EPS": 0.0,
        "Total Revenue": NaN,
        "Gross Profit": NaN,
        "Operating Income": 0,
        "EBIT": 0,
        "Net Income": 0
    },
    "2015-12-31": {
        "Diluted EPS": 0.0,
        "Total Revenue": NaN,
        "Gross Profit": NaN,
        "Operating Income": 0,
        "EBIT": 0,
        "Net Income": 0
    },
    "2015-09-30": {
        "Diluted EPS": 0.0,
        "Total Revenue": NaN,
        "Gross Profit": NaN,
        "Operating Income": 0,
        "EBIT": 0,
        "Net Income": 0
    },
    "2015-06-30": {
        "Diluted EPS": 0.0,
        "Total Revenue": NaN,
        "Gross Profit": NaN,
        "Operating Income": 0,
        "EBIT": 0,
        "Net Income": 0
    },
    "2015-03-31": {
        "Diluted EPS": -0.03,
        "Total Revenue": NaN,
        "Gross Profit": NaN,
        "Operating Income": -1,
        "EBIT": -1,
        "Net Income": -1
    },
    "2014-12-31": {
        "Diluted EPS": -0.01,
        "Total Revenue": NaN,
        "Gross Profit": NaN,
        "Operating Income": 0,
        "EBIT": 0,
        "Net Income": 0
    },
    "2014-09-30": {
        "Diluted EPS": -0.02,
        "Total Revenue": NaN,
        "Gross Profit": NaN,
        "Operating Income": 0,
        "EBIT": 0,
        "Net Income": 0
    },
    "2014-06-30": {
        "Diluted EPS": -0.01,
        "Total Revenue": NaN,
        "Gross Profit": NaN,
        "Operating Income": 0,
        "EBIT": 0,
        "Net Income": 0
    },
    "2014-03-31": {
        "Diluted EPS": 0.0,
        "Total Revenue": NaN,
        "Gross Profit": NaN,
        "Operating Income": 0,
        "EBIT": 0,
        "Net Income": 0
    },
    "2013-12-31": {
        "Diluted EPS": 0.0,
        "Total Revenue": NaN,
        "Gross Profit": NaN,
        "Operating Income": 0,
        "EBIT": 0,
        "Net Income": 0
    },
    "2013-09-30": {
        "Diluted EPS": 0.0,
        "Total Revenue": NaN,
        "Gross Profit": NaN,
        "Operating Income": 0,
        "EBIT": 0,
        "Net Income": 0
    },
    "2013-06-30": {
        "Diluted EPS": 0.0,
        "Total Revenue": NaN,
        "Gross Profit": NaN,
        "Operating Income": 0,
        "EBIT": 0,
        "Net Income": 0
    },
    "2023-06-30": {
        "Tax Effect Of Unusual Items": 0.0,
        "Tax Rate For Calcs": 0.0,
        "Normalized EBITDA": -1960139.0,
        "Total Unusual Items": 112082.0,
        "Total Unusual Items Excluding Goodwill": 112082.0,
        "Net Income From Continuing Operation Net Minority Interest": -2603154.0,
        "Reconciled Depreciation": 98085.0,
        "Reconciled Cost Of Revenue": 0.0,
        "EBITDA": -1848057.0,
        "EBIT": -1946142.0,
        "Net Interest Income": -657012.0,
        "Interest Expense": 657012.0,
        "Normalized Income": -2715236.0,
        "Net Income From Continuing And Discontinued Operation": -2603154.0,
        "Total Expenses": 2058224.0,
        "Total Operating Income As Reported": -1834142.0,
        "Diluted Average Shares": 28899402.0,
        "Basic Average Shares": 28899402.0,
        "Diluted EPS": -0.09,
        "Basic EPS": -0.09,
        "Diluted NI Availto Com Stockholders": -2603154.0,
        "Net Income Common Stockholders": -2603154.0,
        "Net Income": -2603154.0,
        "Net Income Including Noncontrolling Interests": -2603154.0,
        "Net Income Continuous Operations": -2603154.0,
        "Pretax Income": -2603154.0,
        "Other Income Expense": 112082.0,
        "Gain On Sale Of Security": 112082.0,
        "Net Non Operating Interest Income Expense": -657012.0,
        "Interest Expense Non Operating": 657012.0,
        "Operating Income": -2058224.0,
        "Operating Expense": 2058224.0,
        "Research And Development": 549757.0,
        "Selling General And Administration": 1508467.0,
        "General And Administrative Expense": 1508467.0,
        "Other Gand A": 1508467.0,
        "Gross Profit": 0.0,
        "Cost Of Revenue": 0.0,
        "Total Revenue": 0.0,
        "Operating Revenue": 0.0
    },
    "2023-09-30": {
        "Tax Effect Of Unusual Items": 0.0,
        "Tax Rate For Calcs": 0.0,
        "Normalized EBITDA": -1919372.0,
        "Total Unusual Items": 1671900.0,
        "Total Unusual Items Excluding Goodwill": 1671900.0,
        "Net Income From Continuing Operation Net Minority Interest": -1203454.0,
        "Reconciled Depreciation": 131173.0,
        "Reconciled Cost Of Revenue": 0.0,
        "EBITDA": -247472.0,
        "EBIT": -378645.0,
        "Net Interest Income": -824809.0,
        "Interest Expense": 824809.0,
        "Normalized Income": -2875354.0,
        "Net Income From Continuing And Discontinued Operation": -1203454.0,
        "Total Expenses": 2050545.0,
        "Total Operating Income As Reported": -2050545.0,
        "Diluted Average Shares": 28899402.0,
        "Basic Average Shares": 28899402.0,
        "Diluted EPS": -0.05,
        "Basic EPS": -0.05,
        "Diluted NI Availto Com Stockholders": -1203454.0,
        "Net Income Common Stockholders": -1203454.0,
        "Net Income": -1203454.0,
        "Net Income Including Noncontrolling Interests": -1203454.0,
        "Net Income Continuous Operations": -1203454.0,
        "Pretax Income": -1203454.0,
        "Other Income Expense": 1671900.0,
        "Gain On Sale Of Security": 1671900.0,
        "Net Non Operating Interest Income Expense": -824809.0,
        "Interest Expense Non Operating": 824809.0,
        "Operating Income": -2050545.0,
        "Operating Expense": 2050545.0,
        "Research And Development": 491803.0,
        "Selling General And Administration": 1558742.0,
        "General And Administrative Expense": 1558742.0,
        "Other Gand A": 1558742.0,
        "Gross Profit": 0.0,
        "Cost Of Revenue": 0.0,
        "Total Revenue": 0.0,
        "Operating Revenue": 0.0
    }
}