{
    "2023-03-31": {
        "Tax Effect Of Unusual Items": NaN,
        "Tax Rate For Calcs": NaN,
        "Normalized EBITDA": NaN,
        "Total Unusual Items": NaN,
        "Total Unusual Items Excluding Goodwill": NaN,
        "Net Income From Continuing Operation Net Minority Interest": NaN,
        "Reconciled Depreciation": NaN,
        "Reconciled Cost Of Revenue": NaN,
        "EBITDA": NaN,
        "EBIT": NaN,
        "Net Interest Income": NaN,
        "Interest Expense": NaN,
        "Interest Income": 469000.0,
        "Normalized Income": NaN,
        "Net Income From Continuing And Discontinued Operation": NaN,
        "Total Expenses": NaN,
        "Total Operating Income As Reported": NaN,
        "Diluted Average Shares": NaN,
        "Basic Average Shares": NaN,
        "Diluted EPS": NaN,
        "Basic EPS": NaN,
        "Diluted NI Availto Com Stockholders": NaN,
        "Net Income Common Stockholders": NaN,
        "Net Income": NaN,
        "Net Income Including Noncontrolling Interests": NaN,
        "Net Income Continuous Operations": NaN,
        "Tax Provision": NaN,
        "Pretax Income": NaN,
        "Other Income Expense": NaN,
        "Other Non Operating Income Expenses": NaN,
        "Gain On Sale Of Security": NaN,
        "Net Non Operating Interest Income Expense": NaN,
        "Total Other Finance Cost": -469000.0,
        "Interest Expense Non Operating": NaN,
        "Interest Income Non Operating": 469000.0,
        "Operating Income": NaN,
        "Operating Expense": NaN,
        "Depreciation Amortization Depletion Income Statement": NaN,
        "Depreciation And Amortization In Income Statement": NaN,
        "Research And Development": NaN,
        "Selling General And Administration": NaN,
        "Gross Profit": NaN,
        "Cost Of Revenue": NaN,
        "Total Revenue": NaN,
        "Operating Revenue": NaN
    },
    "2022-12-31": {
        "Tax Effect Of Unusual Items": NaN,
        "Tax Rate For Calcs": NaN,
        "Normalized EBITDA": NaN,
        "Total Unusual Items": NaN,
        "Total Unusual Items Excluding Goodwill": NaN,
        "Net Income From Continuing Operation Net Minority Interest": NaN,
        "Reconciled Depreciation": NaN,
        "Reconciled Cost Of Revenue": NaN,
        "EBITDA": NaN,
        "EBIT": NaN,
        "Net Interest Income": NaN,
        "Interest Expense": NaN,
        "Interest Income": NaN,
        "Normalized Income": NaN,
        "Net Income From Continuing And Discontinued Operation": NaN,
        "Total Expenses": NaN,
        "Total Operating Income As Reported": NaN,
        "Diluted Average Shares": NaN,
        "Basic Average Shares": NaN,
        "Diluted EPS": NaN,
        "Basic EPS": NaN,
        "Diluted NI Availto Com Stockholders": NaN,
        "Net Income Common Stockholders": NaN,
        "Otherunder Preferred Stock Dividend": 0.0,
        "Net Income": NaN,
        "Net Income Including Noncontrolling Interests": NaN,
        "Net Income Continuous Operations": NaN,
        "Tax Provision": NaN,
        "Pretax Income": NaN,
        "Other Income Expense": NaN,
        "Other Non Operating Income Expenses": NaN,
        "Gain On Sale Of Security": NaN,
        "Net Non Operating Interest Income Expense": NaN,
        "Total Other Finance Cost": NaN,
        "Interest Expense Non Operating": NaN,
        "Interest Income Non Operating": NaN,
        "Operating Income": NaN,
        "Operating Expense": NaN,
        "Depreciation Amortization Depletion Income Statement": NaN,
        "Depreciation And Amortization In Income Statement": NaN,
        "Research And Development": NaN,
        "Selling General And Administration": NaN,
        "Gross Profit": NaN,
        "Cost Of Revenue": NaN,
        "Total Revenue": NaN,
        "Operating Revenue": NaN
    },
    "2022-09-30": {
        "Tax Effect Of Unusual Items": NaN,
        "Tax Rate For Calcs": NaN,
        "Normalized EBITDA": NaN,
        "Total Unusual Items": NaN,
        "Total Unusual Items Excluding Goodwill": NaN,
        "Net Income From Continuing Operation Net Minority Interest": NaN,
        "Reconciled Depreciation": NaN,
        "Reconciled Cost Of Revenue": NaN,
        "EBITDA": NaN,
        "EBIT": NaN,
        "Net Interest Income": NaN,
        "Interest Expense": NaN,
        "Interest Income": 336000.0,
        "Normalized Income": NaN,
        "Net Income From Continuing And Discontinued Operation": NaN,
        "Total Expenses": NaN,
        "Total Operating Income As Reported": NaN,
        "Diluted Average Shares": 101397000.0,
        "Basic Average Shares": 101397000.0,
        "Diluted EPS": -0.18,
        "Basic EPS": -0.18,
        "Diluted NI Availto Com Stockholders": NaN,
        "Net Income Common Stockholders": NaN,
        "Otherunder Preferred Stock Dividend": 0.0,
        "Net Income": NaN,
        "Net Income Including Noncontrolling Interests": NaN,
        "Net Income Continuous Operations": NaN,
        "Tax Provision": NaN,
        "Pretax Income": NaN,
        "Other Income Expense": NaN,
        "Other Non Operating Income Expenses": NaN,
        "Gain On Sale Of Security": NaN,
        "Net Non Operating Interest Income Expense": NaN,
        "Total Other Finance Cost": NaN,
        "Interest Expense Non Operating": NaN,
        "Interest Income Non Operating": 336000.0,
        "Operating Income": NaN,
        "Operating Expense": NaN,
        "Depreciation Amortization Depletion Income Statement": NaN,
        "Depreciation And Amortization In Income Statement": NaN,
        "Research And Development": NaN,
        "Selling General And Administration": NaN,
        "Gross Profit": NaN,
        "Cost Of Revenue": NaN,
        "Total Revenue": NaN,
        "Operating Revenue": NaN
    },
    "2022-06-30": {
        "Tax Effect Of Unusual Items": 7105200.0,
        "Tax Rate For Calcs": 0.4,
        "Normalized EBITDA": -33895000.0,
        "Total Unusual Items": 17763000.0,
        "Total Unusual Items Excluding Goodwill": 17763000.0,
        "Net Income From Continuing Operation Net Minority Interest": 827000.0,
        "Reconciled Depreciation": 884000.0,
        "Reconciled Cost Of Revenue": 3001000.0,
        "EBITDA": -16132000.0,
        "EBIT": -17016000.0,
        "Net Interest Income": 109000.0,
        "Interest Income": NaN,
        "Normalized Income": -9830800.0,
        "Net Income From Continuing And Discontinued Operation": 827000.0,
        "Total Expenses": 18437000.0,
        "Total Operating Income As Reported": -17016000.0,
        "Diluted Average Shares": 102381000.0,
        "Basic Average Shares": 101071000.0,
        "Diluted EPS": 0.01,
        "Basic EPS": 0.01,
        "Diluted NI Availto Com Stockholders": 827000.0,
        "Net Income Common Stockholders": 827000.0,
        "Otherunder Preferred Stock Dividend": 0.0,
        "Net Income": 827000.0,
        "Net Income Including Noncontrolling Interests": 827000.0,
        "Net Income Continuous Operations": 827000.0,
        "Tax Provision": -8000.0,
        "Pretax Income": 819000.0,
        "Other Income Expense": 17726000.0,
        "Other Non Operating Income Expenses": -37000.0,
        "Gain On Sale Of Security": 17763000.0,
        "Net Non Operating Interest Income Expense": 109000.0,
        "Total Other Finance Cost": -109000.0,
        "Interest Income Non Operating": NaN,
        "Operating Income": -17016000.0,
        "Operating Expense": 15436000.0,
        "Depreciation Amortization Depletion Income Statement": 884000.0,
        "Depreciation And Amortization In Income Statement": 884000.0,
        "Research And Development": 4170000.0,
        "Selling General And Administration": 10382000.0,
        "Gross Profit": -1580000.0,
        "Cost Of Revenue": 3001000.0,
        "Total Revenue": 1421000.0,
        "Operating Revenue": 1421000.0
    },
    "2023-06-30": {
        "Tax Effect Of Unusual Items": NaN,
        "Tax Rate For Calcs": NaN,
        "Normalized EBITDA": NaN,
        "Total Unusual Items": NaN,
        "Total Unusual Items Excluding Goodwill": NaN,
        "Net Income From Continuing Operation Net Minority Interest": NaN,
        "Reconciled Depreciation": NaN,
        "Reconciled Cost Of Revenue": NaN,
        "EBITDA": NaN,
        "EBIT": NaN,
        "Net Interest Income": NaN,
        "Interest Expense": NaN,
        "Normalized Income": NaN,
        "Net Income From Continuing And Discontinued Operation": NaN,
        "Total Expenses": NaN,
        "Total Operating Income As Reported": NaN,
        "Diluted Average Shares": 106749000.0,
        "Basic Average Shares": 106749000.0,
        "Diluted EPS": -0.15,
        "Basic EPS": -0.15,
        "Diluted NI Availto Com Stockholders": NaN,
        "Net Income Common Stockholders": NaN,
        "Net Income": NaN,
        "Net Income Including Noncontrolling Interests": NaN,
        "Net Income Continuous Operations": NaN,
        "Tax Provision": NaN,
        "Pretax Income": NaN,
        "Other Income Expense": NaN,
        "Other Non Operating Income Expenses": NaN,
        "Gain On Sale Of Security": NaN,
        "Net Non Operating Interest Income Expense": NaN,
        "Total Other Finance Cost": 343000.0,
        "Interest Expense Non Operating": NaN,
        "Operating Income": NaN,
        "Operating Expense": NaN,
        "Depreciation Amortization Depletion Income Statement": NaN,
        "Depreciation And Amortization In Income Statement": NaN,
        "Research And Development": NaN,
        "Selling General And Administration": NaN,
        "Gross Profit": NaN,
        "Cost Of Revenue": NaN,
        "Total Revenue": NaN,
        "Operating Revenue": NaN
    },
    "2023-09-30": {
        "Tax Effect Of Unusual Items": -1414770.0,
        "Tax Rate For Calcs": 0.21,
        "Normalized EBITDA": -13463000.0,
        "Total Unusual Items": -6737000.0,
        "Total Unusual Items Excluding Goodwill": -6737000.0,
        "Net Income From Continuing Operation Net Minority Interest": -23220000.0,
        "Reconciled Depreciation": 1256000.0,
        "Reconciled Cost Of Revenue": 3232000.0,
        "EBITDA": -20200000.0,
        "EBIT": -21456000.0,
        "Net Interest Income": -1740000.0,
        "Interest Expense": 1740000.0,
        "Normalized Income": -17897770.0,
        "Net Income From Continuing And Discontinued Operation": -23220000.0,
        "Total Expenses": 15647000.0,
        "Total Operating Income As Reported": -14620000.0,
        "Diluted Average Shares": 108045000.0,
        "Basic Average Shares": 108045000.0,
        "Diluted EPS": -0.21,
        "Basic EPS": -0.21,
        "Diluted NI Availto Com Stockholders": -23220000.0,
        "Net Income Common Stockholders": -23220000.0,
        "Net Income": -23220000.0,
        "Net Income Including Noncontrolling Interests": -23220000.0,
        "Net Income Continuous Operations": -23220000.0,
        "Tax Provision": 24000.0,
        "Pretax Income": -23196000.0,
        "Other Income Expense": -6836000.0,
        "Other Non Operating Income Expenses": -99000.0,
        "Gain On Sale Of Security": -6737000.0,
        "Net Non Operating Interest Income Expense": -1740000.0,
        "Total Other Finance Cost": 1740000.0,
        "Interest Expense Non Operating": 1740000.0,
        "Operating Income": -14620000.0,
        "Operating Expense": 12415000.0,
        "Depreciation Amortization Depletion Income Statement": 1256000.0,
        "Depreciation And Amortization In Income Statement": 1256000.0,
        "Research And Development": 5007000.0,
        "Selling General And Administration": 6152000.0,
        "Gross Profit": -2205000.0,
        "Cost Of Revenue": 3232000.0,
        "Total Revenue": 1027000.0,
        "Operating Revenue": 1027000.0
    },
    "2023-12-31": {
        "Tax Effect Of Unusual Items": 1196790.0,
        "Tax Rate For Calcs": 0.21,
        "Normalized EBITDA": -14400000.0,
        "Total Unusual Items": 5699000.0,
        "Total Unusual Items Excluding Goodwill": 5699000.0,
        "Net Income From Continuing Operation Net Minority Interest": -16396000.0,
        "Reconciled Depreciation": 1262000.0,
        "Reconciled Cost Of Revenue": 3346000.0,
        "EBITDA": -8701000.0,
        "EBIT": -9963000.0,
        "Net Interest Income": -2050000.0,
        "Interest Expense": NaN,
        "Normalized Income": -20898210.0,
        "Net Income From Continuing And Discontinued Operation": -16396000.0,
        "Total Expenses": 21134000.0,
        "Total Operating Income As Reported": -19929000.0,
        "Diluted Average Shares": NaN,
        "Basic Average Shares": NaN,
        "Diluted EPS": NaN,
        "Basic EPS": NaN,
        "Diluted NI Availto Com Stockholders": -16396000.0,
        "Net Income Common Stockholders": -16396000.0,
        "Net Income": -16396000.0,
        "Net Income Including Noncontrolling Interests": -16396000.0,
        "Net Income Continuous Operations": -16396000.0,
        "Tax Provision": 62000.0,
        "Pretax Income": -16334000.0,
        "Other Income Expense": 5645000.0,
        "Other Non Operating Income Expenses": -54000.0,
        "Gain On Sale Of Security": 5699000.0,
        "Net Non Operating Interest Income Expense": -2050000.0,
        "Total Other Finance Cost": NaN,
        "Interest Expense Non Operating": NaN,
        "Operating Income": -19929000.0,
        "Operating Expense": 17788000.0,
        "Depreciation Amortization Depletion Income Statement": 1262000.0,
        "Depreciation And Amortization In Income Statement": 1262000.0,
        "Research And Development": 4924000.0,
        "Selling General And Administration": 11602000.0,
        "Gross Profit": -2141000.0,
        "Cost Of Revenue": 3346000.0,
        "Total Revenue": 1205000.0,
        "Operating Revenue": 1205000.0
    },
    "2024-03-31": {
        "Tax Effect Of Unusual Items": -2766960.0,
        "Tax Rate For Calcs": 0.21,
        "Normalized EBITDA": -1655000.0,
        "Total Unusual Items": -13176000.0,
        "Total Unusual Items Excluding Goodwill": -13176000.0,
        "Net Income From Continuing Operation Net Minority Interest": -31610000.0,
        "Reconciled Depreciation": 1319000.0,
        "Reconciled Cost Of Revenue": 2761000.0,
        "EBITDA": -14831000.0,
        "EBIT": -16150000.0,
        "Net Interest Income": -2168000.0,
        "Interest Expense": NaN,
        "Normalized Income": -21200960.0,
        "Net Income From Continuing And Discontinued Operation": -31610000.0,
        "Total Expenses": 17196000.0,
        "Total Operating Income As Reported": -16150000.0,
        "Diluted Average Shares": 111061000.0,
        "Basic Average Shares": 111061000.0,
        "Diluted EPS": -0.28,
        "Basic EPS": -0.28,
        "Diluted NI Availto Com Stockholders": -31610000.0,
        "Net Income Common Stockholders": -31610000.0,
        "Net Income": -31610000.0,
        "Net Income Including Noncontrolling Interests": -31610000.0,
        "Net Income Continuous Operations": -31610000.0,
        "Tax Provision": 44000.0,
        "Pretax Income": -31566000.0,
        "Other Income Expense": -13248000.0,
        "Other Non Operating Income Expenses": -72000.0,
        "Gain On Sale Of Security": -13176000.0,
        "Net Non Operating Interest Income Expense": -2168000.0,
        "Total Other Finance Cost": 2168000.0,
        "Interest Expense Non Operating": NaN,
        "Operating Income": -16150000.0,
        "Operating Expense": 14435000.0,
        "Depreciation Amortization Depletion Income Statement": 1319000.0,
        "Depreciation And Amortization In Income Statement": 1319000.0,
        "Research And Development": 4670000.0,
        "Selling General And Administration": 8446000.0,
        "Gross Profit": -1715000.0,
        "Cost Of Revenue": 2761000.0,
        "Total Revenue": 1046000.0,
        "Operating Revenue": 1046000.0
    },
    "2024-06-30": {
        "Tax Effect Of Unusual Items": -1782900.0,
        "Tax Rate For Calcs": 0.21,
        "Normalized EBITDA": -5547000.0,
        "Total Unusual Items": -8490000.0,
        "Total Unusual Items Excluding Goodwill": -8490000.0,
        "Net Income From Continuing Operation Net Minority Interest": -24390000.0,
        "Reconciled Depreciation": 1294000.0,
        "Reconciled Cost Of Revenue": 2925000.0,
        "EBITDA": -14037000.0,
        "EBIT": -15332000.0,
        "Net Interest Income": -2320000.0,
        "Interest Expense": NaN,
        "Normalized Income": -17682900.0,
        "Net Income From Continuing And Discontinued Operation": -24390000.0,
        "Total Expenses": 16437000.0,
        "Total Operating Income As Reported": -15332000.0,
        "Diluted Average Shares": 115210000.0,
        "Basic Average Shares": 115210000.0,
        "Diluted EPS": -0.21,
        "Basic EPS": -0.21,
        "Diluted NI Availto Com Stockholders": -24390000.0,
        "Net Income Common Stockholders": -24390000.0,
        "Net Income": -24390000.0,
        "Net Income Including Noncontrolling Interests": -24390000.0,
        "Net Income Continuous Operations": -24390000.0,
        "Tax Provision": 68000.0,
        "Pretax Income": -24322000.0,
        "Other Income Expense": -6670000.0,
        "Other Non Operating Income Expenses": 1820000.0,
        "Gain On Sale Of Security": -8490000.0,
        "Net Non Operating Interest Income Expense": -2320000.0,
        "Total Other Finance Cost": 2320000.0,
        "Interest Expense Non Operating": NaN,
        "Operating Income": -15332000.0,
        "Operating Expense": 13513000.0,
        "Depreciation Amortization Depletion Income Statement": 1295000.0,
        "Depreciation And Amortization In Income Statement": 1295000.0,
        "Research And Development": 4110000.0,
        "Selling General And Administration": 8108000.0,
        "Gross Profit": -1819000.0,
        "Cost Of Revenue": 2924000.0,
        "Total Revenue": 1105000.0,
        "Operating Revenue": 1105000.0
    },
    "2024-09-30": {
        "Tax Effect Of Unusual Items": 450030.0,
        "Tax Rate For Calcs": 0.21,
        "Normalized EBITDA": -12196000.0,
        "Total Unusual Items": 2143000.0,
        "Total Unusual Items Excluding Goodwill": 2143000.0,
        "Net Income From Continuing Operation Net Minority Interest": -13609000.0,
        "Reconciled Depreciation": 1313000.0,
        "Reconciled Cost Of Revenue": 2585000.0,
        "EBITDA": -10053000.0,
        "EBIT": -11366000.0,
        "Net Interest Income": -2217000.0,
        "Interest Expense": 2217000.0,
        "Normalized Income": -15301970.0,
        "Net Income From Continuing And Discontinued Operation": -13609000.0,
        "Total Expenses": 15459000.0,
        "Total Operating Income As Reported": -13852000.0,
        "Diluted Average Shares": 126429000.0,
        "Basic Average Shares": 126429000.0,
        "Diluted EPS": -0.11,
        "Basic EPS": -0.11,
        "Diluted NI Availto Com Stockholders": -13609000.0,
        "Net Income Common Stockholders": -13609000.0,
        "Net Income": -13609000.0,
        "Net Income Including Noncontrolling Interests": -13609000.0,
        "Net Income Continuous Operations": -13609000.0,
        "Tax Provision": 26000.0,
        "Pretax Income": -13583000.0,
        "Other Income Expense": 2486000.0,
        "Other Non Operating Income Expenses": 343000.0,
        "Gain On Sale Of Security": 2143000.0,
        "Net Non Operating Interest Income Expense": -2217000.0,
        "Total Other Finance Cost": NaN,
        "Interest Expense Non Operating": 2217000.0,
        "Operating Income": -13852000.0,
        "Operating Expense": 12874000.0,
        "Depreciation Amortization Depletion Income Statement": 1313000.0,
        "Depreciation And Amortization In Income Statement": 1313000.0,
        "Research And Development": 3545000.0,
        "Selling General And Administration": 8016000.0,
        "Gross Profit": -978000.0,
        "Cost Of Revenue": 2585000.0,
        "Total Revenue": 1607000.0,
        "Operating Revenue": 1607000.0
    }
}