{
    "2023-03-31": {
        "Tax Effect Of Unusual Items": NaN,
        "Tax Rate For Calcs": NaN,
        "Normalized EBITDA": NaN,
        "Total Unusual Items": 0.0,
        "Total Unusual Items Excluding Goodwill": 0.0,
        "Net Income From Continuing Operation Net Minority Interest": NaN,
        "Reconciled Depreciation": NaN,
        "Reconciled Cost Of Revenue": NaN,
        "EBITDA": NaN,
        "EBIT": NaN,
        "Net Interest Income": NaN,
        "Interest Expense": NaN,
        "Interest Income": NaN,
        "Normalized Income": NaN,
        "Net Income From Continuing And Discontinued Operation": NaN,
        "Total Expenses": NaN,
        "Total Operating Income As Reported": NaN,
        "Diluted Average Shares": 246911111.0,
        "Basic Average Shares": 246911111.0,
        "Diluted EPS": 0.09,
        "Basic EPS": 0.09,
        "Diluted NI Availto Com Stockholders": NaN,
        "Net Income Common Stockholders": NaN,
        "Net Income": NaN,
        "Minority Interests": NaN,
        "Net Income Including Noncontrolling Interests": NaN,
        "Net Income Continuous Operations": NaN,
        "Tax Provision": NaN,
        "Pretax Income": NaN,
        "Special Income Charges": 0.0,
        "Impairment Of Capital Assets": 0.0,
        "Net Non Operating Interest Income Expense": NaN,
        "Total Other Finance Cost": NaN,
        "Interest Expense Non Operating": NaN,
        "Interest Income Non Operating": NaN,
        "Operating Income": NaN,
        "Operating Expense": NaN,
        "Other Operating Expenses": NaN,
        "Research And Development": NaN,
        "Selling General And Administration": NaN,
        "Selling And Marketing Expense": NaN,
        "General And Administrative Expense": NaN,
        "Other Gand A": NaN,
        "Gross Profit": NaN,
        "Cost Of Revenue": NaN,
        "Total Revenue": NaN,
        "Operating Revenue": NaN
    },
    "2022-12-31": {
        "Tax Effect Of Unusual Items": NaN,
        "Tax Rate For Calcs": NaN,
        "Normalized EBITDA": NaN,
        "Total Unusual Items": -119449000.0,
        "Total Unusual Items Excluding Goodwill": -119449000.0,
        "Net Income From Continuing Operation Net Minority Interest": NaN,
        "Reconciled Depreciation": NaN,
        "Reconciled Cost Of Revenue": NaN,
        "EBITDA": NaN,
        "EBIT": NaN,
        "Net Interest Income": NaN,
        "Interest Expense": NaN,
        "Interest Income": NaN,
        "Normalized Income": NaN,
        "Net Income From Continuing And Discontinued Operation": NaN,
        "Total Expenses": NaN,
        "Total Operating Income As Reported": NaN,
        "Diluted Average Shares": NaN,
        "Basic Average Shares": NaN,
        "Diluted EPS": NaN,
        "Basic EPS": NaN,
        "Diluted NI Availto Com Stockholders": NaN,
        "Net Income Common Stockholders": NaN,
        "Net Income": NaN,
        "Minority Interests": NaN,
        "Net Income Including Noncontrolling Interests": NaN,
        "Net Income Continuous Operations": NaN,
        "Tax Provision": NaN,
        "Pretax Income": NaN,
        "Special Income Charges": -40523000.0,
        "Impairment Of Capital Assets": 40523000.0,
        "Net Non Operating Interest Income Expense": NaN,
        "Total Other Finance Cost": NaN,
        "Interest Expense Non Operating": NaN,
        "Interest Income Non Operating": NaN,
        "Operating Income": NaN,
        "Operating Expense": NaN,
        "Other Operating Expenses": NaN,
        "Research And Development": NaN,
        "Selling General And Administration": NaN,
        "Selling And Marketing Expense": NaN,
        "General And Administrative Expense": NaN,
        "Other Gand A": NaN,
        "Gross Profit": NaN,
        "Cost Of Revenue": NaN,
        "Total Revenue": NaN,
        "Operating Revenue": NaN
    },
    "2022-09-30": {
        "Tax Effect Of Unusual Items": NaN,
        "Tax Rate For Calcs": NaN,
        "Normalized EBITDA": NaN,
        "Total Unusual Items": NaN,
        "Total Unusual Items Excluding Goodwill": NaN,
        "Net Income From Continuing Operation Net Minority Interest": NaN,
        "Reconciled Depreciation": NaN,
        "Reconciled Cost Of Revenue": NaN,
        "EBITDA": NaN,
        "EBIT": NaN,
        "Net Interest Income": NaN,
        "Interest Expense": NaN,
        "Interest Income": NaN,
        "Normalized Income": NaN,
        "Net Income From Continuing And Discontinued Operation": NaN,
        "Total Expenses": NaN,
        "Total Operating Income As Reported": NaN,
        "Diluted Average Shares": NaN,
        "Basic Average Shares": NaN,
        "Diluted EPS": NaN,
        "Basic EPS": NaN,
        "Diluted NI Availto Com Stockholders": NaN,
        "Net Income Common Stockholders": NaN,
        "Net Income": NaN,
        "Minority Interests": NaN,
        "Net Income Including Noncontrolling Interests": NaN,
        "Net Income Continuous Operations": NaN,
        "Tax Provision": NaN,
        "Pretax Income": NaN,
        "Special Income Charges": NaN,
        "Impairment Of Capital Assets": NaN,
        "Net Non Operating Interest Income Expense": NaN,
        "Total Other Finance Cost": 38681000.0,
        "Interest Expense Non Operating": NaN,
        "Interest Income Non Operating": NaN,
        "Operating Income": NaN,
        "Operating Expense": NaN,
        "Other Operating Expenses": NaN,
        "Research And Development": NaN,
        "Selling General And Administration": NaN,
        "Selling And Marketing Expense": NaN,
        "General And Administrative Expense": NaN,
        "Other Gand A": NaN,
        "Gross Profit": NaN,
        "Cost Of Revenue": NaN,
        "Total Revenue": NaN,
        "Operating Revenue": NaN
    },
    "2022-06-30": {
        "Tax Effect Of Unusual Items": 0.0,
        "Tax Rate For Calcs": 0.008286,
        "Normalized EBITDA": -25162000.0,
        "Total Unusual Items": 0.0,
        "Total Unusual Items Excluding Goodwill": 0.0,
        "Net Income From Continuing Operation Net Minority Interest": -39732000.0,
        "Reconciled Depreciation": 1715000.0,
        "Reconciled Cost Of Revenue": 7521000.0,
        "EBITDA": -25162000.0,
        "EBIT": -26877000.0,
        "Net Interest Income": -8201000.0,
        "Interest Expense": 13431000.0,
        "Interest Income": 5230000.0,
        "Normalized Income": -39732000.0,
        "Net Income From Continuing And Discontinued Operation": -39732000.0,
        "Total Expenses": 43208000.0,
        "Total Operating Income As Reported": -32107000.0,
        "Diluted Average Shares": 264880000.0,
        "Basic Average Shares": 264880000.0,
        "Diluted EPS": -0.15,
        "Basic EPS": -0.15,
        "Diluted NI Availto Com Stockholders": -39732000.0,
        "Net Income Common Stockholders": -39732000.0,
        "Net Income": -39732000.0,
        "Minority Interests": 242000.0,
        "Net Income Including Noncontrolling Interests": -39974000.0,
        "Net Income Continuous Operations": -39974000.0,
        "Tax Provision": -334000.0,
        "Pretax Income": -40308000.0,
        "Other Income Expense": NaN,
        "Special Income Charges": 0.0,
        "Write Off": NaN,
        "Impairment Of Capital Assets": 0.0,
        "Net Non Operating Interest Income Expense": -8201000.0,
        "Interest Expense Non Operating": 13431000.0,
        "Interest Income Non Operating": 5230000.0,
        "Operating Income": -32107000.0,
        "Operating Expense": 35687000.0,
        "Research And Development": 18365000.0,
        "Selling General And Administration": 17322000.0,
        "Selling And Marketing Expense": 10115000.0,
        "General And Administrative Expense": 7207000.0,
        "Other Gand A": 7207000.0,
        "Gross Profit": 3580000.0,
        "Cost Of Revenue": 7521000.0,
        "Total Revenue": 11101000.0,
        "Operating Revenue": 11101000.0
    },
    "2022-03-31": {
        "Diluted EPS": -0.13,
        "Total Revenue": 10,
        "Gross Profit": 1,
        "Operating Income": -33,
        "EBIT": -32,
        "Net Income": -33
    },
    "2021-12-31": {
        "Diluted EPS": -0.66,
        "Total Revenue": 8,
        "Gross Profit": 0,
        "Operating Income": -169,
        "EBIT": -167,
        "Net Income": -160
    },
    "2021-09-30": {
        "Diluted EPS": -0.07,
        "Total Revenue": 1,
        "Gross Profit": 0,
        "Operating Income": -25,
        "EBIT": -22,
        "Net Income": -18
    },
    "2021-06-30": {
        "Diluted EPS": -0.05,
        "Total Revenue": 1,
        "Gross Profit": 0,
        "Operating Income": -20,
        "EBIT": -18,
        "Net Income": -14
    },
    "2021-03-31": {
        "Diluted EPS": -0.05,
        "Total Revenue": 1,
        "Gross Profit": 0,
        "Operating Income": -10,
        "EBIT": -9,
        "Net Income": -9
    },
    "2020-12-31": {
        "Diluted EPS": -0.09,
        "Total Revenue": 2,
        "Gross Profit": 1,
        "Operating Income": -9,
        "EBIT": -9,
        "Net Income": -17
    },
    "2020-09-30": {
        "Diluted EPS": -0.45,
        "Total Revenue": 0,
        "Gross Profit": 0,
        "Operating Income": -20,
        "EBIT": -20,
        "Net Income": -21
    },
    "2020-06-30": {
        "Diluted EPS": -0.27,
        "Total Revenue": 0,
        "Gross Profit": 0,
        "Operating Income": -4,
        "EBIT": -4,
        "Net Income": -8
    },
    "2020-03-31": {
        "Diluted EPS": -0.32,
        "Total Revenue": 1,
        "Gross Profit": 0,
        "Operating Income": -3,
        "EBIT": -3,
        "Net Income": -2
    },
    "2019-12-31": {
        "Diluted EPS": -0.79,
        "Total Revenue": 2,
        "Gross Profit": 1,
        "Operating Income": -3,
        "EBIT": -3,
        "Net Income": -1
    },
    "2019-09-30": {
        "Diluted EPS": -1.21,
        "Total Revenue": 2,
        "Gross Profit": 1,
        "Operating Income": -3,
        "EBIT": -3,
        "Net Income": -4
    },
    "2019-06-30": {
        "Diluted EPS": -0.33,
        "Total Revenue": 1,
        "Gross Profit": 0,
        "Operating Income": -5,
        "EBIT": -5,
        "Net Income": -1
    },
    "2019-03-31": {
        "Diluted EPS": -0.05,
        "Total Revenue": 2,
        "Gross Profit": 0,
        "Operating Income": -4,
        "EBIT": -4,
        "Net Income": -1
    },
    "2018-12-31": {
        "Diluted EPS": -1.9,
        "Total Revenue": 2,
        "Gross Profit": 0,
        "Operating Income": -4,
        "EBIT": -4,
        "Net Income": -4
    },
    "2018-09-30": {
        "Diluted EPS": -1.9,
        "Total Revenue": 2,
        "Gross Profit": 0,
        "Operating Income": -4,
        "EBIT": -4,
        "Net Income": -4
    },
    "2018-06-30": {
        "Diluted EPS": -2.0,
        "Total Revenue": 1,
        "Gross Profit": 0,
        "Operating Income": -4,
        "EBIT": -4,
        "Net Income": -4
    },
    "2018-03-31": {
        "Diluted EPS": -2.7,
        "Total Revenue": 1,
        "Gross Profit": 0,
        "Operating Income": -4,
        "EBIT": -4,
        "Net Income": -4
    },
    "2017-12-31": {
        "Diluted EPS": -2.6,
        "Total Revenue": 0,
        "Gross Profit": 0,
        "Operating Income": -4,
        "EBIT": -4,
        "Net Income": -4
    },
    "2017-09-30": {
        "Diluted EPS": -3.9,
        "Total Revenue": 0,
        "Gross Profit": 0,
        "Operating Income": -4,
        "EBIT": -4,
        "Net Income": -4
    },
    "2017-06-30": {
        "Diluted EPS": -4.5,
        "Total Revenue": 0,
        "Gross Profit": 0,
        "Operating Income": -5,
        "EBIT": -5,
        "Net Income": -5
    },
    "2017-03-31": {
        "Diluted EPS": -4.5,
        "Total Revenue": 0,
        "Gross Profit": 0,
        "Operating Income": -4,
        "EBIT": -4,
        "Net Income": -4
    },
    "2016-12-31": {
        "Diluted EPS": -4.0,
        "Total Revenue": NaN,
        "Gross Profit": NaN,
        "Operating Income": -4,
        "EBIT": -4,
        "Net Income": -4
    },
    "2016-09-30": {
        "Diluted EPS": -2.5,
        "Total Revenue": NaN,
        "Gross Profit": NaN,
        "Operating Income": -2,
        "EBIT": -2,
        "Net Income": -2
    },
    "2016-06-30": {
        "Diluted EPS": -2.0,
        "Total Revenue": NaN,
        "Gross Profit": NaN,
        "Operating Income": -2,
        "EBIT": -2,
        "Net Income": -2
    },
    "2016-03-31": {
        "Diluted EPS": -2.5,
        "Total Revenue": NaN,
        "Gross Profit": NaN,
        "Operating Income": -2,
        "EBIT": -2,
        "Net Income": -2
    },
    "2015-12-31": {
        "Diluted EPS": 0.0,
        "Total Revenue": NaN,
        "Gross Profit": NaN,
        "Operating Income": NaN,
        "EBIT": NaN,
        "Net Income": NaN
    },
    "2015-09-30": {
        "Diluted EPS": -1.6,
        "Total Revenue": NaN,
        "Gross Profit": NaN,
        "Operating Income": NaN,
        "EBIT": NaN,
        "Net Income": -1
    },
    "2023-06-30": {
        "Tax Effect Of Unusual Items": 0.0,
        "Tax Rate For Calcs": 0.23,
        "Normalized EBITDA": -4936000.0,
        "Total Unusual Items": 0.0,
        "Total Unusual Items Excluding Goodwill": 0.0,
        "Net Income From Continuing Operation Net Minority Interest": -9119000.0,
        "Reconciled Depreciation": 1540000.0,
        "Reconciled Cost Of Revenue": 8242000.0,
        "EBITDA": -4936000.0,
        "EBIT": -6476000.0,
        "Net Interest Income": 21102000.0,
        "Interest Expense": 2852000.0,
        "Interest Income": 23954000.0,
        "Normalized Income": -9119000.0,
        "Net Income From Continuing And Discontinued Operation": -9119000.0,
        "Total Expenses": 45167000.0,
        "Total Operating Income As Reported": -30430000.0,
        "Diluted Average Shares": 227975000.0,
        "Basic Average Shares": 227975000.0,
        "Diluted EPS": -0.04,
        "Basic EPS": -0.04,
        "Diluted NI Availto Com Stockholders": -9119000.0,
        "Net Income Common Stockholders": -9119000.0,
        "Net Income": -9119000.0,
        "Minority Interests": 287000.0,
        "Net Income Including Noncontrolling Interests": -9406000.0,
        "Net Income Continuous Operations": -9406000.0,
        "Tax Provision": 78000.0,
        "Pretax Income": -9328000.0,
        "Special Income Charges": 0.0,
        "Impairment Of Capital Assets": 0.0,
        "Net Non Operating Interest Income Expense": 21102000.0,
        "Total Other Finance Cost": NaN,
        "Interest Expense Non Operating": 2852000.0,
        "Interest Income Non Operating": 23954000.0,
        "Operating Income": -30430000.0,
        "Operating Expense": 36925000.0,
        "Other Operating Expenses": NaN,
        "Research And Development": 16386000.0,
        "Selling General And Administration": 20539000.0,
        "Selling And Marketing Expense": 8217000.0,
        "General And Administrative Expense": 12322000.0,
        "Other Gand A": 12322000.0,
        "Gross Profit": 6495000.0,
        "Cost Of Revenue": 8242000.0,
        "Total Revenue": 14737000.0,
        "Operating Revenue": 14737000.0
    },
    "2023-09-30": {
        "Tax Effect Of Unusual Items": 0.0,
        "Tax Rate For Calcs": 0.004066,
        "Normalized EBITDA": -63527000.0,
        "Total Unusual Items": 0.0,
        "Total Unusual Items Excluding Goodwill": 0.0,
        "Net Income From Continuing Operation Net Minority Interest": -66604000.0,
        "Reconciled Depreciation": 1588000.0,
        "Reconciled Cost Of Revenue": 6789000.0,
        "EBITDA": -63527000.0,
        "EBIT": -65115000.0,
        "Net Interest Income": -31164000.0,
        "Interest Expense": 2031000.0,
        "Interest Income": 11101000.0,
        "Normalized Income": -66604000.0,
        "Net Income From Continuing And Discontinued Operation": -66604000.0,
        "Total Expenses": 48140000.0,
        "Total Operating Income As Reported": -35982000.0,
        "Diluted Average Shares": 256169231.0,
        "Basic Average Shares": 256169231.0,
        "Diluted EPS": -0.26,
        "Basic EPS": -0.26,
        "Diluted NI Availto Com Stockholders": -66604000.0,
        "Net Income Common Stockholders": -66604000.0,
        "Net Income": -66604000.0,
        "Minority Interests": 269000.0,
        "Net Income Including Noncontrolling Interests": -66873000.0,
        "Net Income Continuous Operations": -66873000.0,
        "Tax Provision": -273000.0,
        "Pretax Income": -67146000.0,
        "Special Income Charges": 0.0,
        "Impairment Of Capital Assets": 0.0,
        "Net Non Operating Interest Income Expense": -31164000.0,
        "Total Other Finance Cost": 40234000.0,
        "Interest Expense Non Operating": 2031000.0,
        "Interest Income Non Operating": 11101000.0,
        "Operating Income": -35982000.0,
        "Operating Expense": 41351000.0,
        "Other Operating Expenses": NaN,
        "Research And Development": 12788000.0,
        "Selling General And Administration": 28563000.0,
        "Selling And Marketing Expense": 7715000.0,
        "General And Administrative Expense": 20848000.0,
        "Other Gand A": 20848000.0,
        "Gross Profit": 5369000.0,
        "Cost Of Revenue": 6789000.0,
        "Total Revenue": 12158000.0,
        "Operating Revenue": 12158000.0
    },
    "2023-12-31": {
        "Tax Effect Of Unusual Items": 5756900.0,
        "Tax Rate For Calcs": 0.23,
        "Normalized EBITDA": -32102000.0,
        "Total Unusual Items": 25030000.0,
        "Total Unusual Items Excluding Goodwill": 25030000.0,
        "Net Income From Continuing Operation Net Minority Interest": -1049000.0,
        "Reconciled Depreciation": 1993000.0,
        "Reconciled Cost Of Revenue": 7426000.0,
        "EBITDA": -7072000.0,
        "EBIT": -9065000.0,
        "Net Interest Income": 2008000.0,
        "Interest Expense": -7908000.0,
        "Interest Income": 11312000.0,
        "Normalized Income": -20322100.0,
        "Net Income From Continuing And Discontinued Operation": -1049000.0,
        "Total Expenses": 41719000.0,
        "Total Operating Income As Reported": -27265000.0,
        "Diluted Average Shares": NaN,
        "Basic Average Shares": NaN,
        "Diluted EPS": NaN,
        "Basic EPS": NaN,
        "Diluted NI Availto Com Stockholders": -1049000.0,
        "Net Income Common Stockholders": -1049000.0,
        "Net Income": -1049000.0,
        "Minority Interests": 291000.0,
        "Net Income Including Noncontrolling Interests": -1340000.0,
        "Net Income Continuous Operations": -1340000.0,
        "Tax Provision": 183000.0,
        "Pretax Income": -1157000.0,
        "Special Income Charges": 0.0,
        "Impairment Of Capital Assets": 0.0,
        "Net Non Operating Interest Income Expense": 2008000.0,
        "Total Other Finance Cost": 17212000.0,
        "Interest Expense Non Operating": -7908000.0,
        "Interest Income Non Operating": 11312000.0,
        "Operating Income": -27265000.0,
        "Operating Expense": 34293000.0,
        "Other Operating Expenses": NaN,
        "Research And Development": 13580000.0,
        "Selling General And Administration": 21414000.0,
        "Selling And Marketing Expense": 8289000.0,
        "General And Administrative Expense": 13125000.0,
        "Other Gand A": -1422000.0,
        "Gross Profit": 7028000.0,
        "Cost Of Revenue": 7426000.0,
        "Total Revenue": 14454000.0,
        "Operating Revenue": 14454000.0
    },
    "2024-03-31": {
        "Tax Effect Of Unusual Items": 0.0,
        "Tax Rate For Calcs": 0.000457,
        "Normalized EBITDA": -5588000.0,
        "Total Unusual Items": NaN,
        "Total Unusual Items Excluding Goodwill": NaN,
        "Net Income From Continuing Operation Net Minority Interest": -34772000.0,
        "Reconciled Depreciation": 2066000.0,
        "Reconciled Cost Of Revenue": 7186000.0,
        "EBITDA": -5588000.0,
        "EBIT": -7654000.0,
        "Net Interest Income": -16013000.0,
        "Interest Expense": 27324000.0,
        "Interest Income": 11311000.0,
        "Normalized Income": -34772000.0,
        "Net Income From Continuing And Discontinued Operation": -34772000.0,
        "Total Expenses": 32329000.0,
        "Total Operating Income As Reported": -18965000.0,
        "Diluted Average Shares": 231813333.0,
        "Basic Average Shares": 231813333.0,
        "Diluted EPS": -0.15,
        "Basic EPS": -0.15,
        "Diluted NI Availto Com Stockholders": -34772000.0,
        "Net Income Common Stockholders": -34772000.0,
        "Net Income": -34772000.0,
        "Minority Interests": 190000.0,
        "Net Income Including Noncontrolling Interests": -34962000.0,
        "Net Income Continuous Operations": -34962000.0,
        "Tax Provision": -16000.0,
        "Pretax Income": -34978000.0,
        "Special Income Charges": NaN,
        "Impairment Of Capital Assets": NaN,
        "Net Non Operating Interest Income Expense": -16013000.0,
        "Total Other Finance Cost": NaN,
        "Interest Expense Non Operating": 27324000.0,
        "Interest Income Non Operating": 11311000.0,
        "Operating Income": -18965000.0,
        "Operating Expense": 25143000.0,
        "Other Operating Expenses": -109000.0,
        "Research And Development": 9133000.0,
        "Selling General And Administration": 16119000.0,
        "Selling And Marketing Expense": 6517000.0,
        "General And Administrative Expense": 9602000.0,
        "Other Gand A": 9602000.0,
        "Gross Profit": 6178000.0,
        "Cost Of Revenue": 7186000.0,
        "Total Revenue": 13364000.0,
        "Operating Revenue": 13364000.0
    },
    "2024-06-30": {
        "Tax Effect Of Unusual Items": 0.0,
        "Tax Rate For Calcs": 0.23,
        "Normalized EBITDA": -8936000.0,
        "Total Unusual Items": NaN,
        "Total Unusual Items Excluding Goodwill": NaN,
        "Net Income From Continuing Operation Net Minority Interest": -43971000.0,
        "Reconciled Depreciation": 1365000.0,
        "Reconciled Cost Of Revenue": 8178000.0,
        "EBITDA": -8936000.0,
        "EBIT": -10301000.0,
        "Net Interest Income": -23284000.0,
        "Interest Expense": 33819000.0,
        "Interest Income": 10535000.0,
        "Normalized Income": -43971000.0,
        "Net Income From Continuing And Discontinued Operation": -43971000.0,
        "Total Expenses": 35822000.0,
        "Total Operating Income As Reported": -20836000.0,
        "Diluted Average Shares": 219855000.0,
        "Basic Average Shares": 219855000.0,
        "Diluted EPS": -0.2,
        "Basic EPS": -0.2,
        "Diluted NI Availto Com Stockholders": -43971000.0,
        "Net Income Common Stockholders": -43971000.0,
        "Net Income": -43971000.0,
        "Minority Interests": 290000.0,
        "Net Income Including Noncontrolling Interests": -44261000.0,
        "Net Income Continuous Operations": -44261000.0,
        "Tax Provision": 141000.0,
        "Pretax Income": -44120000.0,
        "Special Income Charges": NaN,
        "Impairment Of Capital Assets": NaN,
        "Net Non Operating Interest Income Expense": -23284000.0,
        "Total Other Finance Cost": NaN,
        "Interest Expense Non Operating": 33819000.0,
        "Interest Income Non Operating": 10535000.0,
        "Operating Income": -20836000.0,
        "Operating Expense": 27644000.0,
        "Other Operating Expenses": 2721000.0,
        "Research And Development": 9121000.0,
        "Selling General And Administration": 15802000.0,
        "Selling And Marketing Expense": 7221000.0,
        "General And Administrative Expense": 8581000.0,
        "Other Gand A": 8581000.0,
        "Gross Profit": 6808000.0,
        "Cost Of Revenue": 8178000.0,
        "Total Revenue": 14986000.0,
        "Operating Revenue": 14986000.0
    }
}