{
    "2023-03-31": {
        "Tax Effect Of Unusual Items": 35538.422606,
        "Tax Rate For Calcs": 0.007929,
        "Normalized EBITDA": -18312000.0,
        "Total Unusual Items": 4482000.0,
        "Total Unusual Items Excluding Goodwill": 4482000.0,
        "Net Income From Continuing Operation Net Minority Interest": -11761000.0,
        "Reconciled Depreciation": 2908000.0,
        "Reconciled Cost Of Revenue": 3970000.0,
        "EBITDA": -13830000.0,
        "EBIT": -16738000.0,
        "Net Interest Income": 401000.0,
        "Interest Income": 401000.0,
        "Normalized Income": -16207461.577394,
        "Net Income From Continuing And Discontinued Operation": -11761000.0,
        "Total Expenses": 19185000.0,
        "Total Operating Income As Reported": -12078000.0,
        "Diluted Average Shares": 55157000.0,
        "Basic Average Shares": 55157000.0,
        "Diluted EPS": -0.21,
        "Basic EPS": -0.21,
        "Diluted NI Availto Com Stockholders": -11761000.0,
        "Net Income Common Stockholders": -11761000.0,
        "Net Income": -11761000.0,
        "Net Income Including Noncontrolling Interests": -11761000.0,
        "Net Income Continuous Operations": -11761000.0,
        "Tax Provision": -94000.0,
        "Pretax Income": -11855000.0,
        "Other Income Expense": 4482000.0,
        "Special Income Charges": 4660000.0,
        "Impairment Of Capital Assets": NaN,
        "Restructuring And Mergern Acquisition": -4660000.0,
        "Gain On Sale Of Security": -178000.0,
        "Net Non Operating Interest Income Expense": 401000.0,
        "Total Other Finance Cost": -401000.0,
        "Interest Income Non Operating": 401000.0,
        "Operating Income": -16738000.0,
        "Operating Expense": 15215000.0,
        "Other Operating Expenses": -32000.0,
        "Research And Development": 6286000.0,
        "Selling General And Administration": 8961000.0,
        "Selling And Marketing Expense": 1153000.0,
        "General And Administrative Expense": 7808000.0,
        "Other Gand A": 7808000.0,
        "Gross Profit": -1523000.0,
        "Cost Of Revenue": 3970000.0,
        "Total Revenue": 2447000.0,
        "Operating Revenue": 2447000.0
    },
    "2022-12-31": {
        "Tax Effect Of Unusual Items": NaN,
        "Tax Rate For Calcs": NaN,
        "Normalized EBITDA": NaN,
        "Total Unusual Items": NaN,
        "Total Unusual Items Excluding Goodwill": NaN,
        "Net Income From Continuing Operation Net Minority Interest": NaN,
        "Reconciled Depreciation": NaN,
        "Reconciled Cost Of Revenue": NaN,
        "EBITDA": NaN,
        "EBIT": NaN,
        "Net Interest Income": NaN,
        "Interest Income": NaN,
        "Normalized Income": NaN,
        "Net Income From Continuing And Discontinued Operation": NaN,
        "Total Expenses": NaN,
        "Total Operating Income As Reported": NaN,
        "Diluted Average Shares": NaN,
        "Basic Average Shares": NaN,
        "Diluted EPS": NaN,
        "Basic EPS": NaN,
        "Diluted NI Availto Com Stockholders": NaN,
        "Net Income Common Stockholders": NaN,
        "Net Income": NaN,
        "Net Income Including Noncontrolling Interests": NaN,
        "Net Income Continuous Operations": NaN,
        "Tax Provision": NaN,
        "Pretax Income": NaN,
        "Other Income Expense": -27467000.0,
        "Special Income Charges": NaN,
        "Impairment Of Capital Assets": 36540000.0,
        "Restructuring And Mergern Acquisition": NaN,
        "Gain On Sale Of Security": NaN,
        "Net Non Operating Interest Income Expense": NaN,
        "Total Other Finance Cost": 113000.0,
        "Interest Income Non Operating": NaN,
        "Operating Income": NaN,
        "Operating Expense": NaN,
        "Other Operating Expenses": NaN,
        "Research And Development": NaN,
        "Selling General And Administration": NaN,
        "Selling And Marketing Expense": NaN,
        "General And Administrative Expense": NaN,
        "Other Gand A": NaN,
        "Gross Profit": NaN,
        "Cost Of Revenue": NaN,
        "Total Revenue": NaN,
        "Operating Revenue": NaN
    },
    "2022-09-30": {
        "Tax Effect Of Unusual Items": NaN,
        "Tax Rate For Calcs": NaN,
        "Normalized EBITDA": NaN,
        "Total Unusual Items": NaN,
        "Total Unusual Items Excluding Goodwill": NaN,
        "Net Income From Continuing Operation Net Minority Interest": NaN,
        "Reconciled Depreciation": NaN,
        "Reconciled Cost Of Revenue": NaN,
        "EBITDA": NaN,
        "EBIT": NaN,
        "Net Interest Income": NaN,
        "Interest Income": NaN,
        "Normalized Income": NaN,
        "Net Income From Continuing And Discontinued Operation": NaN,
        "Total Expenses": NaN,
        "Total Operating Income As Reported": NaN,
        "Diluted Average Shares": NaN,
        "Basic Average Shares": NaN,
        "Diluted EPS": NaN,
        "Basic EPS": NaN,
        "Diluted NI Availto Com Stockholders": NaN,
        "Net Income Common Stockholders": NaN,
        "Net Income": NaN,
        "Net Income Including Noncontrolling Interests": NaN,
        "Net Income Continuous Operations": NaN,
        "Tax Provision": NaN,
        "Pretax Income": NaN,
        "Other Income Expense": NaN,
        "Special Income Charges": NaN,
        "Impairment Of Capital Assets": 0.0,
        "Restructuring And Mergern Acquisition": NaN,
        "Gain On Sale Of Security": NaN,
        "Net Non Operating Interest Income Expense": NaN,
        "Total Other Finance Cost": -305000.0,
        "Interest Income Non Operating": NaN,
        "Operating Income": NaN,
        "Operating Expense": NaN,
        "Other Operating Expenses": NaN,
        "Research And Development": NaN,
        "Selling General And Administration": NaN,
        "Selling And Marketing Expense": NaN,
        "General And Administrative Expense": NaN,
        "Other Gand A": NaN,
        "Gross Profit": NaN,
        "Cost Of Revenue": NaN,
        "Total Revenue": NaN,
        "Operating Revenue": NaN
    },
    "2022-06-30": {
        "Tax Effect Of Unusual Items": -164945.007369,
        "Tax Rate For Calcs": 0.096629,
        "Normalized EBITDA": -15919000.0,
        "Total Unusual Items": -1707000.0,
        "Total Unusual Items Excluding Goodwill": -1707000.0,
        "Net Income From Continuing Operation Net Minority Interest": -19614000.0,
        "Reconciled Depreciation": 2850000.0,
        "Reconciled Cost Of Revenue": 3955000.0,
        "EBITDA": -17626000.0,
        "EBIT": -20476000.0,
        "Net Interest Income": 471000.0,
        "Interest Income": NaN,
        "Normalized Income": -18071945.007369,
        "Net Income From Continuing And Discontinued Operation": -19614000.0,
        "Total Expenses": 22676000.0,
        "Total Operating Income As Reported": -22183000.0,
        "Diluted Average Shares": 52192000.0,
        "Basic Average Shares": 52192000.0,
        "Diluted EPS": -0.38,
        "Basic EPS": -0.38,
        "Diluted NI Availto Com Stockholders": -19614000.0,
        "Net Income Common Stockholders": -19614000.0,
        "Net Income": -19614000.0,
        "Net Income Including Noncontrolling Interests": -19614000.0,
        "Net Income Continuous Operations": -19614000.0,
        "Tax Provision": -2098000.0,
        "Pretax Income": -21712000.0,
        "Other Income Expense": -1707000.0,
        "Special Income Charges": -1707000.0,
        "Impairment Of Capital Assets": 14338000.0,
        "Restructuring And Mergern Acquisition": -12631000.0,
        "Gain On Sale Of Security": NaN,
        "Net Non Operating Interest Income Expense": 471000.0,
        "Total Other Finance Cost": -471000.0,
        "Interest Income Non Operating": NaN,
        "Operating Income": -20476000.0,
        "Operating Expense": 18721000.0,
        "Other Operating Expenses": NaN,
        "Research And Development": 6493000.0,
        "Selling General And Administration": 12228000.0,
        "Selling And Marketing Expense": 1078000.0,
        "General And Administrative Expense": 11150000.0,
        "Other Gand A": 11150000.0,
        "Gross Profit": -1755000.0,
        "Cost Of Revenue": 3955000.0,
        "Total Revenue": 2200000.0,
        "Operating Revenue": 2200000.0
    },
    "2022-03-31": {
        "Diluted EPS": -0.41,
        "Total Revenue": 2,
        "Gross Profit": -2,
        "Operating Income": -22,
        "EBIT": -19,
        "Net Income": -22
    },
    "2021-12-31": {
        "Diluted EPS": -0.45,
        "Total Revenue": NaN,
        "Gross Profit": NaN,
        "Operating Income": -23,
        "EBIT": -22,
        "Net Income": -22
    },
    "2021-09-30": {
        "Diluted EPS": -0.28,
        "Total Revenue": NaN,
        "Gross Profit": NaN,
        "Operating Income": -13,
        "EBIT": -13,
        "Net Income": -13
    },
    "2021-06-30": {
        "Diluted EPS": -0.28,
        "Total Revenue": NaN,
        "Gross Profit": NaN,
        "Operating Income": -14,
        "EBIT": -13,
        "Net Income": -14
    },
    "2021-03-31": {
        "Diluted EPS": -0.27,
        "Total Revenue": NaN,
        "Gross Profit": NaN,
        "Operating Income": -13,
        "EBIT": -13,
        "Net Income": -13
    },
    "2020-12-31": {
        "Diluted EPS": -0.47,
        "Total Revenue": NaN,
        "Gross Profit": NaN,
        "Operating Income": -19,
        "EBIT": -19,
        "Net Income": -19
    },
    "2020-09-30": {
        "Diluted EPS": -0.29,
        "Total Revenue": NaN,
        "Gross Profit": NaN,
        "Operating Income": -11,
        "EBIT": -11,
        "Net Income": -11
    },
    "2020-06-30": {
        "Diluted EPS": -0.21,
        "Total Revenue": NaN,
        "Gross Profit": NaN,
        "Operating Income": -6,
        "EBIT": -6,
        "Net Income": -6
    },
    "2020-03-31": {
        "Diluted EPS": -0.26,
        "Total Revenue": NaN,
        "Gross Profit": NaN,
        "Operating Income": -7,
        "EBIT": -7,
        "Net Income": -7
    },
    "2019-12-31": {
        "Diluted EPS": 0.0,
        "Total Revenue": NaN,
        "Gross Profit": NaN,
        "Operating Income": NaN,
        "EBIT": NaN,
        "Net Income": NaN
    },
    "2019-09-30": {
        "Diluted EPS": -0.07,
        "Total Revenue": NaN,
        "Gross Profit": NaN,
        "Operating Income": -2,
        "EBIT": -2,
        "Net Income": -2
    },
    "2018-12-31": {
        "Diluted EPS": 0.0,
        "Total Revenue": NaN,
        "Gross Profit": NaN,
        "Operating Income": NaN,
        "EBIT": NaN,
        "Net Income": NaN
    },
    "2023-06-30": {
        "Tax Effect Of Unusual Items": -682.998109,
        "Tax Rate For Calcs": 0.004985,
        "Normalized EBITDA": -14650000.0,
        "Total Unusual Items": -137000.0,
        "Total Unusual Items Excluding Goodwill": -137000.0,
        "Net Income From Continuing Operation Net Minority Interest": -17364000.0,
        "Reconciled Depreciation": 2907000.0,
        "Reconciled Cost Of Revenue": 4273000.0,
        "EBITDA": -14787000.0,
        "EBIT": -17694000.0,
        "Net Interest Income": 380000.0,
        "Interest Income": 380000.0,
        "Normalized Income": -17227682.998109,
        "Net Income From Continuing And Discontinued Operation": -17364000.0,
        "Total Expenses": 20276000.0,
        "Total Operating Income As Reported": -17831000.0,
        "Diluted Average Shares": 55375000.0,
        "Basic Average Shares": 55375000.0,
        "Diluted EPS": -0.31,
        "Basic EPS": -0.31,
        "Diluted NI Availto Com Stockholders": -17364000.0,
        "Net Income Common Stockholders": -17364000.0,
        "Net Income": -17364000.0,
        "Net Income Including Noncontrolling Interests": -17364000.0,
        "Net Income Continuous Operations": -17364000.0,
        "Tax Provision": -87000.0,
        "Pretax Income": -17451000.0,
        "Other Income Expense": -137000.0,
        "Special Income Charges": -137000.0,
        "Impairment Of Capital Assets": 0.0,
        "Restructuring And Mergern Acquisition": 137000.0,
        "Gain On Sale Of Security": NaN,
        "Net Non Operating Interest Income Expense": 380000.0,
        "Total Other Finance Cost": NaN,
        "Interest Income Non Operating": 380000.0,
        "Operating Income": -17694000.0,
        "Operating Expense": 16003000.0,
        "Other Operating Expenses": 629000.0,
        "Research And Development": 6913000.0,
        "Selling General And Administration": 8461000.0,
        "Selling And Marketing Expense": 835000.0,
        "General And Administrative Expense": 7626000.0,
        "Other Gand A": 7626000.0,
        "Gross Profit": -1691000.0,
        "Cost Of Revenue": 4273000.0,
        "Total Revenue": 2582000.0,
        "Operating Revenue": 2582000.0
    },
    "2023-09-30": {
        "Tax Effect Of Unusual Items": -27349.548459,
        "Tax Rate For Calcs": 0.003677,
        "Normalized EBITDA": -4222000.0,
        "Total Unusual Items": -7437000.0,
        "Total Unusual Items Excluding Goodwill": -7437000.0,
        "Net Income From Continuing Operation Net Minority Interest": -21403000.0,
        "Reconciled Depreciation": 2897000.0,
        "Reconciled Cost Of Revenue": 4141000.0,
        "EBITDA": -11659000.0,
        "EBIT": -14556000.0,
        "Net Interest Income": 511000.0,
        "Interest Income": 511000.0,
        "Normalized Income": -13993349.548459,
        "Net Income From Continuing And Discontinued Operation": -21403000.0,
        "Total Expenses": 17035000.0,
        "Total Operating Income As Reported": -21993000.0,
        "Diluted Average Shares": 57148000.0,
        "Basic Average Shares": 57148000.0,
        "Diluted EPS": -0.37,
        "Basic EPS": -0.37,
        "Diluted NI Availto Com Stockholders": -21403000.0,
        "Net Income Common Stockholders": -21403000.0,
        "Net Income": -21403000.0,
        "Net Income Including Noncontrolling Interests": -21403000.0,
        "Net Income Continuous Operations": -21403000.0,
        "Tax Provision": -79000.0,
        "Pretax Income": -21482000.0,
        "Other Income Expense": -7437000.0,
        "Special Income Charges": -7437000.0,
        "Impairment Of Capital Assets": 7420000.0,
        "Restructuring And Mergern Acquisition": 17000.0,
        "Gain On Sale Of Security": NaN,
        "Net Non Operating Interest Income Expense": 511000.0,
        "Total Other Finance Cost": NaN,
        "Interest Income Non Operating": 511000.0,
        "Operating Income": -14556000.0,
        "Operating Expense": 12894000.0,
        "Other Operating Expenses": 663000.0,
        "Research And Development": 6038000.0,
        "Selling General And Administration": 6193000.0,
        "Selling And Marketing Expense": 1146000.0,
        "General And Administrative Expense": 5047000.0,
        "Other Gand A": 5047000.0,
        "Gross Profit": -1662000.0,
        "Cost Of Revenue": 4141000.0,
        "Total Revenue": 2479000.0,
        "Operating Revenue": 2479000.0
    },
    "2023-12-31": {
        "Tax Effect Of Unusual Items": -137.697298,
        "Tax Rate For Calcs": 0.00765,
        "Normalized EBITDA": -7553000.0,
        "Total Unusual Items": -18000.0,
        "Total Unusual Items Excluding Goodwill": -18000.0,
        "Net Income From Continuing Operation Net Minority Interest": -10248000.0,
        "Reconciled Depreciation": 3098000.0,
        "Reconciled Cost Of Revenue": 4113000.0,
        "EBITDA": -7571000.0,
        "EBIT": -10669000.0,
        "Net Interest Income": 360000.0,
        "Interest Income": 360000.0,
        "Normalized Income": -10230137.697298,
        "Net Income From Continuing And Discontinued Operation": -10248000.0,
        "Total Expenses": 13066000.0,
        "Total Operating Income As Reported": -10687000.0,
        "Diluted Average Shares": 57758000.0,
        "Basic Average Shares": 57758000.0,
        "Diluted EPS": -0.18,
        "Basic EPS": -0.18,
        "Diluted NI Availto Com Stockholders": -10248000.0,
        "Net Income Common Stockholders": -10248000.0,
        "Net Income": -10248000.0,
        "Net Income Including Noncontrolling Interests": -10248000.0,
        "Net Income Continuous Operations": -10248000.0,
        "Tax Provision": -79000.0,
        "Pretax Income": -10327000.0,
        "Other Income Expense": -18000.0,
        "Special Income Charges": -18000.0,
        "Impairment Of Capital Assets": 0.0,
        "Restructuring And Mergern Acquisition": 18000.0,
        "Gain On Sale Of Security": 0.0,
        "Net Non Operating Interest Income Expense": 360000.0,
        "Total Other Finance Cost": NaN,
        "Interest Income Non Operating": 360000.0,
        "Operating Income": -10669000.0,
        "Operating Expense": 8953000.0,
        "Other Operating Expenses": -2684000.0,
        "Research And Development": 6812000.0,
        "Selling General And Administration": 4779000.0,
        "Selling And Marketing Expense": -754000.0,
        "General And Administrative Expense": 5533000.0,
        "Other Gand A": -10517000.0,
        "Gross Profit": -1716000.0,
        "Cost Of Revenue": 4113000.0,
        "Total Revenue": 2397000.0,
        "Operating Revenue": 2397000.0
    },
    "2024-03-31": {
        "Tax Effect Of Unusual Items": 0.0,
        "Tax Rate For Calcs": 0.007621,
        "Normalized EBITDA": -10186000.0,
        "Total Unusual Items": 0.0,
        "Total Unusual Items Excluding Goodwill": 0.0,
        "Net Income From Continuing Operation Net Minority Interest": -12241000.0,
        "Reconciled Depreciation": 2939000.0,
        "Reconciled Cost Of Revenue": 4607000.0,
        "EBITDA": -10186000.0,
        "EBIT": -13125000.0,
        "Net Interest Income": 790000.0,
        "Interest Income": 790000.0,
        "Normalized Income": -12241000.0,
        "Net Income From Continuing And Discontinued Operation": -12241000.0,
        "Total Expenses": 15678000.0,
        "Total Operating Income As Reported": -13125000.0,
        "Diluted Average Shares": 57901000.0,
        "Basic Average Shares": 57901000.0,
        "Diluted EPS": -0.21,
        "Basic EPS": -0.21,
        "Diluted NI Availto Com Stockholders": -12241000.0,
        "Net Income Common Stockholders": -12241000.0,
        "Net Income": -12241000.0,
        "Net Income Including Noncontrolling Interests": -12241000.0,
        "Net Income Continuous Operations": -12241000.0,
        "Tax Provision": -94000.0,
        "Pretax Income": -12335000.0,
        "Other Income Expense": NaN,
        "Special Income Charges": 0.0,
        "Impairment Of Capital Assets": NaN,
        "Restructuring And Mergern Acquisition": 0.0,
        "Gain On Sale Of Security": NaN,
        "Net Non Operating Interest Income Expense": 790000.0,
        "Total Other Finance Cost": NaN,
        "Interest Income Non Operating": 790000.0,
        "Operating Income": -13125000.0,
        "Operating Expense": 11071000.0,
        "Other Operating Expenses": 9000.0,
        "Research And Development": 5220000.0,
        "Selling General And Administration": 5842000.0,
        "Selling And Marketing Expense": 800000.0,
        "General And Administrative Expense": 5042000.0,
        "Other Gand A": 5042000.0,
        "Gross Profit": -2054000.0,
        "Cost Of Revenue": 4607000.0,
        "Total Revenue": 2553000.0,
        "Operating Revenue": 2553000.0
    }
}