{
    "2023-06-30": {
        "Tax Effect Of Unusual Items": 0.0,
        "Tax Rate For Calcs": 0.285012,
        "Normalized EBITDA": 747000000.0,
        "Net Income From Continuing Operation Net Minority Interest": 292000000.0,
        "Reconciled Depreciation": 272000000.0,
        "Reconciled Cost Of Revenue": 3530000000.0,
        "EBITDA": 747000000.0,
        "EBIT": 475000000.0,
        "Net Interest Income": -54000000.0,
        "Normalized Income": 292000000.0,
        "Net Income From Continuing And Discontinued Operation": 290000000.0,
        "Total Expenses": 5235000000.0,
        "Total Operating Income As Reported": 474000000.0,
        "Diluted Average Shares": 5616185000.0,
        "Basic Average Shares": 5558878000.0,
        "Diluted EPS": 0.05,
        "Basic EPS": 0.05,
        "Diluted NI Availto Com Stockholders": 290000000.0,
        "Net Income Common Stockholders": 290000000.0,
        "Net Income": 290000000.0,
        "Minority Interests": 1000000.0,
        "Net Income Including Noncontrolling Interests": 289000000.0,
        "Net Income Discontinuous Operations": -2000000.0,
        "Net Income Continuous Operations": 290000000.0,
        "Tax Provision": 116000000.0,
        "Pretax Income": 407000000.0,
        "Other Income Expense": -13000000.0,
        "Earnings From Equity Interest": -13000000.0,
        "Net Non Operating Interest Income Expense": -54000000.0,
        "Total Other Finance Cost": 54000000.0,
        "Operating Income": 475000000.0,
        "Operating Expense": 1705000000.0,
        "Other Operating Expenses": -43000000.0,
        "Research And Development": 1045000000.0,
        "Selling General And Administration": 703000000.0,
        "Selling And Marketing Expense": NaN,
        "Gross Profit": 2180000000.0,
        "Cost Of Revenue": 3530000000.0,
        "Total Revenue": 5710000000.0,
        "Operating Revenue": 5710000000.0
    },
    "2023-03-31": {
        "Tax Effect Of Unusual Items": 0.0,
        "Tax Rate For Calcs": 0.276808,
        "Normalized EBITDA": 693000000.0,
        "Net Income From Continuing Operation Net Minority Interest": 280000000.0,
        "Reconciled Depreciation": 266000000.0,
        "Reconciled Cost Of Revenue": 3664000000.0,
        "EBITDA": 693000000.0,
        "EBIT": 427000000.0,
        "Net Interest Income": -19000000.0,
        "Normalized Income": 280000000.0,
        "Net Income From Continuing And Discontinued Operation": 279000000.0,
        "Total Expenses": 5433000000.0,
        "Total Operating Income As Reported": 426000000.0,
        "Diluted Average Shares": 5648995000.0,
        "Basic Average Shares": 5578005000.0,
        "Diluted EPS": 0.05,
        "Basic EPS": 0.05,
        "Diluted NI Availto Com Stockholders": 279000000.0,
        "Net Income Common Stockholders": 279000000.0,
        "Net Income": 279000000.0,
        "Minority Interests": -10000000.0,
        "Net Income Including Noncontrolling Interests": 289000000.0,
        "Net Income Discontinuous Operations": -1000000.0,
        "Net Income Continuous Operations": 290000000.0,
        "Tax Provision": 111000000.0,
        "Pretax Income": 401000000.0,
        "Other Income Expense": -6000000.0,
        "Earnings From Equity Interest": -6000000.0,
        "Net Non Operating Interest Income Expense": -19000000.0,
        "Total Other Finance Cost": 19000000.0,
        "Operating Income": 427000000.0,
        "Operating Expense": 1769000000.0,
        "Other Operating Expenses": -68000000.0,
        "Research And Development": 1108000000.0,
        "Selling General And Administration": 729000000.0,
        "Selling And Marketing Expense": NaN,
        "Gross Profit": 2196000000.0,
        "Cost Of Revenue": 3664000000.0,
        "Total Revenue": 5859000000.0,
        "Operating Revenue": 5859000000.0
    },
    "2022-12-31": {
        "Tax Effect Of Unusual Items": 0.0,
        "Tax Rate For Calcs": 0.4,
        "Normalized EBITDA": 1180000000.0,
        "Net Income From Continuing Operation Net Minority Interest": 3152000000.0,
        "Reconciled Depreciation": 297000000.0,
        "Reconciled Cost Of Revenue": 4262000000.0,
        "EBITDA": 1180000000.0,
        "EBIT": 883000000.0,
        "Net Interest Income": -30000000.0,
        "Normalized Income": 3152000000.0,
        "Net Income From Continuing And Discontinued Operation": 3154000000.0,
        "Total Expenses": 6566000000.0,
        "Total Operating Income As Reported": 882000000.0,
        "Diluted Average Shares": 5589987000.0,
        "Basic Average Shares": 5589987000.0,
        "Diluted EPS": 0.56,
        "Basic EPS": 0.56,
        "Diluted NI Availto Com Stockholders": 3154000000.0,
        "Net Income Common Stockholders": 3154000000.0,
        "Net Income": 3154000000.0,
        "Minority Interests": 2000000.0,
        "Net Income Including Noncontrolling Interests": 3152000000.0,
        "Net Income Discontinuous Operations": 2000000.0,
        "Net Income Continuous Operations": 3150000000.0,
        "Tax Provision": -2272000000.0,
        "Pretax Income": 878000000.0,
        "Other Income Expense": 26000000.0,
        "Earnings From Equity Interest": 26000000.0,
        "Net Non Operating Interest Income Expense": -30000000.0,
        "Total Other Finance Cost": 30000000.0,
        "Operating Income": 883000000.0,
        "Operating Expense": 2304000000.0,
        "Other Operating Expenses": 244000000.0,
        "Research And Development": 1222000000.0,
        "Selling General And Administration": 838000000.0,
        "Selling And Marketing Expense": 838000000.0,
        "Gross Profit": 3187000000.0,
        "Cost Of Revenue": 4262000000.0,
        "Total Revenue": 7449000000.0,
        "Operating Revenue": 7449000000.0
    },
    "2022-09-30": {
        "Tax Effect Of Unusual Items": 0.0,
        "Tax Rate For Calcs": 0.182711,
        "Normalized EBITDA": 804000000.0,
        "Net Income From Continuing Operation Net Minority Interest": 416000000.0,
        "Reconciled Depreciation": 287000000.0,
        "Reconciled Cost Of Revenue": 3736000000.0,
        "EBITDA": 804000000.0,
        "EBIT": 517000000.0,
        "Net Interest Income": 12000000.0,
        "Normalized Income": 416000000.0,
        "Net Income From Continuing And Discontinued Operation": 427000000.0,
        "Total Expenses": 5724000000.0,
        "Total Operating Income As Reported": 518000000.0,
        "Diluted Average Shares": 5667603000.0,
        "Basic Average Shares": 5607165000.0,
        "Diluted EPS": 0.08,
        "Basic EPS": 0.08,
        "Diluted NI Availto Com Stockholders": 427000000.0,
        "Net Income Common Stockholders": 427000000.0,
        "Net Income": 427000000.0,
        "Minority Interests": -1000000.0,
        "Net Income Including Noncontrolling Interests": 428000000.0,
        "Net Income Discontinuous Operations": 11000000.0,
        "Net Income Continuous Operations": 417000000.0,
        "Tax Provision": 93000000.0,
        "Pretax Income": 509000000.0,
        "Other Income Expense": -20000000.0,
        "Earnings From Equity Interest": -20000000.0,
        "Net Non Operating Interest Income Expense": 12000000.0,
        "Total Other Finance Cost": -12000000.0,
        "Operating Income": 517000000.0,
        "Operating Expense": 1988000000.0,
        "Other Operating Expenses": 52000000.0,
        "Research And Development": 1165000000.0,
        "Selling General And Administration": 771000000.0,
        "Selling And Marketing Expense": 771000000.0,
        "Gross Profit": 2505000000.0,
        "Cost Of Revenue": 3736000000.0,
        "Total Revenue": 6241000000.0,
        "Operating Revenue": 6241000000.0
    },
    "2022-06-30": {
        "Tax Effect Of Unusual Items": 0.0,
        "Tax Rate For Calcs": 0.136784,
        "Normalized EBITDA": 846000000.0,
        "Net Income From Continuing Operation Net Minority Interest": 464000000.0,
        "Reconciled Depreciation": 282000000.0,
        "Reconciled Cost Of Revenue": 3512000000.0,
        "EBITDA": 846000000.0,
        "EBIT": 564000000.0,
        "Net Interest Income": -18000000.0,
        "Normalized Income": 464000000.0,
        "Net Income From Continuing And Discontinued Operation": 457000000.0,
        "Total Expenses": 5309000000.0,
        "Total Operating Income As Reported": 564000000.0,
        "Diluted Average Shares": 5677742000.0,
        "Basic Average Shares": 5625142000.0,
        "Diluted EPS": 0.08,
        "Basic EPS": 0.08,
        "Diluted NI Availto Com Stockholders": 457000000.0,
        "Net Income Common Stockholders": 457000000.0,
        "Net Income": 457000000.0,
        "Minority Interests": -3000000.0,
        "Net Income Including Noncontrolling Interests": 460000000.0,
        "Net Income Discontinuous Operations": -7000000.0,
        "Net Income Continuous Operations": 467000000.0,
        "Tax Provision": 74000000.0,
        "Pretax Income": 541000000.0,
        "Other Income Expense": -6000000.0,
        "Earnings From Equity Interest": -6000000.0,
        "Net Non Operating Interest Income Expense": -18000000.0,
        "Total Other Finance Cost": 18000000.0,
        "Operating Income": 564000000.0,
        "Operating Expense": 1797000000.0,
        "Other Operating Expenses": -22000000.0,
        "Research And Development": 1091000000.0,
        "Selling General And Administration": 728000000.0,
        "Selling And Marketing Expense": NaN,
        "Gross Profit": 2361000000.0,
        "Cost Of Revenue": 3512000000.0,
        "Total Revenue": 5873000000.0,
        "Operating Revenue": 5873000000.0
    },
    "2022-03-31": {
        "Diluted EPS": 0.05,
        "Total Revenue": NaN,
        "Gross Profit": NaN,
        "Operating Income": 397,
        "EBIT": 705,
        "Net Income": 238
    },
    "2021-12-31": {
        "Diluted EPS": 0.14,
        "Total Revenue": NaN,
        "Gross Profit": NaN,
        "Operating Income": 857,
        "EBIT": NaN,
        "Net Income": 788
    },
    "2021-09-30": {
        "Diluted EPS": 0.07,
        "Total Revenue": NaN,
        "Gross Profit": NaN,
        "Operating Income": 592,
        "EBIT": 901,
        "Net Income": 403
    },
    "2021-06-30": {
        "Diluted EPS": 0.07,
        "Total Revenue": NaN,
        "Gross Profit": NaN,
        "Operating Income": 584,
        "EBIT": 913,
        "Net Income": 414
    },
    "2021-03-31": {
        "Diluted EPS": 0.06,
        "Total Revenue": NaN,
        "Gross Profit": NaN,
        "Operating Income": 520,
        "EBIT": 846,
        "Net Income": 315
    },
    "2020-12-31": {
        "Diluted EPS": -0.55,
        "Total Revenue": NaN,
        "Gross Profit": NaN,
        "Operating Income": 498,
        "EBIT": 794,
        "Net Income": NaN
    },
    "2020-09-30": {
        "Diluted EPS": 0.04,
        "Total Revenue": NaN,
        "Gross Profit": NaN,
        "Operating Income": 410,
        "EBIT": 775,
        "Net Income": 226
    },
    "2020-06-30": {
        "Diluted EPS": 0.02,
        "Total Revenue": NaN,
        "Gross Profit": NaN,
        "Operating Income": 187,
        "EBIT": 505,
        "Net Income": 104
    },
    "2020-03-31": {
        "Diluted EPS": -0.02,
        "Total Revenue": NaN,
        "Gross Profit": NaN,
        "Operating Income": -85,
        "EBIT": 229,
        "Net Income": -129
    },
    "2019-12-31": {
        "Diluted EPS": 0.11,
        "Total Revenue": NaN,
        "Gross Profit": NaN,
        "Operating Income": 909,
        "EBIT": NaN,
        "Net Income": 640
    },
    "2019-09-30": {
        "Diluted EPS": 0.01,
        "Total Revenue": NaN,
        "Gross Profit": NaN,
        "Operating Income": 295,
        "EBIT": 746,
        "Net Income": 91
    },
    "2019-06-30": {
        "Diluted EPS": -0.03,
        "Total Revenue": NaN,
        "Gross Profit": NaN,
        "Operating Income": -65,
        "EBIT": 393,
        "Net Income": -217
    },
    "2019-03-31": {
        "Diluted EPS": -0.09,
        "Total Revenue": NaN,
        "Gross Profit": NaN,
        "Operating Income": -595,
        "EBIT": -132,
        "Net Income": -507
    },
    "2018-12-31": {
        "Diluted EPS": 0.04,
        "Total Revenue": NaN,
        "Gross Profit": NaN,
        "Operating Income": 670,
        "EBIT": NaN,
        "Net Income": 239
    },
    "2018-09-30": {
        "Diluted EPS": -0.01,
        "Total Revenue": NaN,
        "Gross Profit": NaN,
        "Operating Income": -63,
        "EBIT": 329,
        "Net Income": -92
    },
    "2018-06-30": {
        "Diluted EPS": -0.06,
        "Total Revenue": NaN,
        "Gross Profit": NaN,
        "Operating Income": -264,
        "EBIT": 152,
        "Net Income": -317
    },
    "2018-03-31": {
        "Diluted EPS": -0.04,
        "Total Revenue": NaN,
        "Gross Profit": NaN,
        "Operating Income": -413,
        "EBIT": 44,
        "Net Income": -231
    },
    "2017-12-31": {
        "Diluted EPS": -0.08,
        "Total Revenue": NaN,
        "Gross Profit": NaN,
        "Operating Income": 474,
        "EBIT": 849,
        "Net Income": -473
    },
    "2017-09-30": {
        "Diluted EPS": -0.04,
        "Total Revenue": NaN,
        "Gross Profit": NaN,
        "Operating Income": -270,
        "EBIT": 705,
        "Net Income": -215
    },
    "2017-06-30": {
        "Diluted EPS": -0.09,
        "Total Revenue": NaN,
        "Gross Profit": NaN,
        "Operating Income": -51,
        "EBIT": -33,
        "Net Income": -481
    },
    "2017-03-31": {
        "Diluted EPS": -0.1,
        "Total Revenue": NaN,
        "Gross Profit": NaN,
        "Operating Income": -135,
        "EBIT": 295,
        "Net Income": -520
    },
    "2016-12-31": {
        "Diluted EPS": 0.11,
        "Total Revenue": NaN,
        "Gross Profit": NaN,
        "Operating Income": 364,
        "EBIT": 799,
        "Net Income": 609
    },
    "2016-09-30": {
        "Diluted EPS": -0.02,
        "Total Revenue": NaN,
        "Gross Profit": NaN,
        "Operating Income": 62,
        "EBIT": 469,
        "Net Income": -140
    },
    "2016-06-30": {
        "Diluted EPS": -0.14,
        "Total Revenue": NaN,
        "Gross Profit": NaN,
        "Operating Income": -858,
        "EBIT": -384,
        "Net Income": -751
    },
    "2016-03-31": {
        "Diluted EPS": -0.1,
        "Total Revenue": NaN,
        "Gross Profit": NaN,
        "Operating Income": -785,
        "EBIT": -338,
        "Net Income": -566
    },
    "2015-12-31": {
        "Diluted EPS": 0.5,
        "Total Revenue": NaN,
        "Gross Profit": NaN,
        "Operating Income": 676,
        "EBIT": 759,
        "Net Income": NaN
    },
    "2015-09-30": {
        "Diluted EPS": 0.05,
        "Total Revenue": NaN,
        "Gross Profit": NaN,
        "Operating Income": 368,
        "EBIT": 457,
        "Net Income": 169
    },
    "2015-06-30": {
        "Diluted EPS": 0.1,
        "Total Revenue": NaN,
        "Gross Profit": NaN,
        "Operating Income": 562,
        "EBIT": 652,
        "Net Income": 384
    },
    "2015-03-31": {
        "Diluted EPS": 0.06,
        "Total Revenue": NaN,
        "Gross Profit": NaN,
        "Operating Income": 269,
        "EBIT": 361,
        "Net Income": 200
    },
    "2014-12-31": {
        "Diluted EPS": 0.12,
        "Total Revenue": NaN,
        "Gross Profit": NaN,
        "Operating Income": 580,
        "EBIT": 580,
        "Net Income": 495
    },
    "2014-09-30": {
        "Diluted EPS": 0.25,
        "Total Revenue": NaN,
        "Gross Profit": NaN,
        "Operating Income": 531,
        "EBIT": 531,
        "Net Income": 991
    },
    "2014-06-30": {
        "Diluted EPS": 0.84,
        "Total Revenue": NaN,
        "Gross Profit": NaN,
        "Operating Income": 391,
        "EBIT": 391,
        "Net Income": NaN
    },
    "2014-03-31": {
        "Diluted EPS": -0.08,
        "Total Revenue": NaN,
        "Gross Profit": NaN,
        "Operating Income": 332,
        "EBIT": 332,
        "Net Income": -328
    },
    "2013-12-31": {
        "Diluted EPS": -0.03,
        "Total Revenue": NaN,
        "Gross Profit": -198,
        "Operating Income": 881,
        "EBIT": 881,
        "Net Income": -41
    },
    "2013-09-30": {
        "Diluted EPS": -0.03,
        "Total Revenue": NaN,
        "Gross Profit": NaN,
        "Operating Income": 156,
        "EBIT": 156,
        "Net Income": -121
    },
    "2013-06-30": {
        "Diluted EPS": -0.08,
        "Total Revenue": NaN,
        "Gross Profit": NaN,
        "Operating Income": -150,
        "EBIT": -150,
        "Net Income": -296
    },
    "2013-03-31": {
        "Diluted EPS": -0.09,
        "Total Revenue": NaN,
        "Gross Profit": NaN,
        "Operating Income": -198,
        "EBIT": -198,
        "Net Income": -359
    },
    "2012-12-31": {
        "Diluted EPS": 0.07,
        "Total Revenue": NaN,
        "Gross Profit": NaN,
        "Operating Income": -323,
        "EBIT": -323,
        "Net Income": 269
    },
    "2012-09-30": {
        "Diluted EPS": -0.34,
        "Total Revenue": NaN,
        "Gross Profit": NaN,
        "Operating Income": -294,
        "EBIT": -294,
        "Net Income": NaN
    },
    "2012-06-30": {
        "Diluted EPS": -0.47,
        "Total Revenue": NaN,
        "Gross Profit": NaN,
        "Operating Income": NaN,
        "EBIT": NaN,
        "Net Income": NaN
    },
    "2012-03-31": {
        "Diluted EPS": -0.33,
        "Total Revenue": NaN,
        "Gross Profit": NaN,
        "Operating Income": -579,
        "EBIT": -579,
        "Net Income": NaN
    },
    "2011-12-31": {
        "Diluted EPS": -0.37,
        "Total Revenue": NaN,
        "Gross Profit": NaN,
        "Operating Income": -110,
        "EBIT": -110,
        "Net Income": NaN
    },
    "2011-09-30": {
        "Diluted EPS": -0.03,
        "Total Revenue": NaN,
        "Gross Profit": NaN,
        "Operating Income": -460,
        "EBIT": -460,
        "Net Income": -94
    },
    "2011-06-30": {
        "Diluted EPS": -0.14,
        "Total Revenue": NaN,
        "Gross Profit": NaN,
        "Operating Income": 23,
        "EBIT": 23,
        "Net Income": -523
    },
    "2011-03-31": {
        "Diluted EPS": 0.13,
        "Total Revenue": NaN,
        "Gross Profit": NaN,
        "Operating Income": 797,
        "EBIT": 797,
        "Net Income": 478
    },
    "2010-12-31": {
        "Diluted EPS": 0.28,
        "Total Revenue": NaN,
        "Gross Profit": NaN,
        "Operating Income": NaN,
        "EBIT": NaN,
        "Net Income": NaN
    },
    "2010-09-30": {
        "Diluted EPS": 0.2,
        "Total Revenue": NaN,
        "Gross Profit": NaN,
        "Operating Income": NaN,
        "EBIT": NaN,
        "Net Income": 734
    },
    "2010-06-30": {
        "Diluted EPS": 0.08,
        "Total Revenue": NaN,
        "Gross Profit": NaN,
        "Operating Income": 442,
        "EBIT": 442,
        "Net Income": 291
    },
    "2010-03-31": {
        "Diluted EPS": 0.13,
        "Total Revenue": NaN,
        "Gross Profit": NaN,
        "Operating Income": 247,
        "EBIT": 247,
        "Net Income": 468
    },
    "2009-12-31": {
        "Diluted EPS": 0.36,
        "Total Revenue": NaN,
        "Gross Profit": NaN,
        "Operating Income": 989,
        "EBIT": 989,
        "Net Income": NaN
    },
    "2009-09-30": {
        "Diluted EPS": -0.22,
        "Total Revenue": NaN,
        "Gross Profit": NaN,
        "Operating Income": NaN,
        "EBIT": NaN,
        "Net Income": -832
    },
    "2009-06-30": {
        "Diluted EPS": 0.11,
        "Total Revenue": NaN,
        "Gross Profit": NaN,
        "Operating Income": NaN,
        "EBIT": NaN,
        "Net Income": 403
    },
    "2009-03-31": {
        "Diluted EPS": 0.04,
        "Total Revenue": NaN,
        "Gross Profit": NaN,
        "Operating Income": 349,
        "EBIT": 349,
        "Net Income": 161
    }
}