{
    "2023-03-31": {
        "Tax Effect Of Unusual Items": NaN,
        "Tax Rate For Calcs": NaN,
        "Normalized EBITDA": NaN,
        "Total Unusual Items": NaN,
        "Total Unusual Items Excluding Goodwill": NaN,
        "Net Income From Continuing Operation Net Minority Interest": NaN,
        "Reconciled Depreciation": NaN,
        "Reconciled Cost Of Revenue": NaN,
        "EBITDA": NaN,
        "EBIT": NaN,
        "Net Interest Income": NaN,
        "Interest Expense": NaN,
        "Normalized Income": NaN,
        "Net Income From Continuing And Discontinued Operation": NaN,
        "Total Expenses": NaN,
        "Total Operating Income As Reported": NaN,
        "Diluted Average Shares": NaN,
        "Basic Average Shares": NaN,
        "Diluted EPS": NaN,
        "Basic EPS": NaN,
        "Diluted NI Availto Com Stockholders": NaN,
        "Average Dilution Earnings": NaN,
        "Net Income Common Stockholders": NaN,
        "Otherunder Preferred Stock Dividend": 0.0,
        "Net Income": NaN,
        "Net Income Including Noncontrolling Interests": NaN,
        "Net Income Continuous Operations": NaN,
        "Tax Provision": NaN,
        "Pretax Income": NaN,
        "Other Income Expense": NaN,
        "Other Non Operating Income Expenses": NaN,
        "Special Income Charges": NaN,
        "Gain On Sale Of Business": NaN,
        "Other Special Charges": NaN,
        "Impairment Of Capital Assets": NaN,
        "Restructuring And Mergern Acquisition": NaN,
        "Gain On Sale Of Security": NaN,
        "Net Non Operating Interest Income Expense": NaN,
        "Interest Expense Non Operating": NaN,
        "Operating Income": NaN,
        "Operating Expense": NaN,
        "Depreciation Amortization Depletion Income Statement": NaN,
        "Depreciation And Amortization In Income Statement": NaN,
        "Amortization": NaN,
        "Amortization Of Intangibles Income Statement": NaN,
        "Research And Development": NaN,
        "Selling General And Administration": NaN,
        "Selling And Marketing Expense": NaN,
        "General And Administrative Expense": NaN,
        "Other Gand A": NaN,
        "Salaries And Wages": 4265000.0,
        "Gross Profit": NaN,
        "Cost Of Revenue": NaN,
        "Total Revenue": NaN,
        "Operating Revenue": NaN
    },
    "2022-12-31": {
        "Tax Effect Of Unusual Items": NaN,
        "Tax Rate For Calcs": NaN,
        "Normalized EBITDA": NaN,
        "Total Unusual Items": NaN,
        "Total Unusual Items Excluding Goodwill": NaN,
        "Net Income From Continuing Operation Net Minority Interest": NaN,
        "Reconciled Depreciation": NaN,
        "Reconciled Cost Of Revenue": NaN,
        "EBITDA": NaN,
        "EBIT": NaN,
        "Net Interest Income": NaN,
        "Interest Expense": NaN,
        "Normalized Income": NaN,
        "Net Income From Continuing And Discontinued Operation": NaN,
        "Total Expenses": NaN,
        "Rent Expense Supplemental": 0.0,
        "Total Operating Income As Reported": NaN,
        "Diluted Average Shares": NaN,
        "Basic Average Shares": NaN,
        "Diluted EPS": NaN,
        "Basic EPS": NaN,
        "Diluted NI Availto Com Stockholders": NaN,
        "Average Dilution Earnings": NaN,
        "Net Income Common Stockholders": NaN,
        "Otherunder Preferred Stock Dividend": NaN,
        "Preferred Stock Dividends": 0.0,
        "Net Income": NaN,
        "Net Income Including Noncontrolling Interests": NaN,
        "Net Income Continuous Operations": NaN,
        "Tax Provision": NaN,
        "Pretax Income": NaN,
        "Other Income Expense": NaN,
        "Other Non Operating Income Expenses": NaN,
        "Special Income Charges": NaN,
        "Gain On Sale Of Business": NaN,
        "Other Special Charges": 0.0,
        "Impairment Of Capital Assets": NaN,
        "Restructuring And Mergern Acquisition": NaN,
        "Gain On Sale Of Security": NaN,
        "Net Non Operating Interest Income Expense": NaN,
        "Interest Expense Non Operating": NaN,
        "Operating Income": NaN,
        "Operating Expense": NaN,
        "Depreciation Amortization Depletion Income Statement": NaN,
        "Depreciation And Amortization In Income Statement": NaN,
        "Amortization": NaN,
        "Amortization Of Intangibles Income Statement": NaN,
        "Research And Development": NaN,
        "Selling General And Administration": NaN,
        "Selling And Marketing Expense": NaN,
        "General And Administrative Expense": NaN,
        "Other Gand A": NaN,
        "Rent And Landing Fees": 0.0,
        "Salaries And Wages": 4716000.0,
        "Gross Profit": NaN,
        "Cost Of Revenue": NaN,
        "Total Revenue": NaN,
        "Operating Revenue": NaN
    },
    "2022-09-30": {
        "Tax Effect Of Unusual Items": NaN,
        "Tax Rate For Calcs": NaN,
        "Normalized EBITDA": NaN,
        "Total Unusual Items": NaN,
        "Total Unusual Items Excluding Goodwill": NaN,
        "Net Income From Continuing Operation Net Minority Interest": NaN,
        "Reconciled Depreciation": NaN,
        "Reconciled Cost Of Revenue": NaN,
        "EBITDA": NaN,
        "EBIT": NaN,
        "Net Interest Income": NaN,
        "Interest Expense": NaN,
        "Normalized Income": NaN,
        "Net Income From Continuing And Discontinued Operation": NaN,
        "Total Expenses": NaN,
        "Rent Expense Supplemental": 0.0,
        "Total Operating Income As Reported": NaN,
        "Diluted Average Shares": NaN,
        "Basic Average Shares": NaN,
        "Diluted EPS": NaN,
        "Basic EPS": NaN,
        "Diluted NI Availto Com Stockholders": NaN,
        "Average Dilution Earnings": -23310000.0,
        "Net Income Common Stockholders": NaN,
        "Otherunder Preferred Stock Dividend": NaN,
        "Preferred Stock Dividends": 24351000.0,
        "Net Income": NaN,
        "Net Income Including Noncontrolling Interests": NaN,
        "Net Income Continuous Operations": NaN,
        "Tax Provision": NaN,
        "Pretax Income": NaN,
        "Other Income Expense": NaN,
        "Other Non Operating Income Expenses": NaN,
        "Special Income Charges": NaN,
        "Gain On Sale Of Business": NaN,
        "Other Special Charges": 45250000.0,
        "Impairment Of Capital Assets": NaN,
        "Restructuring And Mergern Acquisition": NaN,
        "Gain On Sale Of Security": NaN,
        "Net Non Operating Interest Income Expense": NaN,
        "Interest Expense Non Operating": NaN,
        "Operating Income": NaN,
        "Operating Expense": NaN,
        "Depreciation Amortization Depletion Income Statement": NaN,
        "Depreciation And Amortization In Income Statement": NaN,
        "Amortization": NaN,
        "Amortization Of Intangibles Income Statement": NaN,
        "Research And Development": NaN,
        "Selling General And Administration": NaN,
        "Selling And Marketing Expense": NaN,
        "General And Administrative Expense": NaN,
        "Other Gand A": NaN,
        "Rent And Landing Fees": 0.0,
        "Salaries And Wages": 4218000.0,
        "Gross Profit": NaN,
        "Cost Of Revenue": NaN,
        "Total Revenue": NaN,
        "Operating Revenue": NaN
    },
    "2022-06-30": {
        "Tax Effect Of Unusual Items": -14044.010795,
        "Tax Rate For Calcs": 0.004567,
        "Normalized EBITDA": -8597000.0,
        "Total Unusual Items": -3075000.0,
        "Total Unusual Items Excluding Goodwill": -3075000.0,
        "Net Income From Continuing Operation Net Minority Interest": -38360000.0,
        "Reconciled Depreciation": 2609000.0,
        "Reconciled Cost Of Revenue": 11058000.0,
        "EBITDA": -11672000.0,
        "EBIT": -14281000.0,
        "Net Interest Income": -24255000.0,
        "Interest Expense": 24255000.0,
        "Interest Income": 236453.0,
        "Normalized Income": -35299044.010795,
        "Net Income From Continuing And Discontinued Operation": -38360000.0,
        "Total Expenses": 37886000.0,
        "Rent Expense Supplemental": 0.0,
        "Total Operating Income As Reported": -11739000.0,
        "Diluted Average Shares": 129740324.0,
        "Basic Average Shares": 129740324.0,
        "Diluted EPS": -0.377477,
        "Basic EPS": -0.377477,
        "Diluted NI Availto Com Stockholders": -48974000.0,
        "Average Dilution Earnings": NaN,
        "Net Income Common Stockholders": -48974000.0,
        "Otherunder Preferred Stock Dividend": NaN,
        "Preferred Stock Dividends": 10614000.0,
        "Net Income": -38360000.0,
        "Net Income Including Noncontrolling Interests": -38360000.0,
        "Net Income Continuous Operations": -38360000.0,
        "Tax Provision": -176000.0,
        "Pretax Income": -38536000.0,
        "Other Income Expense": -3569000.0,
        "Other Non Operating Income Expenses": -494000.0,
        "Special Income Charges": -1027000.0,
        "Other Special Charges": NaN,
        "Impairment Of Capital Assets": NaN,
        "Restructuring And Mergern Acquisition": 1027000.0,
        "Gain On Sale Of Security": -2048000.0,
        "Net Non Operating Interest Income Expense": -24255000.0,
        "Interest Expense Non Operating": 24255000.0,
        "Interest Income Non Operating": 236453.0,
        "Operating Income": -10712000.0,
        "Operating Expense": 26828000.0,
        "Other Operating Expenses": NaN,
        "Depreciation Amortization Depletion Income Statement": 2609000.0,
        "Depreciation And Amortization In Income Statement": 2609000.0,
        "Amortization": 2609000.0,
        "Amortization Of Intangibles Income Statement": 2609000.0,
        "Research And Development": 3791000.0,
        "Selling General And Administration": 20428000.0,
        "Selling And Marketing Expense": 10395000.0,
        "General And Administrative Expense": 10033000.0,
        "Other Gand A": 10033000.0,
        "Rent And Landing Fees": 0.0,
        "Salaries And Wages": 3346000.0,
        "Gross Profit": 16116000.0,
        "Cost Of Revenue": 11058000.0,
        "Total Revenue": 27174000.0,
        "Operating Revenue": 27174000.0
    },
    "2022-03-31": {
        "Diluted EPS": -1.06,
        "Total Revenue": 26,
        "Gross Profit": 19,
        "Operating Income": -12,
        "EBIT": -7,
        "Net Income": -20
    },
    "2021-12-31": {
        "Diluted EPS": -0.01,
        "Total Revenue": 24,
        "Gross Profit": 17,
        "Operating Income": -16,
        "EBIT": -11,
        "Net Income": 0
    },
    "2021-09-30": {
        "Diluted EPS": -6.34,
        "Total Revenue": 22,
        "Gross Profit": 16,
        "Operating Income": -15,
        "EBIT": -15,
        "Net Income": -106
    },
    "2021-06-30": {
        "Diluted EPS": 0.09,
        "Total Revenue": NaN,
        "Gross Profit": NaN,
        "Operating Income": -2,
        "EBIT": -2,
        "Net Income": 2
    },
    "2021-03-31": {
        "Diluted EPS": 0.16,
        "Total Revenue": NaN,
        "Gross Profit": NaN,
        "Operating Income": 0,
        "EBIT": 0,
        "Net Income": 4
    },
    "2020-12-31": {
        "Diluted EPS": 0.0,
        "Total Revenue": NaN,
        "Gross Profit": NaN,
        "Operating Income": NaN,
        "EBIT": NaN,
        "Net Income": NaN
    },
    "2020-09-30": {
        "Diluted EPS": -0.01,
        "Total Revenue": NaN,
        "Gross Profit": NaN,
        "Operating Income": 0,
        "EBIT": 0,
        "Net Income": 0
    },
    "2023-06-30": {
        "Tax Effect Of Unusual Items": NaN,
        "Tax Rate For Calcs": NaN,
        "Normalized EBITDA": NaN,
        "Total Unusual Items": NaN,
        "Total Unusual Items Excluding Goodwill": NaN,
        "Net Income From Continuing Operation Net Minority Interest": NaN,
        "Reconciled Depreciation": NaN,
        "Reconciled Cost Of Revenue": NaN,
        "EBITDA": NaN,
        "EBIT": NaN,
        "Net Interest Income": NaN,
        "Interest Expense": NaN,
        "Normalized Income": NaN,
        "Net Income From Continuing And Discontinued Operation": NaN,
        "Total Expenses": NaN,
        "Total Operating Income As Reported": NaN,
        "Diluted Average Shares": NaN,
        "Basic Average Shares": NaN,
        "Diluted EPS": NaN,
        "Basic EPS": NaN,
        "Diluted NI Availto Com Stockholders": NaN,
        "Average Dilution Earnings": NaN,
        "Net Income Common Stockholders": NaN,
        "Otherunder Preferred Stock Dividend": NaN,
        "Net Income": NaN,
        "Net Income Including Noncontrolling Interests": NaN,
        "Net Income Continuous Operations": NaN,
        "Tax Provision": NaN,
        "Pretax Income": NaN,
        "Other Income Expense": NaN,
        "Other Non Operating Income Expenses": NaN,
        "Special Income Charges": NaN,
        "Gain On Sale Of Business": 0.0,
        "Other Special Charges": 3474000.0,
        "Impairment Of Capital Assets": NaN,
        "Restructuring And Mergern Acquisition": NaN,
        "Gain On Sale Of Security": NaN,
        "Net Non Operating Interest Income Expense": NaN,
        "Interest Expense Non Operating": NaN,
        "Operating Income": NaN,
        "Operating Expense": NaN,
        "Depreciation Amortization Depletion Income Statement": NaN,
        "Depreciation And Amortization In Income Statement": NaN,
        "Amortization": NaN,
        "Amortization Of Intangibles Income Statement": NaN,
        "Research And Development": NaN,
        "Selling General And Administration": NaN,
        "Selling And Marketing Expense": NaN,
        "General And Administrative Expense": NaN,
        "Other Gand A": NaN,
        "Gross Profit": NaN,
        "Cost Of Revenue": NaN,
        "Total Revenue": NaN,
        "Operating Revenue": NaN
    },
    "2023-09-30": {
        "Tax Effect Of Unusual Items": 33012.044876,
        "Tax Rate For Calcs": 0.004267,
        "Normalized EBITDA": -6216000.0,
        "Total Unusual Items": 7736000.0,
        "Total Unusual Items Excluding Goodwill": 7736000.0,
        "Net Income From Continuing Operation Net Minority Interest": -14467000.0,
        "Reconciled Depreciation": 8031000.0,
        "Reconciled Cost Of Revenue": 9825000.0,
        "EBITDA": 1520000.0,
        "EBIT": -6511000.0,
        "Net Interest Income": -8018000.0,
        "Interest Expense": 8018000.0,
        "Normalized Income": -22169987.955124,
        "Net Income From Continuing And Discontinued Operation": -14467000.0,
        "Total Expenses": 48049000.0,
        "Total Operating Income As Reported": -13461000.0,
        "Diluted Average Shares": 128832502.0,
        "Basic Average Shares": 128832502.0,
        "Diluted EPS": -0.11,
        "Basic EPS": -0.11,
        "Diluted NI Availto Com Stockholders": -14467000.0,
        "Average Dilution Earnings": 0.0,
        "Net Income Common Stockholders": -14467000.0,
        "Otherunder Preferred Stock Dividend": NaN,
        "Net Income": -14467000.0,
        "Net Income Including Noncontrolling Interests": -14467000.0,
        "Net Income Continuous Operations": -14467000.0,
        "Tax Provision": -62000.0,
        "Pretax Income": -14529000.0,
        "Other Income Expense": 7529000.0,
        "Other Non Operating Income Expenses": -207000.0,
        "Special Income Charges": 579000.0,
        "Gain On Sale Of Business": 0.0,
        "Other Special Charges": NaN,
        "Impairment Of Capital Assets": 0.0,
        "Restructuring And Mergern Acquisition": -579000.0,
        "Gain On Sale Of Security": 7157000.0,
        "Net Non Operating Interest Income Expense": -8018000.0,
        "Interest Expense Non Operating": 8018000.0,
        "Operating Income": -14040000.0,
        "Operating Expense": 33092000.0,
        "Depreciation Amortization Depletion Income Statement": 2899000.0,
        "Depreciation And Amortization In Income Statement": 2899000.0,
        "Amortization": 2899000.0,
        "Amortization Of Intangibles Income Statement": 2899000.0,
        "Research And Development": 4540000.0,
        "Selling General And Administration": 25653000.0,
        "Selling And Marketing Expense": 11235000.0,
        "General And Administrative Expense": 14418000.0,
        "Other Gand A": 14418000.0,
        "Gross Profit": 19052000.0,
        "Cost Of Revenue": 14957000.0,
        "Total Revenue": 34009000.0,
        "Operating Revenue": 34009000.0
    },
    "2023-12-31": {
        "Tax Effect Of Unusual Items": -5709690.0,
        "Tax Rate For Calcs": 0.21,
        "Normalized EBITDA": -6788000.0,
        "Total Unusual Items": -27189000.0,
        "Total Unusual Items Excluding Goodwill": -27189000.0,
        "Net Income From Continuing Operation Net Minority Interest": -50748000.0,
        "Reconciled Depreciation": 8642000.0,
        "Reconciled Cost Of Revenue": 9977000.0,
        "EBITDA": -33977000.0,
        "EBIT": -42619000.0,
        "Net Interest Income": -8087000.0,
        "Interest Expense": 8087000.0,
        "Normalized Income": -29268690.0,
        "Net Income From Continuing And Discontinued Operation": -50748000.0,
        "Total Expenses": 49872000.0,
        "Total Operating Income As Reported": -39929000.0,
        "Diluted Average Shares": 129636869.0,
        "Basic Average Shares": 129636869.0,
        "Diluted EPS": -0.39,
        "Basic EPS": -0.39,
        "Diluted NI Availto Com Stockholders": -50748000.0,
        "Average Dilution Earnings": NaN,
        "Net Income Common Stockholders": -50748000.0,
        "Otherunder Preferred Stock Dividend": NaN,
        "Net Income": -50748000.0,
        "Net Income Including Noncontrolling Interests": -50748000.0,
        "Net Income Continuous Operations": -50748000.0,
        "Tax Provision": 42000.0,
        "Pretax Income": -50706000.0,
        "Other Income Expense": -27012000.0,
        "Other Non Operating Income Expenses": 177000.0,
        "Special Income Charges": -24322000.0,
        "Gain On Sale Of Business": NaN,
        "Other Special Charges": NaN,
        "Impairment Of Capital Assets": 26227000.0,
        "Restructuring And Mergern Acquisition": 1569000.0,
        "Gain On Sale Of Security": -2867000.0,
        "Net Non Operating Interest Income Expense": -8087000.0,
        "Interest Expense Non Operating": 8087000.0,
        "Operating Income": -15607000.0,
        "Operating Expense": 34148000.0,
        "Depreciation Amortization Depletion Income Statement": 2895000.0,
        "Depreciation And Amortization In Income Statement": 2895000.0,
        "Amortization": 2895000.0,
        "Amortization Of Intangibles Income Statement": 2895000.0,
        "Research And Development": 4016000.0,
        "Selling General And Administration": 27237000.0,
        "Selling And Marketing Expense": 10500000.0,
        "General And Administrative Expense": 16737000.0,
        "Other Gand A": 16737000.0,
        "Gross Profit": 18541000.0,
        "Cost Of Revenue": 15724000.0,
        "Total Revenue": 34265000.0,
        "Operating Revenue": 34265000.0
    },
    "2024-03-31": {
        "Tax Effect Of Unusual Items": 1947482.4,
        "Tax Rate For Calcs": 0.0274,
        "Normalized EBITDA": -6272000.0,
        "Total Unusual Items": 71076000.0,
        "Total Unusual Items Excluding Goodwill": 71076000.0,
        "Net Income From Continuing Operation Net Minority Interest": 50599000.0,
        "Reconciled Depreciation": 5417000.0,
        "Reconciled Cost Of Revenue": 9172000.0,
        "EBITDA": 64804000.0,
        "EBIT": 59387000.0,
        "Net Interest Income": -7362000.0,
        "Interest Expense": 7362000.0,
        "Normalized Income": -18529517.6,
        "Net Income From Continuing And Discontinued Operation": 50599000.0,
        "Total Expenses": 43560000.0,
        "Total Operating Income As Reported": -11444000.0,
        "Diluted Average Shares": 146027085.0,
        "Basic Average Shares": 130712032.0,
        "Diluted EPS": 0.37,
        "Basic EPS": 0.39,
        "Diluted NI Availto Com Stockholders": 54272000.0,
        "Average Dilution Earnings": NaN,
        "Net Income Common Stockholders": 54272000.0,
        "Otherunder Preferred Stock Dividend": -3673000.0,
        "Net Income": 50599000.0,
        "Net Income Including Noncontrolling Interests": 50599000.0,
        "Net Income Continuous Operations": 50599000.0,
        "Tax Provision": 1426000.0,
        "Pretax Income": 52025000.0,
        "Other Income Expense": 70835000.0,
        "Other Non Operating Income Expenses": -241000.0,
        "Special Income Charges": 71603000.0,
        "Gain On Sale Of Business": 71599000.0,
        "Other Special Charges": NaN,
        "Impairment Of Capital Assets": 0.0,
        "Restructuring And Mergern Acquisition": -4000.0,
        "Gain On Sale Of Security": -527000.0,
        "Net Non Operating Interest Income Expense": -7362000.0,
        "Interest Expense Non Operating": 7362000.0,
        "Operating Income": -11448000.0,
        "Operating Expense": 31656000.0,
        "Depreciation Amortization Depletion Income Statement": 2685000.0,
        "Depreciation And Amortization In Income Statement": 2685000.0,
        "Amortization": 2685000.0,
        "Amortization Of Intangibles Income Statement": 2685000.0,
        "Research And Development": 3480000.0,
        "Selling General And Administration": 25491000.0,
        "Selling And Marketing Expense": 9415000.0,
        "General And Administrative Expense": 16076000.0,
        "Other Gand A": 16076000.0,
        "Gross Profit": 20208000.0,
        "Cost Of Revenue": 11904000.0,
        "Total Revenue": 32112000.0,
        "Operating Revenue": 32112000.0
    },
    "2024-06-30": {
        "Tax Effect Of Unusual Items": 179340.0,
        "Tax Rate For Calcs": 0.21,
        "Normalized EBITDA": -2748000.0,
        "Total Unusual Items": 854000.0,
        "Total Unusual Items Excluding Goodwill": 854000.0,
        "Net Income From Continuing Operation Net Minority Interest": -12764000.0,
        "Reconciled Depreciation": 5226000.0,
        "Reconciled Cost Of Revenue": 8510000.0,
        "EBITDA": -1894000.0,
        "EBIT": -7120000.0,
        "Net Interest Income": -5320000.0,
        "Interest Expense": 5320000.0,
        "Normalized Income": -13438660.0,
        "Net Income From Continuing And Discontinued Operation": -12764000.0,
        "Total Expenses": 37202000.0,
        "Total Operating Income As Reported": -7956000.0,
        "Diluted Average Shares": 134407109.0,
        "Basic Average Shares": 134407109.0,
        "Diluted EPS": -0.09,
        "Basic EPS": -0.09,
        "Diluted NI Availto Com Stockholders": -12764000.0,
        "Average Dilution Earnings": NaN,
        "Net Income Common Stockholders": -12764000.0,
        "Otherunder Preferred Stock Dividend": NaN,
        "Net Income": -12764000.0,
        "Net Income Including Noncontrolling Interests": -12764000.0,
        "Net Income Continuous Operations": -12764000.0,
        "Tax Provision": 324000.0,
        "Pretax Income": -12440000.0,
        "Other Income Expense": 836000.0,
        "Other Non Operating Income Expenses": -18000.0,
        "Special Income Charges": 0.0,
        "Gain On Sale Of Business": 0.0,
        "Other Special Charges": NaN,
        "Impairment Of Capital Assets": 0.0,
        "Restructuring And Mergern Acquisition": 0.0,
        "Gain On Sale Of Security": 854000.0,
        "Net Non Operating Interest Income Expense": -5320000.0,
        "Interest Expense Non Operating": 5320000.0,
        "Operating Income": -7956000.0,
        "Operating Expense": 25886000.0,
        "Depreciation Amortization Depletion Income Statement": 2420000.0,
        "Depreciation And Amortization In Income Statement": 2420000.0,
        "Amortization": 2420000.0,
        "Amortization Of Intangibles Income Statement": 2420000.0,
        "Research And Development": 3205000.0,
        "Selling General And Administration": 20261000.0,
        "Selling And Marketing Expense": 9001000.0,
        "General And Administrative Expense": 11260000.0,
        "Other Gand A": 11260000.0,
        "Gross Profit": 17930000.0,
        "Cost Of Revenue": 11316000.0,
        "Total Revenue": 29246000.0,
        "Operating Revenue": 29246000.0
    },
    "2024-09-30": {
        "Tax Effect Of Unusual Items": -139689.9,
        "Tax Rate For Calcs": 0.0399,
        "Normalized EBITDA": -1509000.0,
        "Total Unusual Items": -3501000.0,
        "Total Unusual Items Excluding Goodwill": -3501000.0,
        "Net Income From Continuing Operation Net Minority Interest": -14935000.0,
        "Reconciled Depreciation": 4961000.0,
        "Reconciled Cost Of Revenue": 8349000.0,
        "EBITDA": -5010000.0,
        "EBIT": -9971000.0,
        "Net Interest Income": -5585000.0,
        "Interest Expense": 5585000.0,
        "Normalized Income": -11573689.9,
        "Net Income From Continuing And Discontinued Operation": -14935000.0,
        "Total Expenses": 36250000.0,
        "Total Operating Income As Reported": -6811000.0,
        "Diluted Average Shares": 135050093.0,
        "Basic Average Shares": 135050093.0,
        "Diluted EPS": -0.11,
        "Basic EPS": -0.11,
        "Diluted NI Availto Com Stockholders": -14935000.0,
        "Average Dilution Earnings": NaN,
        "Net Income Common Stockholders": -14935000.0,
        "Otherunder Preferred Stock Dividend": NaN,
        "Net Income": -14935000.0,
        "Net Income Including Noncontrolling Interests": -14935000.0,
        "Net Income Continuous Operations": -14935000.0,
        "Tax Provision": -621000.0,
        "Pretax Income": -15556000.0,
        "Other Income Expense": -3160000.0,
        "Other Non Operating Income Expenses": 341000.0,
        "Special Income Charges": 0.0,
        "Gain On Sale Of Business": 0.0,
        "Other Special Charges": NaN,
        "Impairment Of Capital Assets": 0.0,
        "Restructuring And Mergern Acquisition": 0.0,
        "Gain On Sale Of Security": -3501000.0,
        "Net Non Operating Interest Income Expense": -5585000.0,
        "Interest Expense Non Operating": 5585000.0,
        "Operating Income": -6811000.0,
        "Operating Expense": 25376000.0,
        "Depreciation Amortization Depletion Income Statement": 2436000.0,
        "Depreciation And Amortization In Income Statement": 2436000.0,
        "Amortization": 2436000.0,
        "Amortization Of Intangibles Income Statement": 2436000.0,
        "Research And Development": 3250000.0,
        "Selling General And Administration": 19690000.0,
        "Selling And Marketing Expense": 9068000.0,
        "General And Administrative Expense": 10622000.0,
        "Other Gand A": 10622000.0,
        "Gross Profit": 18565000.0,
        "Cost Of Revenue": 10874000.0,
        "Total Revenue": 29439000.0,
        "Operating Revenue": 29439000.0
    }
}