{
    "2023-03-31": {
        "Tax Effect Of Unusual Items": -376380.0,
        "Tax Rate For Calcs": 0.204,
        "Normalized EBITDA": 13255000.0,
        "Total Unusual Items": -1845000.0,
        "Total Unusual Items Excluding Goodwill": -1845000.0,
        "Net Income From Continuing Operation Net Minority Interest": -9994000.0,
        "Reconciled Depreciation": 12990000.0,
        "Reconciled Cost Of Revenue": 101993000.0,
        "EBITDA": 11410000.0,
        "EBIT": -1580000.0,
        "Net Interest Income": -10515000.0,
        "Interest Expense": 10515000.0,
        "Normalized Income": -8525380.0,
        "Net Income From Continuing And Discontinued Operation": -9994000.0,
        "Total Expenses": 151743000.0,
        "Total Operating Income As Reported": -2125000.0,
        "Diluted NI Availto Com Stockholders": -9994000.0,
        "Net Income Common Stockholders": -9994000.0,
        "Net Income": -9994000.0,
        "Minority Interests": -365000.0,
        "Net Income Including Noncontrolling Interests": -9629000.0,
        "Net Income Continuous Operations": -9629000.0,
        "Tax Provision": -2466000.0,
        "Pretax Income": -12095000.0,
        "Other Income Expense": -1300000.0,
        "Other Non Operating Income Expenses": 545000.0,
        "Special Income Charges": -1845000.0,
        "Impairment Of Capital Assets": 0.0,
        "Restructuring And Mergern Acquisition": 1845000.0,
        "Net Non Operating Interest Income Expense": -10515000.0,
        "Interest Expense Non Operating": 10515000.0,
        "Operating Income": -280000.0,
        "Operating Expense": 45213000.0,
        "Other Operating Expenses": 2967000.0,
        "Depreciation Amortization Depletion Income Statement": 8453000.0,
        "Depreciation And Amortization In Income Statement": 8453000.0,
        "Amortization": 8453000.0,
        "Amortization Of Intangibles Income Statement": 8453000.0,
        "Selling General And Administration": 33793000.0,
        "Selling And Marketing Expense": 4758000.0,
        "General And Administrative Expense": 29035000.0,
        "Other Gand A": 29035000.0,
        "Gross Profit": 44933000.0,
        "Cost Of Revenue": 106530000.0,
        "Total Revenue": 151463000.0,
        "Operating Revenue": 151463000.0
    },
    "2022-12-31": {
        "Tax Effect Of Unusual Items": -10480480.0,
        "Tax Rate For Calcs": 0.155,
        "Normalized EBITDA": -11577000.0,
        "Total Unusual Items": -67616000.0,
        "Total Unusual Items Excluding Goodwill": -67616000.0,
        "Net Income From Continuing Operation Net Minority Interest": -87323000.0,
        "Reconciled Depreciation": 13263000.0,
        "Reconciled Cost Of Revenue": 96587000.0,
        "EBITDA": -79193000.0,
        "EBIT": -92456000.0,
        "Net Interest Income": -10450000.0,
        "Interest Expense": 10450000.0,
        "Normalized Income": -30187480.0,
        "Net Income From Continuing And Discontinued Operation": -87323000.0,
        "Total Expenses": 145716000.0,
        "Total Operating Income As Reported": -90578000.0,
        "Diluted NI Availto Com Stockholders": -87323000.0,
        "Net Income Common Stockholders": -87323000.0,
        "Net Income": -87323000.0,
        "Minority Interests": -391000.0,
        "Net Income Including Noncontrolling Interests": -86932000.0,
        "Net Income Continuous Operations": -86932000.0,
        "Tax Provision": 15974000.0,
        "Pretax Income": -102906000.0,
        "Other Income Expense": -69494000.0,
        "Other Non Operating Income Expenses": -1878000.0,
        "Special Income Charges": -67616000.0,
        "Impairment Of Capital Assets": 66367000.0,
        "Restructuring And Mergern Acquisition": 1249000.0,
        "Net Non Operating Interest Income Expense": -10450000.0,
        "Interest Expense Non Operating": 10450000.0,
        "Operating Income": -22962000.0,
        "Operating Expense": 44647000.0,
        "Other Operating Expenses": 2390000.0,
        "Depreciation Amortization Depletion Income Statement": 8781000.0,
        "Depreciation And Amortization In Income Statement": 8781000.0,
        "Amortization": 8781000.0,
        "Amortization Of Intangibles Income Statement": 8781000.0,
        "Selling General And Administration": 33476000.0,
        "Selling And Marketing Expense": 4507000.0,
        "General And Administrative Expense": 28969000.0,
        "Other Gand A": 28969000.0,
        "Gross Profit": 21685000.0,
        "Cost Of Revenue": 101069000.0,
        "Total Revenue": 122754000.0,
        "Operating Revenue": 122754000.0
    },
    "2022-09-30": {
        "Tax Effect Of Unusual Items": -8937994.676587,
        "Tax Rate For Calcs": 0.037872,
        "Normalized EBITDA": 9129000.0,
        "Total Unusual Items": -236005000.0,
        "Total Unusual Items Excluding Goodwill": -236005000.0,
        "Net Income From Continuing Operation Net Minority Interest": -244156000.0,
        "Reconciled Depreciation": 17457000.0,
        "Reconciled Cost Of Revenue": 103008000.0,
        "EBITDA": -226876000.0,
        "EBIT": -244333000.0,
        "Net Interest Income": -8888000.0,
        "Interest Expense": 8888000.0,
        "Normalized Income": -17088994.676587,
        "Net Income From Continuing And Discontinued Operation": -244156000.0,
        "Total Expenses": 156927000.0,
        "Total Operating Income As Reported": -242466000.0,
        "Diluted Average Shares": 25590000.0,
        "Basic Average Shares": 25590000.0,
        "Diluted EPS": -9.54,
        "Basic EPS": -9.54,
        "Diluted NI Availto Com Stockholders": -244156000.0,
        "Net Income Common Stockholders": -244156000.0,
        "Net Income": -244156000.0,
        "Minority Interests": -525000.0,
        "Net Income Including Noncontrolling Interests": -243631000.0,
        "Net Income Continuous Operations": -243631000.0,
        "Tax Provision": -9590000.0,
        "Pretax Income": -253221000.0,
        "Other Income Expense": -237872000.0,
        "Other Non Operating Income Expenses": -1867000.0,
        "Special Income Charges": -236005000.0,
        "Impairment Of Capital Assets": 236005000.0,
        "Restructuring And Mergern Acquisition": 5248000.0,
        "Net Non Operating Interest Income Expense": -8888000.0,
        "Interest Expense Non Operating": 8888000.0,
        "Operating Income": -6461000.0,
        "Operating Expense": 48686000.0,
        "Other Operating Expenses": 5814000.0,
        "Depreciation Amortization Depletion Income Statement": 12224000.0,
        "Depreciation And Amortization In Income Statement": 12224000.0,
        "Amortization": 12224000.0,
        "Amortization Of Intangibles Income Statement": 12224000.0,
        "Selling General And Administration": 30648000.0,
        "Selling And Marketing Expense": 4463000.0,
        "General And Administrative Expense": 26185000.0,
        "Other Gand A": 26185000.0,
        "Gross Profit": 42225000.0,
        "Cost Of Revenue": 108241000.0,
        "Total Revenue": 150466000.0,
        "Operating Revenue": 150466000.0
    },
    "2022-06-30": {
        "Tax Effect Of Unusual Items": 0.0,
        "Tax Rate For Calcs": 0.4,
        "Normalized EBITDA": 21228000.0,
        "Total Unusual Items": -8543000.0,
        "Total Unusual Items Excluding Goodwill": -8543000.0,
        "Net Income From Continuing Operation Net Minority Interest": -3728000.0,
        "Reconciled Depreciation": 16001000.0,
        "Reconciled Cost Of Revenue": 114583000.0,
        "EBITDA": 21228000.0,
        "EBIT": 5227000.0,
        "Net Interest Income": -8441000.0,
        "Interest Expense": 8441000.0,
        "Normalized Income": -3728000.0,
        "Net Income From Continuing And Discontinued Operation": -3728000.0,
        "Total Expenses": 167879000.0,
        "Total Operating Income As Reported": 4787000.0,
        "Diluted Average Shares": 25510000.0,
        "Basic Average Shares": 25510000.0,
        "Diluted EPS": -0.15,
        "Basic EPS": -0.15,
        "Diluted NI Availto Com Stockholders": -3728000.0,
        "Net Income Common Stockholders": -3728000.0,
        "Net Income": -3728000.0,
        "Minority Interests": -172000.0,
        "Net Income Including Noncontrolling Interests": -3556000.0,
        "Net Income Continuous Operations": -3556000.0,
        "Tax Provision": 342000.0,
        "Pretax Income": -3214000.0,
        "Other Income Expense": 440000.0,
        "Other Non Operating Income Expenses": 440000.0,
        "Special Income Charges": -8543000.0,
        "Impairment Of Capital Assets": NaN,
        "Restructuring And Mergern Acquisition": 8543000.0,
        "Net Non Operating Interest Income Expense": -8441000.0,
        "Interest Expense Non Operating": 8441000.0,
        "Operating Income": 4787000.0,
        "Operating Expense": 46149000.0,
        "Other Operating Expenses": 10841000.0,
        "Depreciation Amortization Depletion Income Statement": 8854000.0,
        "Depreciation And Amortization In Income Statement": 8854000.0,
        "Amortization": 8854000.0,
        "Amortization Of Intangibles Income Statement": 8854000.0,
        "Selling General And Administration": 26454000.0,
        "Selling And Marketing Expense": 4802000.0,
        "General And Administrative Expense": 21652000.0,
        "Other Gand A": 21652000.0,
        "Gross Profit": 50936000.0,
        "Cost Of Revenue": 121730000.0,
        "Total Revenue": 172666000.0,
        "Operating Revenue": 172666000.0
    },
    "2022-03-31": {
        "Diluted EPS": -0.24,
        "Total Revenue": 140,
        "Gross Profit": 45,
        "Operating Income": 8,
        "EBIT": 19,
        "Net Income": -6
    },
    "2021-12-31": {
        "Diluted EPS": -3.93,
        "Total Revenue": 84,
        "Gross Profit": 19,
        "Operating Income": -34,
        "EBIT": -28,
        "Net Income": -83
    },
    "2021-09-30": {
        "Diluted EPS": 0.11,
        "Total Revenue": 30,
        "Gross Profit": 10,
        "Operating Income": -3,
        "EBIT": -1,
        "Net Income": 9
    },
    "2021-06-30": {
        "Diluted EPS": 0.17,
        "Total Revenue": 23,
        "Gross Profit": 8,
        "Operating Income": -2,
        "EBIT": 0,
        "Net Income": 3
    },
    "2021-03-31": {
        "Diluted EPS": -0.06,
        "Total Revenue": 19,
        "Gross Profit": 6,
        "Operating Income": -1,
        "EBIT": 1,
        "Net Income": -1
    },
    "2020-12-31": {
        "Diluted EPS": -0.03,
        "Total Revenue": 18,
        "Gross Profit": 6,
        "Operating Income": 0,
        "EBIT": 1,
        "Net Income": 0
    },
    "2020-09-30": {
        "Diluted EPS": -0.17,
        "Total Revenue": 16,
        "Gross Profit": 5,
        "Operating Income": -1,
        "EBIT": 0,
        "Net Income": -2
    },
    "2020-06-30": {
        "Diluted EPS": -0.08,
        "Total Revenue": 16,
        "Gross Profit": 5,
        "Operating Income": 0,
        "EBIT": 1,
        "Net Income": -1
    },
    "2020-03-31": {
        "Diluted EPS": -0.05,
        "Total Revenue": 16,
        "Gross Profit": 5,
        "Operating Income": 0,
        "EBIT": 1,
        "Net Income": -1
    },
    "2019-12-31": {
        "Diluted EPS": -0.13,
        "Total Revenue": 13,
        "Gross Profit": 3,
        "Operating Income": -1,
        "EBIT": 0,
        "Net Income": -1
    },
    "2019-09-30": {
        "Diluted EPS": 0.03,
        "Total Revenue": 15,
        "Gross Profit": 6,
        "Operating Income": 1,
        "EBIT": 1,
        "Net Income": 0
    },
    "2019-06-30": {
        "Diluted EPS": -0.04,
        "Total Revenue": 11,
        "Gross Profit": 3,
        "Operating Income": 0,
        "EBIT": 0,
        "Net Income": 0
    },
    "2019-03-31": {
        "Diluted EPS": -0.06,
        "Total Revenue": 9,
        "Gross Profit": 3,
        "Operating Income": 0,
        "EBIT": 0,
        "Net Income": -1
    },
    "2018-12-31": {
        "Diluted EPS": -0.01,
        "Total Revenue": 9,
        "Gross Profit": 2,
        "Operating Income": 0,
        "EBIT": 1,
        "Net Income": 0
    },
    "2018-09-30": {
        "Diluted EPS": -0.02,
        "Total Revenue": 9,
        "Gross Profit": 3,
        "Operating Income": 0,
        "EBIT": 1,
        "Net Income": 0
    },
    "2018-06-30": {
        "Diluted EPS": -0.01,
        "Total Revenue": 6,
        "Gross Profit": 2,
        "Operating Income": 0,
        "EBIT": 0,
        "Net Income": 0
    },
    "2018-03-31": {
        "Diluted EPS": 0.01,
        "Total Revenue": 6,
        "Gross Profit": 2,
        "Operating Income": 0,
        "EBIT": 0,
        "Net Income": 0
    },
    "2017-12-31": {
        "Diluted EPS": 0.0,
        "Total Revenue": 5,
        "Gross Profit": 2,
        "Operating Income": 0,
        "EBIT": 0,
        "Net Income": 0
    },
    "2017-09-30": {
        "Diluted EPS": 0.02,
        "Total Revenue": 6,
        "Gross Profit": 2,
        "Operating Income": 0,
        "EBIT": 1,
        "Net Income": 0
    },
    "2017-06-30": {
        "Diluted EPS": 0.03,
        "Total Revenue": 6,
        "Gross Profit": 2,
        "Operating Income": 0,
        "EBIT": 1,
        "Net Income": 0
    },
    "2017-03-31": {
        "Diluted EPS": 0.05,
        "Total Revenue": 6,
        "Gross Profit": 2,
        "Operating Income": 1,
        "EBIT": 1,
        "Net Income": 0
    },
    "2016-12-31": {
        "Diluted EPS": 0.0,
        "Total Revenue": 6,
        "Gross Profit": 2,
        "Operating Income": 0,
        "EBIT": 0,
        "Net Income": 0
    },
    "2016-09-30": {
        "Diluted EPS": -0.26,
        "Total Revenue": 5,
        "Gross Profit": 1,
        "Operating Income": -2,
        "EBIT": 0,
        "Net Income": -2
    },
    "2016-06-30": {
        "Diluted EPS": -0.05,
        "Total Revenue": 5,
        "Gross Profit": 1,
        "Operating Income": 0,
        "EBIT": 0,
        "Net Income": 0
    },
    "2016-03-31": {
        "Diluted EPS": -0.03,
        "Total Revenue": 5,
        "Gross Profit": 1,
        "Operating Income": 0,
        "EBIT": 0,
        "Net Income": 0
    },
    "2015-12-31": {
        "Diluted EPS": -0.06,
        "Total Revenue": 5,
        "Gross Profit": 1,
        "Operating Income": -1,
        "EBIT": 0,
        "Net Income": -1
    },
    "2015-09-30": {
        "Diluted EPS": -0.09,
        "Total Revenue": 5,
        "Gross Profit": 1,
        "Operating Income": -1,
        "EBIT": 0,
        "Net Income": -1
    },
    "2015-06-30": {
        "Diluted EPS": 0.16,
        "Total Revenue": 6,
        "Gross Profit": 2,
        "Operating Income": 2,
        "EBIT": 2,
        "Net Income": 1
    },
    "2015-03-31": {
        "Diluted EPS": -0.01,
        "Total Revenue": 6,
        "Gross Profit": 2,
        "Operating Income": 0,
        "EBIT": 0,
        "Net Income": 0
    },
    "2014-12-31": {
        "Diluted EPS": 0.01,
        "Total Revenue": 6,
        "Gross Profit": 2,
        "Operating Income": 0,
        "EBIT": 1,
        "Net Income": 0
    },
    "2014-09-30": {
        "Diluted EPS": -0.03,
        "Total Revenue": 6,
        "Gross Profit": 2,
        "Operating Income": 0,
        "EBIT": 0,
        "Net Income": 0
    },
    "2014-06-30": {
        "Diluted EPS": 0.02,
        "Total Revenue": 6,
        "Gross Profit": 2,
        "Operating Income": 0,
        "EBIT": 1,
        "Net Income": 0
    },
    "2014-03-31": {
        "Diluted EPS": -0.03,
        "Total Revenue": 6,
        "Gross Profit": 2,
        "Operating Income": 0,
        "EBIT": 1,
        "Net Income": 0
    },
    "2013-12-31": {
        "Diluted EPS": -0.09,
        "Total Revenue": 6,
        "Gross Profit": 2,
        "Operating Income": 0,
        "EBIT": 1,
        "Net Income": -1
    },
    "2013-09-30": {
        "Diluted EPS": 0.03,
        "Total Revenue": 6,
        "Gross Profit": 2,
        "Operating Income": 0,
        "EBIT": 1,
        "Net Income": 0
    },
    "2013-06-30": {
        "Diluted EPS": 0.07,
        "Total Revenue": 6,
        "Gross Profit": 2,
        "Operating Income": 0,
        "EBIT": 1,
        "Net Income": 1
    },
    "2013-03-31": {
        "Diluted EPS": -0.04,
        "Total Revenue": 5,
        "Gross Profit": 1,
        "Operating Income": 0,
        "EBIT": 0,
        "Net Income": 0
    },
    "2012-12-31": {
        "Diluted EPS": 0.03,
        "Total Revenue": 6,
        "Gross Profit": 2,
        "Operating Income": 0,
        "EBIT": 1,
        "Net Income": 0
    },
    "2012-09-30": {
        "Diluted EPS": -0.37,
        "Total Revenue": 7,
        "Gross Profit": 2,
        "Operating Income": -2,
        "EBIT": -2,
        "Net Income": -3
    },
    "2012-06-30": {
        "Diluted EPS": -0.03,
        "Total Revenue": 7,
        "Gross Profit": 2,
        "Operating Income": -1,
        "EBIT": 0,
        "Net Income": 0
    },
    "2012-03-31": {
        "Diluted EPS": -0.26,
        "Total Revenue": 7,
        "Gross Profit": 1,
        "Operating Income": -2,
        "EBIT": -1,
        "Net Income": -2
    },
    "2011-12-31": {
        "Diluted EPS": -0.22,
        "Total Revenue": 8,
        "Gross Profit": 1,
        "Operating Income": -1,
        "EBIT": -1,
        "Net Income": -2
    },
    "2011-09-30": {
        "Diluted EPS": -0.17,
        "Total Revenue": 8,
        "Gross Profit": 2,
        "Operating Income": 0,
        "EBIT": 0,
        "Net Income": -1
    },
    "2011-06-30": {
        "Diluted EPS": -0.65,
        "Total Revenue": 8,
        "Gross Profit": 3,
        "Operating Income": 0,
        "EBIT": 1,
        "Net Income": -4
    },
    "2011-03-31": {
        "Diluted EPS": 0.1,
        "Total Revenue": 8,
        "Gross Profit": 3,
        "Operating Income": 1,
        "EBIT": 1,
        "Net Income": 0
    },
    "2010-12-31": {
        "Diluted EPS": 0.06,
        "Total Revenue": 8,
        "Gross Profit": 3,
        "Operating Income": 1,
        "EBIT": 1,
        "Net Income": 0
    },
    "2010-09-30": {
        "Diluted EPS": -0.06,
        "Total Revenue": 7,
        "Gross Profit": 2,
        "Operating Income": 0,
        "EBIT": 1,
        "Net Income": 0
    },
    "2010-06-30": {
        "Diluted EPS": 0.06,
        "Total Revenue": 8,
        "Gross Profit": 3,
        "Operating Income": 1,
        "EBIT": 1,
        "Net Income": 0
    },
    "2010-03-31": {
        "Diluted EPS": -0.25,
        "Total Revenue": 7,
        "Gross Profit": 1,
        "Operating Income": -1,
        "EBIT": -1,
        "Net Income": -1
    },
    "2009-12-31": {
        "Diluted EPS": -0.3,
        "Total Revenue": 6,
        "Gross Profit": 1,
        "Operating Income": -1,
        "EBIT": -1,
        "Net Income": -1
    },
    "2009-09-30": {
        "Diluted EPS": -0.29,
        "Total Revenue": 9,
        "Gross Profit": 3,
        "Operating Income": 0,
        "EBIT": 1,
        "Net Income": -1
    },
    "2009-06-30": {
        "Diluted EPS": -0.13,
        "Total Revenue": 8,
        "Gross Profit": 2,
        "Operating Income": -1,
        "EBIT": 0,
        "Net Income": -1
    },
    "2009-03-31": {
        "Diluted EPS": -0.37,
        "Total Revenue": 7,
        "Gross Profit": 1,
        "Operating Income": -2,
        "EBIT": -2,
        "Net Income": -2
    },
    "2023-06-30": {
        "Tax Effect Of Unusual Items": -295680.0,
        "Tax Rate For Calcs": 0.21,
        "Normalized EBITDA": 24043000.0,
        "Total Unusual Items": -1408000.0,
        "Total Unusual Items Excluding Goodwill": -1408000.0,
        "Net Income From Continuing Operation Net Minority Interest": 1840000.0,
        "Reconciled Depreciation": 13864000.0,
        "Reconciled Cost Of Revenue": 97197000.0,
        "EBITDA": 22635000.0,
        "EBIT": 8771000.0,
        "Net Interest Income": -10786000.0,
        "Interest Expense": 10786000.0,
        "Normalized Income": 2952320.0,
        "Net Income From Continuing And Discontinued Operation": 1840000.0,
        "Total Expenses": 147277000.0,
        "Total Operating Income As Reported": 8783000.0,
        "Diluted NI Availto Com Stockholders": 1840000.0,
        "Net Income Common Stockholders": 1840000.0,
        "Net Income": 1840000.0,
        "Minority Interests": 1475000.0,
        "Net Income Including Noncontrolling Interests": 365000.0,
        "Net Income Continuous Operations": 365000.0,
        "Tax Provision": -2380000.0,
        "Pretax Income": -2015000.0,
        "Other Income Expense": -1420000.0,
        "Other Non Operating Income Expenses": -12000.0,
        "Special Income Charges": -1408000.0,
        "Impairment Of Capital Assets": 0.0,
        "Restructuring And Mergern Acquisition": 1408000.0,
        "Net Non Operating Interest Income Expense": -10786000.0,
        "Interest Expense Non Operating": 10786000.0,
        "Operating Income": 10191000.0,
        "Operating Expense": 44933000.0,
        "Other Operating Expenses": 4853000.0,
        "Depreciation Amortization Depletion Income Statement": 8717000.0,
        "Depreciation And Amortization In Income Statement": 8717000.0,
        "Amortization": 8717000.0,
        "Amortization Of Intangibles Income Statement": 8717000.0,
        "Selling General And Administration": 31363000.0,
        "Selling And Marketing Expense": 4793000.0,
        "General And Administrative Expense": 26570000.0,
        "Other Gand A": 26570000.0,
        "Gross Profit": 55124000.0,
        "Cost Of Revenue": 102344000.0,
        "Total Revenue": 157468000.0,
        "Operating Revenue": 157468000.0
    },
    "2023-09-30": {
        "Tax Effect Of Unusual Items": -283710.0,
        "Tax Rate For Calcs": 0.21,
        "Normalized EBITDA": 19993000.0,
        "Total Unusual Items": -1351000.0,
        "Total Unusual Items Excluding Goodwill": -1351000.0,
        "Net Income From Continuing Operation Net Minority Interest": -9663000.0,
        "Reconciled Depreciation": 14600000.0,
        "Reconciled Cost Of Revenue": 91169000.0,
        "EBITDA": 18642000.0,
        "EBIT": 4042000.0,
        "Net Interest Income": -11268000.0,
        "Interest Expense": 11268000.0,
        "Normalized Income": -8595710.0,
        "Net Income From Continuing And Discontinued Operation": -9663000.0,
        "Total Expenses": 136929000.0,
        "Total Operating Income As Reported": 2460000.0,
        "Diluted NI Availto Com Stockholders": -9663000.0,
        "Net Income Common Stockholders": -9663000.0,
        "Net Income": -9663000.0,
        "Minority Interests": -957000.0,
        "Net Income Including Noncontrolling Interests": -8706000.0,
        "Net Income Continuous Operations": -8706000.0,
        "Tax Provision": 1480000.0,
        "Pretax Income": -7226000.0,
        "Other Income Expense": 231000.0,
        "Other Non Operating Income Expenses": 1582000.0,
        "Special Income Charges": -1351000.0,
        "Impairment Of Capital Assets": 0.0,
        "Restructuring And Mergern Acquisition": 1351000.0,
        "Net Non Operating Interest Income Expense": -11268000.0,
        "Interest Expense Non Operating": 11268000.0,
        "Operating Income": 3811000.0,
        "Operating Expense": 39890000.0,
        "Other Operating Expenses": 2474000.0,
        "Depreciation Amortization Depletion Income Statement": 8730000.0,
        "Depreciation And Amortization In Income Statement": 8730000.0,
        "Amortization": 8730000.0,
        "Amortization Of Intangibles Income Statement": 8730000.0,
        "Selling General And Administration": 28686000.0,
        "Selling And Marketing Expense": 5033000.0,
        "General And Administrative Expense": 23653000.0,
        "Other Gand A": 23653000.0,
        "Gross Profit": 43701000.0,
        "Cost Of Revenue": 97039000.0,
        "Total Revenue": 140740000.0,
        "Operating Revenue": 140740000.0
    }
}