{
    "2023-06-30": {
        "Tax Effect Of Unusual Items": 0.0,
        "Tax Rate For Calcs": 0.21,
        "Normalized EBITDA": 5661000.0,
        "Total Unusual Items": NaN,
        "Total Unusual Items Excluding Goodwill": NaN,
        "Net Income From Continuing Operation Net Minority Interest": -86091000.0,
        "Reconciled Depreciation": 42312000.0,
        "Reconciled Cost Of Revenue": 88259000.0,
        "EBITDA": 5661000.0,
        "EBIT": -36651000.0,
        "Net Interest Income": -30655000.0,
        "Interest Expense": 56947000.0,
        "Interest Income": 26292000.0,
        "Normalized Income": -86091000.0,
        "Net Income From Continuing And Discontinued Operation": -86091000.0,
        "Total Expenses": 226148000.0,
        "Total Operating Income As Reported": -59771000.0,
        "Diluted Average Shares": 116236741.0,
        "Basic Average Shares": 116236741.0,
        "Diluted EPS": -0.74,
        "Basic EPS": -0.74,
        "Diluted NI Availto Com Stockholders": -86091000.0,
        "Net Income Common Stockholders": -86091000.0,
        "Net Income": -86091000.0,
        "Minority Interests": 14690000.0,
        "Net Income Including Noncontrolling Interests": -100781000.0,
        "Net Income Continuous Operations": -100781000.0,
        "Tax Provision": 7183000.0,
        "Pretax Income": -93598000.0,
        "Other Income Expense": -3172000.0,
        "Other Non Operating Income Expenses": -3172000.0,
        "Special Income Charges": NaN,
        "Net Non Operating Interest Income Expense": -30655000.0,
        "Interest Expense Non Operating": 56947000.0,
        "Interest Income Non Operating": 26292000.0,
        "Operating Income": -59771000.0,
        "Operating Expense": 137889000.0,
        "Other Operating Expenses": 36505000.0,
        "Selling General And Administration": 101384000.0,
        "General And Administrative Expense": 101384000.0,
        "Other Gand A": 101384000.0,
        "Gross Profit": 78118000.0,
        "Cost Of Revenue": 88259000.0,
        "Total Revenue": 166377000.0,
        "Operating Revenue": 164678000.0
    },
    "2023-03-31": {
        "Tax Effect Of Unusual Items": 0.0,
        "Tax Rate For Calcs": 0.0,
        "Normalized EBITDA": 15550000.0,
        "Total Unusual Items": NaN,
        "Total Unusual Items Excluding Goodwill": NaN,
        "Net Income From Continuing Operation Net Minority Interest": -81083000.0,
        "Reconciled Depreciation": 39779000.0,
        "Reconciled Cost Of Revenue": 99200000.0,
        "EBITDA": 15550000.0,
        "EBIT": -24229000.0,
        "Net Interest Income": -60819000.0,
        "Interest Expense": 85607000.0,
        "Interest Income": 24788000.0,
        "Normalized Income": -81083000.0,
        "Net Income From Continuing And Discontinued Operation": -81083000.0,
        "Total Expenses": 210477000.0,
        "Total Operating Income As Reported": -48781000.0,
        "Diluted Average Shares": 115073975.0,
        "Basic Average Shares": 115073975.0,
        "Diluted EPS": -0.7,
        "Basic EPS": -0.7,
        "Diluted NI Availto Com Stockholders": -81083000.0,
        "Net Income Common Stockholders": -81083000.0,
        "Net Income": -81083000.0,
        "Minority Interests": 29263000.0,
        "Net Income Including Noncontrolling Interests": -110346000.0,
        "Net Income Continuous Operations": -110346000.0,
        "Tax Provision": 510000.0,
        "Pretax Income": -109836000.0,
        "Other Income Expense": -236000.0,
        "Other Non Operating Income Expenses": -236000.0,
        "Special Income Charges": NaN,
        "Net Non Operating Interest Income Expense": -60819000.0,
        "Interest Expense Non Operating": 85607000.0,
        "Interest Income Non Operating": 24788000.0,
        "Operating Income": -48781000.0,
        "Operating Expense": 111277000.0,
        "Other Operating Expenses": 10016000.0,
        "Selling General And Administration": 101261000.0,
        "General And Administrative Expense": 101261000.0,
        "Other Gand A": 101261000.0,
        "Gross Profit": 62496000.0,
        "Cost Of Revenue": 99200000.0,
        "Total Revenue": 161696000.0,
        "Operating Revenue": 160734000.0
    },
    "2022-12-31": {
        "Tax Effect Of Unusual Items": NaN,
        "Tax Rate For Calcs": NaN,
        "Normalized EBITDA": NaN,
        "Total Unusual Items": 0.0,
        "Total Unusual Items Excluding Goodwill": 0.0,
        "Net Income From Continuing Operation Net Minority Interest": NaN,
        "Reconciled Depreciation": NaN,
        "Reconciled Cost Of Revenue": NaN,
        "EBITDA": NaN,
        "EBIT": NaN,
        "Net Interest Income": NaN,
        "Interest Expense": NaN,
        "Interest Income": NaN,
        "Normalized Income": NaN,
        "Net Income From Continuing And Discontinued Operation": NaN,
        "Total Expenses": NaN,
        "Total Operating Income As Reported": NaN,
        "Diluted Average Shares": 114919237.0,
        "Basic Average Shares": 114919237.0,
        "Diluted EPS": -0.18,
        "Basic EPS": -0.18,
        "Diluted NI Availto Com Stockholders": NaN,
        "Net Income Common Stockholders": NaN,
        "Net Income": NaN,
        "Minority Interests": NaN,
        "Net Income Including Noncontrolling Interests": NaN,
        "Net Income Continuous Operations": NaN,
        "Tax Provision": NaN,
        "Pretax Income": NaN,
        "Other Income Expense": NaN,
        "Other Non Operating Income Expenses": NaN,
        "Special Income Charges": 0.0,
        "Net Non Operating Interest Income Expense": NaN,
        "Interest Expense Non Operating": NaN,
        "Interest Income Non Operating": NaN,
        "Operating Income": NaN,
        "Operating Expense": NaN,
        "Other Operating Expenses": NaN,
        "Selling General And Administration": NaN,
        "General And Administrative Expense": NaN,
        "Other Gand A": NaN,
        "Gross Profit": NaN,
        "Cost Of Revenue": NaN,
        "Total Revenue": NaN,
        "Operating Revenue": NaN
    },
    "2022-09-30": {
        "Tax Effect Of Unusual Items": NaN,
        "Tax Rate For Calcs": NaN,
        "Normalized EBITDA": NaN,
        "Total Unusual Items": 0.0,
        "Total Unusual Items Excluding Goodwill": 0.0,
        "Net Income From Continuing Operation Net Minority Interest": NaN,
        "Reconciled Depreciation": NaN,
        "Reconciled Cost Of Revenue": NaN,
        "EBITDA": NaN,
        "EBIT": NaN,
        "Net Interest Income": NaN,
        "Interest Expense": NaN,
        "Interest Income": NaN,
        "Normalized Income": NaN,
        "Net Income From Continuing And Discontinued Operation": NaN,
        "Total Expenses": NaN,
        "Total Operating Income As Reported": NaN,
        "Diluted Average Shares": NaN,
        "Basic Average Shares": NaN,
        "Diluted EPS": NaN,
        "Basic EPS": NaN,
        "Diluted NI Availto Com Stockholders": NaN,
        "Net Income Common Stockholders": NaN,
        "Net Income": NaN,
        "Minority Interests": NaN,
        "Net Income Including Noncontrolling Interests": NaN,
        "Net Income Continuous Operations": NaN,
        "Tax Provision": NaN,
        "Pretax Income": NaN,
        "Other Income Expense": NaN,
        "Other Non Operating Income Expenses": NaN,
        "Special Income Charges": 0.0,
        "Net Non Operating Interest Income Expense": NaN,
        "Interest Expense Non Operating": NaN,
        "Interest Income Non Operating": NaN,
        "Operating Income": NaN,
        "Operating Expense": NaN,
        "Other Operating Expenses": NaN,
        "Selling General And Administration": NaN,
        "General And Administrative Expense": NaN,
        "Other Gand A": NaN,
        "Gross Profit": NaN,
        "Cost Of Revenue": NaN,
        "Total Revenue": NaN,
        "Operating Revenue": NaN
    },
    "2022-06-30": {
        "Tax Effect Of Unusual Items": 0.0,
        "Tax Rate For Calcs": 0.0,
        "Normalized EBITDA": 43918000.0,
        "Total Unusual Items": 0.0,
        "Total Unusual Items Excluding Goodwill": 0.0,
        "Net Income From Continuing Operation Net Minority Interest": -37003000.0,
        "Reconciled Depreciation": 33178000.0,
        "Reconciled Cost Of Revenue": 82119000.0,
        "EBITDA": 43918000.0,
        "EBIT": 10740000.0,
        "Net Interest Income": -7126000.0,
        "Interest Expense": 20437000.0,
        "Interest Income": 13311000.0,
        "Normalized Income": -37003000.0,
        "Net Income From Continuing And Discontinued Operation": -37003000.0,
        "Total Expenses": 149743000.0,
        "Total Operating Income As Reported": -2731000.0,
        "Diluted Average Shares": 114548970.0,
        "Basic Average Shares": 114548970.0,
        "Diluted EPS": -0.36,
        "Basic EPS": -0.36,
        "Diluted NI Availto Com Stockholders": -37003000.0,
        "Net Income Common Stockholders": -37003000.0,
        "Net Income": -37003000.0,
        "Minority Interests": -27306000.0,
        "Net Income Including Noncontrolling Interests": -9697000.0,
        "Net Income Continuous Operations": -9697000.0,
        "Tax Provision": 0.0,
        "Pretax Income": -9697000.0,
        "Other Income Expense": 160000.0,
        "Other Non Operating Income Expenses": 160000.0,
        "Special Income Charges": 0.0,
        "Net Non Operating Interest Income Expense": -7126000.0,
        "Interest Expense Non Operating": 20437000.0,
        "Interest Income Non Operating": 13311000.0,
        "Operating Income": -2731000.0,
        "Operating Expense": 67624000.0,
        "Other Operating Expenses": -618000.0,
        "Selling General And Administration": 68242000.0,
        "General And Administrative Expense": 68242000.0,
        "Other Gand A": 68242000.0,
        "Gross Profit": 64893000.0,
        "Cost Of Revenue": 82119000.0,
        "Total Revenue": 147012000.0,
        "Operating Revenue": 143724000.0
    },
    "2023-04-30": {
        "Diluted EPS": 1.27,
        "Total Revenue": NaN,
        "Gross Profit": NaN,
        "Operating Income": NaN,
        "EBIT": NaN,
        "Net Income": NaN
    },
    "2023-01-31": {
        "Diluted EPS": 1.01,
        "Total Revenue": NaN,
        "Gross Profit": NaN,
        "Operating Income": NaN,
        "EBIT": NaN,
        "Net Income": NaN
    },
    "2022-10-31": {
        "Diluted EPS": 1.19,
        "Total Revenue": NaN,
        "Gross Profit": NaN,
        "Operating Income": NaN,
        "EBIT": NaN,
        "Net Income": NaN
    },
    "2022-07-31": {
        "Diluted EPS": 1.62,
        "Total Revenue": NaN,
        "Gross Profit": NaN,
        "Operating Income": NaN,
        "EBIT": NaN,
        "Net Income": NaN
    },
    "2022-04-30": {
        "Diluted EPS": 1.71,
        "Total Revenue": NaN,
        "Gross Profit": NaN,
        "Operating Income": NaN,
        "EBIT": NaN,
        "Net Income": NaN
    },
    "2022-01-31": {
        "Diluted EPS": 1.69,
        "Total Revenue": NaN,
        "Gross Profit": NaN,
        "Operating Income": NaN,
        "EBIT": NaN,
        "Net Income": NaN
    },
    "2021-10-31": {
        "Diluted EPS": 1.57,
        "Total Revenue": NaN,
        "Gross Profit": NaN,
        "Operating Income": NaN,
        "EBIT": NaN,
        "Net Income": NaN
    },
    "2021-07-31": {
        "Diluted EPS": 1.62,
        "Total Revenue": NaN,
        "Gross Profit": NaN,
        "Operating Income": NaN,
        "EBIT": NaN,
        "Net Income": NaN
    },
    "2021-04-30": {
        "Diluted EPS": 1.49,
        "Total Revenue": NaN,
        "Gross Profit": NaN,
        "Operating Income": NaN,
        "EBIT": NaN,
        "Net Income": NaN
    },
    "2021-01-31": {
        "Diluted EPS": 1.45,
        "Total Revenue": NaN,
        "Gross Profit": NaN,
        "Operating Income": NaN,
        "EBIT": NaN,
        "Net Income": NaN
    },
    "2020-10-31": {
        "Diluted EPS": 1.04,
        "Total Revenue": NaN,
        "Gross Profit": NaN,
        "Operating Income": NaN,
        "EBIT": NaN,
        "Net Income": NaN
    },
    "2020-07-31": {
        "Diluted EPS": 0.78,
        "Total Revenue": NaN,
        "Gross Profit": NaN,
        "Operating Income": NaN,
        "EBIT": NaN,
        "Net Income": 974
    },
    "2020-04-30": {
        "Diluted EPS": 0.73,
        "Total Revenue": NaN,
        "Gross Profit": NaN,
        "Operating Income": NaN,
        "EBIT": NaN,
        "Net Income": 904
    },
    "2020-01-31": {
        "Diluted EPS": 1.4,
        "Total Revenue": NaN,
        "Gross Profit": NaN,
        "Operating Income": NaN,
        "EBIT": NaN,
        "Net Income": NaN
    },
    "2019-10-31": {
        "Diluted EPS": 1.34,
        "Total Revenue": NaN,
        "Gross Profit": NaN,
        "Operating Income": NaN,
        "EBIT": NaN,
        "Net Income": NaN
    },
    "2019-07-31": {
        "Diluted EPS": 1.1,
        "Total Revenue": NaN,
        "Gross Profit": NaN,
        "Operating Income": NaN,
        "EBIT": NaN,
        "Net Income": NaN
    },
    "2019-04-30": {
        "Diluted EPS": 1.3,
        "Total Revenue": NaN,
        "Gross Profit": NaN,
        "Operating Income": NaN,
        "EBIT": NaN,
        "Net Income": NaN
    },
    "2019-01-31": {
        "Diluted EPS": 1.28,
        "Total Revenue": NaN,
        "Gross Profit": NaN,
        "Operating Income": NaN,
        "EBIT": NaN,
        "Net Income": NaN
    },
    "2018-10-31": {
        "Diluted EPS": 1.31,
        "Total Revenue": NaN,
        "Gross Profit": NaN,
        "Operating Income": NaN,
        "EBIT": NaN,
        "Net Income": NaN
    },
    "2018-07-31": {
        "Diluted EPS": 1.19,
        "Total Revenue": NaN,
        "Gross Profit": NaN,
        "Operating Income": NaN,
        "EBIT": NaN,
        "Net Income": NaN
    },
    "2018-04-30": {
        "Diluted EPS": 1.33,
        "Total Revenue": NaN,
        "Gross Profit": NaN,
        "Operating Income": NaN,
        "EBIT": NaN,
        "Net Income": NaN
    },
    "2018-01-31": {
        "Diluted EPS": 1.47,
        "Total Revenue": NaN,
        "Gross Profit": NaN,
        "Operating Income": NaN,
        "EBIT": NaN,
        "Net Income": NaN
    },
    "2017-10-31": {
        "Diluted EPS": 1.31,
        "Total Revenue": NaN,
        "Gross Profit": NaN,
        "Operating Income": NaN,
        "EBIT": NaN,
        "Net Income": NaN
    },
    "2017-07-31": {
        "Diluted EPS": 1.26,
        "Total Revenue": NaN,
        "Gross Profit": NaN,
        "Operating Income": NaN,
        "EBIT": NaN,
        "Net Income": NaN
    },
    "2017-04-30": {
        "Diluted EPS": 1.22,
        "Total Revenue": NaN,
        "Gross Profit": NaN,
        "Operating Income": NaN,
        "EBIT": NaN,
        "Net Income": NaN
    },
    "2017-01-31": {
        "Diluted EPS": 1.18,
        "Total Revenue": NaN,
        "Gross Profit": NaN,
        "Operating Income": NaN,
        "EBIT": NaN,
        "Net Income": NaN
    },
    "2016-10-31": {
        "Diluted EPS": 1.2,
        "Total Revenue": NaN,
        "Gross Profit": NaN,
        "Operating Income": NaN,
        "EBIT": NaN,
        "Net Income": NaN
    },
    "2016-07-31": {
        "Diluted EPS": 1.19,
        "Total Revenue": NaN,
        "Gross Profit": NaN,
        "Operating Income": NaN,
        "EBIT": NaN,
        "Net Income": NaN
    },
    "2016-04-30": {
        "Diluted EPS": 0.93,
        "Total Revenue": NaN,
        "Gross Profit": NaN,
        "Operating Income": NaN,
        "EBIT": NaN,
        "Net Income": NaN
    },
    "2016-01-31": {
        "Diluted EPS": 1.04,
        "Total Revenue": NaN,
        "Gross Profit": NaN,
        "Operating Income": NaN,
        "EBIT": NaN,
        "Net Income": NaN
    },
    "2015-10-31": {
        "Diluted EPS": 1.1,
        "Total Revenue": NaN,
        "Gross Profit": NaN,
        "Operating Income": NaN,
        "EBIT": NaN,
        "Net Income": NaN
    },
    "2015-07-31": {
        "Diluted EPS": 1.16,
        "Total Revenue": NaN,
        "Gross Profit": NaN,
        "Operating Income": NaN,
        "EBIT": NaN,
        "Net Income": NaN
    },
    "2015-04-30": {
        "Diluted EPS": 1.14,
        "Total Revenue": NaN,
        "Gross Profit": NaN,
        "Operating Income": NaN,
        "EBIT": NaN,
        "Net Income": NaN
    },
    "2015-01-31": {
        "Diluted EPS": 1.08,
        "Total Revenue": NaN,
        "Gross Profit": NaN,
        "Operating Income": NaN,
        "EBIT": NaN,
        "Net Income": NaN
    },
    "2014-10-31": {
        "Diluted EPS": 0.97,
        "Total Revenue": NaN,
        "Gross Profit": NaN,
        "Operating Income": NaN,
        "EBIT": NaN,
        "Net Income": NaN
    },
    "2014-07-31": {
        "Diluted EPS": 1.69,
        "Total Revenue": NaN,
        "Gross Profit": NaN,
        "Operating Income": NaN,
        "EBIT": NaN,
        "Net Income": NaN
    },
    "2014-04-30": {
        "Diluted EPS": 1.28,
        "Total Revenue": NaN,
        "Gross Profit": NaN,
        "Operating Income": NaN,
        "EBIT": NaN,
        "Net Income": NaN
    },
    "2014-01-31": {
        "Diluted EPS": 1.19,
        "Total Revenue": NaN,
        "Gross Profit": NaN,
        "Operating Income": NaN,
        "EBIT": NaN,
        "Net Income": NaN
    },
    "2013-10-31": {
        "Diluted EPS": 1.22,
        "Total Revenue": NaN,
        "Gross Profit": NaN,
        "Operating Income": NaN,
        "EBIT": NaN,
        "Net Income": NaN
    },
    "2013-07-31": {
        "Diluted EPS": 1.3,
        "Total Revenue": NaN,
        "Gross Profit": NaN,
        "Operating Income": NaN,
        "EBIT": NaN,
        "Net Income": NaN
    },
    "2013-04-30": {
        "Diluted EPS": 1.19,
        "Total Revenue": NaN,
        "Gross Profit": NaN,
        "Operating Income": NaN,
        "EBIT": NaN,
        "Net Income": NaN
    },
    "2013-01-31": {
        "Diluted EPS": 1.22,
        "Total Revenue": NaN,
        "Gross Profit": NaN,
        "Operating Income": NaN,
        "EBIT": NaN,
        "Net Income": NaN
    },
    "2012-10-31": {
        "Diluted EPS": 1.19,
        "Total Revenue": NaN,
        "Gross Profit": NaN,
        "Operating Income": NaN,
        "EBIT": NaN,
        "Net Income": NaN
    },
    "2012-07-31": {
        "Diluted EPS": 1.69,
        "Total Revenue": NaN,
        "Gross Profit": NaN,
        "Operating Income": NaN,
        "EBIT": NaN,
        "Net Income": NaN
    },
    "2012-04-30": {
        "Diluted EPS": 1.12,
        "Total Revenue": NaN,
        "Gross Profit": NaN,
        "Operating Income": NaN,
        "EBIT": NaN,
        "Net Income": NaN
    },
    "2012-01-31": {
        "Diluted EPS": 1.21,
        "Total Revenue": NaN,
        "Gross Profit": NaN,
        "Operating Income": NaN,
        "EBIT": NaN,
        "Net Income": NaN
    },
    "2011-10-31": {
        "Diluted EPS": 1.08,
        "Total Revenue": NaN,
        "Gross Profit": NaN,
        "Operating Income": NaN,
        "EBIT": NaN,
        "Net Income": NaN
    },
    "2011-07-31": {
        "Diluted EPS": 1.14,
        "Total Revenue": NaN,
        "Gross Profit": NaN,
        "Operating Income": NaN,
        "EBIT": NaN,
        "Net Income": NaN
    },
    "2011-04-30": {
        "Diluted EPS": 1.39,
        "Total Revenue": NaN,
        "Gross Profit": NaN,
        "Operating Income": NaN,
        "EBIT": NaN,
        "Net Income": NaN
    },
    "2011-01-31": {
        "Diluted EPS": 1.1,
        "Total Revenue": NaN,
        "Gross Profit": NaN,
        "Operating Income": NaN,
        "EBIT": NaN,
        "Net Income": NaN
    },
    "2010-10-31": {
        "Diluted EPS": 0.99,
        "Total Revenue": NaN,
        "Gross Profit": NaN,
        "Operating Income": NaN,
        "EBIT": NaN,
        "Net Income": NaN
    },
    "2010-07-31": {
        "Diluted EPS": 0.93,
        "Total Revenue": NaN,
        "Gross Profit": NaN,
        "Operating Income": NaN,
        "EBIT": NaN,
        "Net Income": NaN
    },
    "2010-04-30": {
        "Diluted EPS": 1.01,
        "Total Revenue": NaN,
        "Gross Profit": NaN,
        "Operating Income": NaN,
        "EBIT": NaN,
        "Net Income": NaN
    },
    "2010-01-31": {
        "Diluted EPS": 0.89,
        "Total Revenue": NaN,
        "Gross Profit": NaN,
        "Operating Income": NaN,
        "EBIT": NaN,
        "Net Income": 961
    },
    "2009-10-31": {
        "Diluted EPS": 0.79,
        "Total Revenue": NaN,
        "Gross Profit": NaN,
        "Operating Income": 947,
        "EBIT": NaN,
        "Net Income": 854
    },
    "2009-07-31": {
        "Diluted EPS": 0.79,
        "Total Revenue": NaN,
        "Gross Profit": NaN,
        "Operating Income": 713,
        "EBIT": NaN,
        "Net Income": 850
    },
    "2009-04-30": {
        "Diluted EPS": 0.65,
        "Total Revenue": NaN,
        "Gross Profit": NaN,
        "Operating Income": -13,
        "EBIT": NaN,
        "Net Income": 701
    },
    "2009-01-31": {
        "Diluted EPS": 0.81,
        "Total Revenue": NaN,
        "Gross Profit": NaN,
        "Operating Income": NaN,
        "EBIT": NaN,
        "Net Income": 853
    },
    "2023-09-30": {
        "Tax Effect Of Unusual Items": 0.0,
        "Tax Rate For Calcs": 0.14,
        "Normalized EBITDA": 39003000.0,
        "Total Unusual Items": NaN,
        "Total Unusual Items Excluding Goodwill": NaN,
        "Net Income From Continuing Operation Net Minority Interest": -63147000.0,
        "Reconciled Depreciation": 47190000.0,
        "Reconciled Cost Of Revenue": 115418000.0,
        "EBITDA": 39003000.0,
        "EBIT": -8187000.0,
        "Net Interest Income": -27011000.0,
        "Interest Expense": 57601000.0,
        "Interest Income": 30590000.0,
        "Normalized Income": -63147000.0,
        "Net Income From Continuing And Discontinued Operation": -63147000.0,
        "Total Expenses": 236614000.0,
        "Total Operating Income As Reported": -38216000.0,
        "Diluted Average Shares": 119554008.0,
        "Basic Average Shares": 119554008.0,
        "Diluted EPS": -0.53,
        "Basic EPS": -0.53,
        "Diluted NI Availto Com Stockholders": -63147000.0,
        "Net Income Common Stockholders": -63147000.0,
        "Net Income": -63147000.0,
        "Minority Interests": -6684000.0,
        "Net Income Including Noncontrolling Interests": -56463000.0,
        "Net Income Continuous Operations": -56463000.0,
        "Tax Provision": -9325000.0,
        "Pretax Income": -65788000.0,
        "Other Income Expense": -561000.0,
        "Other Non Operating Income Expenses": -561000.0,
        "Special Income Charges": NaN,
        "Net Non Operating Interest Income Expense": -27011000.0,
        "Interest Expense Non Operating": 57601000.0,
        "Interest Income Non Operating": 30590000.0,
        "Operating Income": -38216000.0,
        "Operating Expense": 121196000.0,
        "Other Operating Expenses": 9651000.0,
        "Selling General And Administration": 111545000.0,
        "General And Administrative Expense": 111545000.0,
        "Other Gand A": 111545000.0,
        "Gross Profit": 82980000.0,
        "Cost Of Revenue": 115418000.0,
        "Total Revenue": 198398000.0,
        "Operating Revenue": 196648000.0
    },
    "2023-12-31": {
        "Tax Effect Of Unusual Items": 0.0,
        "Tax Rate For Calcs": 0.21,
        "Normalized EBITDA": -9907000.0,
        "Total Unusual Items": NaN,
        "Total Unusual Items Excluding Goodwill": NaN,
        "Net Income From Continuing Operation Net Minority Interest": -187640000.0,
        "Reconciled Depreciation": 52538000.0,
        "Reconciled Cost Of Revenue": 124620000.0,
        "EBITDA": -9907000.0,
        "EBIT": -62445000.0,
        "Net Interest Income": -137580000.0,
        "Interest Expense": 171782000.0,
        "Interest Income": 34202000.0,
        "Normalized Income": -187640000.0,
        "Net Income From Continuing And Discontinued Operation": -187640000.0,
        "Total Expenses": 277699000.0,
        "Total Operating Income As Reported": -96667000.0,
        "Diluted Average Shares": NaN,
        "Basic Average Shares": NaN,
        "Diluted EPS": NaN,
        "Basic EPS": NaN,
        "Diluted NI Availto Com Stockholders": -187640000.0,
        "Net Income Common Stockholders": -187640000.0,
        "Net Income": -187640000.0,
        "Minority Interests": 47196000.0,
        "Net Income Including Noncontrolling Interests": -234836000.0,
        "Net Income Continuous Operations": -234836000.0,
        "Tax Provision": 609000.0,
        "Pretax Income": -234227000.0,
        "Other Income Expense": -13130000.0,
        "Other Non Operating Income Expenses": 20000.0,
        "Special Income Charges": NaN,
        "Net Non Operating Interest Income Expense": -137580000.0,
        "Interest Expense Non Operating": 171782000.0,
        "Interest Income Non Operating": 34202000.0,
        "Operating Income": -83517000.0,
        "Operating Expense": 153079000.0,
        "Other Operating Expenses": 36847000.0,
        "Selling General And Administration": 116232000.0,
        "General And Administrative Expense": 116232000.0,
        "Other Gand A": 116232000.0,
        "Gross Profit": 69562000.0,
        "Cost Of Revenue": 124620000.0,
        "Total Revenue": 194182000.0,
        "Operating Revenue": 193179000.0
    },
    "2024-03-31": {
        "Tax Effect Of Unusual Items": 0.0,
        "Tax Rate For Calcs": 0.32,
        "Normalized EBITDA": 9365000.0,
        "Total Unusual Items": NaN,
        "Total Unusual Items Excluding Goodwill": NaN,
        "Net Income From Continuing Operation Net Minority Interest": -69960000.0,
        "Reconciled Depreciation": 57867000.0,
        "Reconciled Cost Of Revenue": 103396000.0,
        "EBITDA": 9365000.0,
        "EBIT": -48502000.0,
        "Net Interest Income": -48905000.0,
        "Interest Expense": 84601000.0,
        "Interest Income": 35696000.0,
        "Normalized Income": -69960000.0,
        "Net Income From Continuing And Discontinued Operation": -69960000.0,
        "Total Expenses": 245126000.0,
        "Total Operating Income As Reported": -84222000.0,
        "Diluted Average Shares": 122894548.0,
        "Basic Average Shares": 122894548.0,
        "Diluted EPS": -0.57,
        "Basic EPS": -0.57,
        "Diluted NI Availto Com Stockholders": -69960000.0,
        "Net Income Common Stockholders": -69960000.0,
        "Net Income": -69960000.0,
        "Minority Interests": 20115000.0,
        "Net Income Including Noncontrolling Interests": -90075000.0,
        "Net Income Continuous Operations": -90075000.0,
        "Tax Provision": -43028000.0,
        "Pretax Income": -133103000.0,
        "Other Income Expense": 24000.0,
        "Other Non Operating Income Expenses": 24000.0,
        "Special Income Charges": NaN,
        "Net Non Operating Interest Income Expense": -48905000.0,
        "Interest Expense Non Operating": 84601000.0,
        "Interest Income Non Operating": 35696000.0,
        "Operating Income": -84222000.0,
        "Operating Expense": 141730000.0,
        "Other Operating Expenses": 24619000.0,
        "Selling General And Administration": 117111000.0,
        "General And Administrative Expense": 117111000.0,
        "Other Gand A": 117111000.0,
        "Gross Profit": 57508000.0,
        "Cost Of Revenue": 103396000.0,
        "Total Revenue": 160904000.0,
        "Operating Revenue": 160531000.0
    }
}