{
    "2023-03-31": {
        "Tax Effect Of Unusual Items": -86130.0,
        "Tax Rate For Calcs": 0.27,
        "Normalized EBITDA": 18038000.0,
        "Total Unusual Items": -319000.0,
        "Total Unusual Items Excluding Goodwill": -319000.0,
        "Net Income From Continuing Operation Net Minority Interest": 5620000.0,
        "Reconciled Depreciation": 7895000.0,
        "Reconciled Cost Of Revenue": 164738000.0,
        "EBITDA": 17719000.0,
        "EBIT": 9824000.0,
        "Net Interest Income": -2089000.0,
        "Interest Expense": 2089000.0,
        "Normalized Income": 5852870.0,
        "Net Income From Continuing And Discontinued Operation": 5620000.0,
        "Total Expenses": 189887000.0,
        "Total Operating Income As Reported": 10143000.0,
        "Diluted Average Shares": 90570000.0,
        "Basic Average Shares": 88573000.0,
        "Diluted EPS": 0.06,
        "Basic EPS": 0.06,
        "Diluted NI Availto Com Stockholders": 5620000.0,
        "Net Income Common Stockholders": 5620000.0,
        "Net Income": 5620000.0,
        "Net Income Including Noncontrolling Interests": 5620000.0,
        "Net Income Continuous Operations": 5620000.0,
        "Tax Provision": 2115000.0,
        "Pretax Income": 7735000.0,
        "Other Income Expense": -319000.0,
        "Special Income Charges": NaN,
        "Impairment Of Capital Assets": NaN,
        "Gain On Sale Of Security": -319000.0,
        "Net Non Operating Interest Income Expense": -2089000.0,
        "Interest Expense Non Operating": 2089000.0,
        "Operating Income": 10143000.0,
        "Operating Expense": 25149000.0,
        "Other Operating Expenses": -261000.0,
        "Selling General And Administration": 25410000.0,
        "Gross Profit": 35292000.0,
        "Cost Of Revenue": 164738000.0,
        "Total Revenue": 200030000.0,
        "Operating Revenue": 200030000.0
    },
    "2022-12-31": {
        "Tax Effect Of Unusual Items": NaN,
        "Tax Rate For Calcs": NaN,
        "Normalized EBITDA": NaN,
        "Total Unusual Items": NaN,
        "Total Unusual Items Excluding Goodwill": NaN,
        "Net Income From Continuing Operation Net Minority Interest": NaN,
        "Reconciled Depreciation": NaN,
        "Reconciled Cost Of Revenue": NaN,
        "EBITDA": NaN,
        "EBIT": NaN,
        "Net Interest Income": NaN,
        "Interest Expense": NaN,
        "Normalized Income": NaN,
        "Net Income From Continuing And Discontinued Operation": NaN,
        "Total Expenses": NaN,
        "Total Operating Income As Reported": NaN,
        "Diluted Average Shares": NaN,
        "Basic Average Shares": NaN,
        "Diluted EPS": NaN,
        "Basic EPS": NaN,
        "Diluted NI Availto Com Stockholders": NaN,
        "Net Income Common Stockholders": NaN,
        "Net Income": NaN,
        "Net Income Including Noncontrolling Interests": NaN,
        "Net Income Continuous Operations": NaN,
        "Tax Provision": NaN,
        "Pretax Income": NaN,
        "Other Income Expense": NaN,
        "Special Income Charges": 0.0,
        "Write Off": NaN,
        "Impairment Of Capital Assets": -7956000.0,
        "Gain On Sale Of Security": NaN,
        "Net Non Operating Interest Income Expense": NaN,
        "Interest Expense Non Operating": NaN,
        "Operating Income": NaN,
        "Operating Expense": NaN,
        "Other Operating Expenses": NaN,
        "Selling General And Administration": NaN,
        "Gross Profit": NaN,
        "Cost Of Revenue": NaN,
        "Total Revenue": NaN,
        "Operating Revenue": NaN
    },
    "2022-09-30": {
        "Tax Effect Of Unusual Items": NaN,
        "Tax Rate For Calcs": NaN,
        "Normalized EBITDA": NaN,
        "Total Unusual Items": NaN,
        "Total Unusual Items Excluding Goodwill": NaN,
        "Net Income From Continuing Operation Net Minority Interest": NaN,
        "Reconciled Depreciation": NaN,
        "Reconciled Cost Of Revenue": NaN,
        "EBITDA": NaN,
        "EBIT": NaN,
        "Net Interest Income": NaN,
        "Interest Expense": NaN,
        "Normalized Income": NaN,
        "Net Income From Continuing And Discontinued Operation": NaN,
        "Total Expenses": NaN,
        "Total Operating Income As Reported": NaN,
        "Diluted Average Shares": NaN,
        "Basic Average Shares": NaN,
        "Diluted EPS": NaN,
        "Basic EPS": NaN,
        "Diluted NI Availto Com Stockholders": NaN,
        "Net Income Common Stockholders": NaN,
        "Net Income": NaN,
        "Net Income Including Noncontrolling Interests": NaN,
        "Net Income Continuous Operations": NaN,
        "Tax Provision": NaN,
        "Pretax Income": NaN,
        "Other Income Expense": NaN,
        "Special Income Charges": -29417000.0,
        "Impairment Of Capital Assets": 29417000.0,
        "Gain On Sale Of Security": NaN,
        "Net Non Operating Interest Income Expense": NaN,
        "Interest Expense Non Operating": NaN,
        "Operating Income": NaN,
        "Operating Expense": NaN,
        "Other Operating Expenses": NaN,
        "Selling General And Administration": NaN,
        "Gross Profit": NaN,
        "Cost Of Revenue": NaN,
        "Total Revenue": NaN,
        "Operating Revenue": NaN
    },
    "2022-06-30": {
        "Tax Effect Of Unusual Items": -2928800.0,
        "Tax Rate For Calcs": 0.4,
        "Normalized EBITDA": 1688000.0,
        "Total Unusual Items": -7322000.0,
        "Total Unusual Items Excluding Goodwill": -7322000.0,
        "Net Income From Continuing Operation Net Minority Interest": -7752000.0,
        "Reconciled Depreciation": 10111000.0,
        "Reconciled Cost Of Revenue": 168206000.0,
        "EBITDA": -5634000.0,
        "EBIT": -5634000.0,
        "Net Interest Income": -1638000.0,
        "Interest Expense": 1638000.0,
        "Normalized Income": -3358800.0,
        "Net Income From Continuing And Discontinued Operation": -7752000.0,
        "Total Expenses": 192456000.0,
        "Total Operating Income As Reported": -6217000.0,
        "Diluted Average Shares": 92657000.0,
        "Basic Average Shares": 92657000.0,
        "Diluted EPS": -0.08,
        "Basic EPS": -0.08,
        "Diluted NI Availto Com Stockholders": -7752000.0,
        "Average Dilution Earnings": NaN,
        "Net Income Common Stockholders": -7752000.0,
        "Net Income": -7752000.0,
        "Net Income Including Noncontrolling Interests": -7752000.0,
        "Net Income Continuous Operations": -7752000.0,
        "Tax Provision": 480000.0,
        "Pretax Income": -7272000.0,
        "Other Income Expense": -7322000.0,
        "Special Income Charges": -7905000.0,
        "Write Off": 7905000.0,
        "Impairment Of Capital Assets": 7905000.0,
        "Gain On Sale Of Security": 583000.0,
        "Net Non Operating Interest Income Expense": -1638000.0,
        "Interest Expense Non Operating": 1638000.0,
        "Operating Income": 1688000.0,
        "Operating Expense": 24250000.0,
        "Other Operating Expenses": -80000.0,
        "Selling General And Administration": 24330000.0,
        "Gross Profit": 25938000.0,
        "Cost Of Revenue": 168206000.0,
        "Total Revenue": 194144000.0,
        "Operating Revenue": 194144000.0
    },
    "2023-06-30": {
        "Tax Effect Of Unusual Items": NaN,
        "Tax Rate For Calcs": NaN,
        "Normalized EBITDA": NaN,
        "Total Unusual Items": NaN,
        "Total Unusual Items Excluding Goodwill": NaN,
        "Net Income From Continuing Operation Net Minority Interest": NaN,
        "Reconciled Depreciation": NaN,
        "Reconciled Cost Of Revenue": NaN,
        "EBITDA": NaN,
        "EBIT": NaN,
        "Net Interest Income": NaN,
        "Interest Expense": NaN,
        "Normalized Income": NaN,
        "Net Income From Continuing And Discontinued Operation": NaN,
        "Total Expenses": NaN,
        "Total Operating Income As Reported": NaN,
        "Diluted Average Shares": NaN,
        "Basic Average Shares": NaN,
        "Diluted EPS": NaN,
        "Basic EPS": NaN,
        "Diluted NI Availto Com Stockholders": NaN,
        "Net Income Common Stockholders": NaN,
        "Net Income": NaN,
        "Net Income Including Noncontrolling Interests": NaN,
        "Net Income Discontinuous Operations": NaN,
        "Net Income Continuous Operations": NaN,
        "Tax Provision": NaN,
        "Pretax Income": NaN,
        "Other Income Expense": NaN,
        "Special Income Charges": -2816000.0,
        "Write Off": 2816000.0,
        "Impairment Of Capital Assets": 2816000.0,
        "Gain On Sale Of Security": NaN,
        "Net Non Operating Interest Income Expense": NaN,
        "Interest Expense Non Operating": NaN,
        "Operating Income": NaN,
        "Operating Expense": NaN,
        "Other Operating Expenses": NaN,
        "Selling General And Administration": NaN,
        "Gross Profit": NaN,
        "Cost Of Revenue": NaN,
        "Total Revenue": NaN,
        "Operating Revenue": NaN
    },
    "2023-09-30": {
        "Tax Effect Of Unusual Items": -107940.0,
        "Tax Rate For Calcs": 0.21,
        "Normalized EBITDA": 13977000.0,
        "Total Unusual Items": -514000.0,
        "Total Unusual Items Excluding Goodwill": -514000.0,
        "Net Income From Continuing Operation Net Minority Interest": 2680000.0,
        "Reconciled Depreciation": 7704000.0,
        "Reconciled Cost Of Revenue": 37602000.0,
        "EBITDA": 13463000.0,
        "EBIT": 5759000.0,
        "Net Interest Income": -1017000.0,
        "Interest Expense": 1017000.0,
        "Normalized Income": 3086060.0,
        "Net Income From Continuing And Discontinued Operation": 7670000.0,
        "Total Expenses": 50989000.0,
        "Total Operating Income As Reported": 6273000.0,
        "Diluted Average Shares": 88034000.0,
        "Basic Average Shares": 86310000.0,
        "Diluted EPS": 0.09,
        "Basic EPS": 0.09,
        "Diluted NI Availto Com Stockholders": 7670000.0,
        "Net Income Common Stockholders": 7670000.0,
        "Net Income": 7670000.0,
        "Net Income Including Noncontrolling Interests": 7670000.0,
        "Net Income Discontinuous Operations": 4990000.0,
        "Net Income Continuous Operations": 2680000.0,
        "Tax Provision": 2062000.0,
        "Pretax Income": 4742000.0,
        "Other Income Expense": -514000.0,
        "Special Income Charges": 0.0,
        "Write Off": NaN,
        "Impairment Of Capital Assets": 0.0,
        "Gain On Sale Of Security": -514000.0,
        "Net Non Operating Interest Income Expense": -1017000.0,
        "Interest Expense Non Operating": 1017000.0,
        "Operating Income": 6273000.0,
        "Operating Expense": 13387000.0,
        "Other Operating Expenses": -523000.0,
        "Selling General And Administration": 13910000.0,
        "Gross Profit": 19660000.0,
        "Cost Of Revenue": 37602000.0,
        "Total Revenue": 57262000.0,
        "Operating Revenue": 57262000.0
    },
    "2023-12-31": {
        "Tax Effect Of Unusual Items": -847350.0,
        "Tax Rate For Calcs": 0.21,
        "Normalized EBITDA": 15767000.0,
        "Total Unusual Items": -4035000.0,
        "Total Unusual Items Excluding Goodwill": -4035000.0,
        "Net Income From Continuing Operation Net Minority Interest": -476000.0,
        "Reconciled Depreciation": 7865000.0,
        "Reconciled Cost Of Revenue": 137020000.0,
        "EBITDA": 11732000.0,
        "EBIT": 3867000.0,
        "Net Interest Income": -1919000.0,
        "Interest Expense": 1919000.0,
        "Normalized Income": 2711650.0,
        "Net Income From Continuing And Discontinued Operation": -476000.0,
        "Total Expenses": 159914000.0,
        "Total Operating Income As Reported": 4362000.0,
        "Diluted Average Shares": 85003000.0,
        "Basic Average Shares": 85003000.0,
        "Diluted EPS": -0.01,
        "Basic EPS": -0.01,
        "Diluted NI Availto Com Stockholders": -476000.0,
        "Net Income Common Stockholders": -476000.0,
        "Net Income": -476000.0,
        "Net Income Including Noncontrolling Interests": -476000.0,
        "Net Income Discontinuous Operations": NaN,
        "Net Income Continuous Operations": -476000.0,
        "Tax Provision": 2424000.0,
        "Pretax Income": 1948000.0,
        "Other Income Expense": -4035000.0,
        "Special Income Charges": -3540000.0,
        "Write Off": NaN,
        "Impairment Of Capital Assets": 108000.0,
        "Gain On Sale Of Security": -495000.0,
        "Net Non Operating Interest Income Expense": -1919000.0,
        "Interest Expense Non Operating": 1919000.0,
        "Operating Income": 7902000.0,
        "Operating Expense": 22894000.0,
        "Other Operating Expenses": -435000.0,
        "Selling General And Administration": 23329000.0,
        "Gross Profit": 30796000.0,
        "Cost Of Revenue": 137020000.0,
        "Total Revenue": 167816000.0,
        "Operating Revenue": 167816000.0
    },
    "2024-03-31": {
        "Tax Effect Of Unusual Items": 8680.0,
        "Tax Rate For Calcs": 0.28,
        "Normalized EBITDA": 19270000.0,
        "Total Unusual Items": 31000.0,
        "Total Unusual Items Excluding Goodwill": 31000.0,
        "Net Income From Continuing Operation Net Minority Interest": 7293000.0,
        "Reconciled Depreciation": 7411000.0,
        "Reconciled Cost Of Revenue": 134587000.0,
        "EBITDA": 19301000.0,
        "EBIT": 11890000.0,
        "Net Interest Income": -1750000.0,
        "Interest Expense": 1750000.0,
        "Normalized Income": 7270680.0,
        "Net Income From Continuing And Discontinued Operation": 7293000.0,
        "Total Expenses": 157248000.0,
        "Total Operating Income As Reported": 11859000.0,
        "Diluted Average Shares": 87245000.0,
        "Basic Average Shares": 85001000.0,
        "Diluted EPS": 0.08,
        "Basic EPS": 0.09,
        "Diluted NI Availto Com Stockholders": 7293000.0,
        "Net Income Common Stockholders": 7293000.0,
        "Net Income": 7293000.0,
        "Net Income Including Noncontrolling Interests": 7293000.0,
        "Net Income Discontinuous Operations": NaN,
        "Net Income Continuous Operations": 7293000.0,
        "Tax Provision": 2847000.0,
        "Pretax Income": 10140000.0,
        "Other Income Expense": 31000.0,
        "Special Income Charges": NaN,
        "Write Off": NaN,
        "Impairment Of Capital Assets": NaN,
        "Gain On Sale Of Security": 31000.0,
        "Net Non Operating Interest Income Expense": -1750000.0,
        "Interest Expense Non Operating": 1750000.0,
        "Operating Income": 11859000.0,
        "Operating Expense": 22661000.0,
        "Other Operating Expenses": -1683000.0,
        "Selling General And Administration": 24344000.0,
        "Gross Profit": 34520000.0,
        "Cost Of Revenue": 134587000.0,
        "Total Revenue": 169107000.0,
        "Operating Revenue": 169107000.0
    },
    "2024-06-30": {
        "Tax Effect Of Unusual Items": -37120.0,
        "Tax Rate For Calcs": 0.29,
        "Normalized EBITDA": 20723000.0,
        "Total Unusual Items": -128000.0,
        "Total Unusual Items Excluding Goodwill": -128000.0,
        "Net Income From Continuing Operation Net Minority Interest": 8040000.0,
        "Reconciled Depreciation": 7424000.0,
        "Reconciled Cost Of Revenue": 140084000.0,
        "EBITDA": 20595000.0,
        "EBIT": 13171000.0,
        "Net Interest Income": -1796000.0,
        "Interest Expense": 1796000.0,
        "Normalized Income": 8130880.0,
        "Net Income From Continuing And Discontinued Operation": 8040000.0,
        "Total Expenses": 165710000.0,
        "Total Operating Income As Reported": 13299000.0,
        "Diluted Average Shares": 87626000.0,
        "Basic Average Shares": 85473000.0,
        "Diluted EPS": 0.09,
        "Basic EPS": 0.09,
        "Diluted NI Availto Com Stockholders": 8040000.0,
        "Net Income Common Stockholders": 8040000.0,
        "Net Income": 8040000.0,
        "Net Income Including Noncontrolling Interests": 8040000.0,
        "Net Income Discontinuous Operations": NaN,
        "Net Income Continuous Operations": 8040000.0,
        "Tax Provision": 3335000.0,
        "Pretax Income": 11375000.0,
        "Other Income Expense": -128000.0,
        "Special Income Charges": 0.0,
        "Write Off": 0.0,
        "Impairment Of Capital Assets": NaN,
        "Gain On Sale Of Security": -128000.0,
        "Net Non Operating Interest Income Expense": -1796000.0,
        "Interest Expense Non Operating": 1796000.0,
        "Operating Income": 13299000.0,
        "Operating Expense": 25626000.0,
        "Other Operating Expenses": -755000.0,
        "Selling General And Administration": 26381000.0,
        "Gross Profit": 38925000.0,
        "Cost Of Revenue": 140084000.0,
        "Total Revenue": 179009000.0,
        "Operating Revenue": 179009000.0
    },
    "2024-09-30": {
        "Tax Effect Of Unusual Items": 118020.0,
        "Tax Rate For Calcs": 0.21,
        "Normalized EBITDA": 8203000.0,
        "Total Unusual Items": 562000.0,
        "Total Unusual Items Excluding Goodwill": 562000.0,
        "Net Income From Continuing Operation Net Minority Interest": 14869000.0,
        "Reconciled Depreciation": 6969000.0,
        "Reconciled Cost Of Revenue": 32067000.0,
        "EBITDA": 8765000.0,
        "EBIT": 1796000.0,
        "Net Interest Income": -943000.0,
        "Interest Expense": 943000.0,
        "Normalized Income": 14425020.0,
        "Net Income From Continuing And Discontinued Operation": -174298000.0,
        "Total Expenses": 42973000.0,
        "Total Operating Income As Reported": 1234000.0,
        "Diluted Average Shares": 87490000.0,
        "Basic Average Shares": 86377000.0,
        "Diluted EPS": -2.02,
        "Basic EPS": -2.02,
        "Diluted NI Availto Com Stockholders": -174298000.0,
        "Net Income Common Stockholders": -174298000.0,
        "Net Income": -174298000.0,
        "Net Income Including Noncontrolling Interests": -174298000.0,
        "Net Income Discontinuous Operations": -189167000.0,
        "Net Income Continuous Operations": 14869000.0,
        "Tax Provision": -14016000.0,
        "Pretax Income": 853000.0,
        "Other Income Expense": 562000.0,
        "Special Income Charges": NaN,
        "Write Off": NaN,
        "Impairment Of Capital Assets": NaN,
        "Gain On Sale Of Security": 562000.0,
        "Net Non Operating Interest Income Expense": -943000.0,
        "Interest Expense Non Operating": 943000.0,
        "Operating Income": 1234000.0,
        "Operating Expense": 10906000.0,
        "Other Operating Expenses": -99000.0,
        "Selling General And Administration": 11005000.0,
        "Gross Profit": 12140000.0,
        "Cost Of Revenue": 32067000.0,
        "Total Revenue": 44207000.0,
        "Operating Revenue": 44207000.0
    }
}