{
    "2023-03-31": {
        "Tax Effect Of Unusual Items": 0.0,
        "Tax Rate For Calcs": 0.0,
        "Normalized EBITDA": -2435000.0,
        "Total Unusual Items": -84000.0,
        "Total Unusual Items Excluding Goodwill": -84000.0,
        "Net Income From Continuing Operation Net Minority Interest": -2604000.0,
        "Reconciled Depreciation": 1000.0,
        "EBITDA": -2519000.0,
        "EBIT": -2520000.0,
        "Net Interest Income": NaN,
        "Interest Income": NaN,
        "Normalized Income": -2520000.0,
        "Net Income From Continuing And Discontinued Operation": -2604000.0,
        "Total Expenses": 2520000.0,
        "Total Operating Income As Reported": -2520000.0,
        "Diluted Average Shares": 632375.0,
        "Basic Average Shares": 632375.0,
        "Diluted EPS": -4.08,
        "Basic EPS": -4.08,
        "Diluted NI Availto Com Stockholders": -2604000.0,
        "Net Income Common Stockholders": -2604000.0,
        "Net Income": -2604000.0,
        "Net Income Including Noncontrolling Interests": -2604000.0,
        "Net Income Continuous Operations": -2604000.0,
        "Tax Provision": 0.0,
        "Pretax Income": -2604000.0,
        "Other Income Expense": -84000.0,
        "Gain On Sale Of Security": -84000.0,
        "Net Non Operating Interest Income Expense": NaN,
        "Interest Income Non Operating": NaN,
        "Operating Income": -2520000.0,
        "Operating Expense": 2520000.0,
        "Research And Development": 637000.0,
        "Selling General And Administration": 1883000.0,
        "General And Administrative Expense": 1883000.0,
        "Other Gand A": 1883000.0,
        "Salaries And Wages": NaN,
        "Total Revenue": 0.0,
        "Operating Revenue": 0.0
    },
    "2022-12-31": {
        "Tax Effect Of Unusual Items": 0.0,
        "Tax Rate For Calcs": 0.0,
        "Normalized EBITDA": -2577000.0,
        "Total Unusual Items": NaN,
        "Total Unusual Items Excluding Goodwill": NaN,
        "Net Income From Continuing Operation Net Minority Interest": -4676000.0,
        "Reconciled Depreciation": 1000.0,
        "EBITDA": -2577000.0,
        "EBIT": -2578000.0,
        "Net Interest Income": -2191000.0,
        "Interest Income": 0.0,
        "Normalized Income": -4676000.0,
        "Net Income From Continuing And Discontinued Operation": -4676000.0,
        "Total Expenses": 2220000.0,
        "Total Operating Income As Reported": -10430000.0,
        "Diluted Average Shares": NaN,
        "Basic Average Shares": NaN,
        "Diluted EPS": NaN,
        "Basic EPS": NaN,
        "Diluted NI Availto Com Stockholders": -4676000.0,
        "Net Income Common Stockholders": -4676000.0,
        "Net Income": -4676000.0,
        "Net Income Including Noncontrolling Interests": -4676000.0,
        "Net Income Continuous Operations": -4676000.0,
        "Tax Provision": 0.0,
        "Pretax Income": -4676000.0,
        "Other Income Expense": -265000.0,
        "Other Non Operating Income Expenses": 10000.0,
        "Gain On Sale Of Security": NaN,
        "Net Non Operating Interest Income Expense": -2191000.0,
        "Interest Income Non Operating": 0.0,
        "Operating Income": -2220000.0,
        "Operating Expense": 2220000.0,
        "Research And Development": 305000.0,
        "Selling General And Administration": 1915000.0,
        "General And Administrative Expense": 1915000.0,
        "Other Gand A": 1915000.0,
        "Salaries And Wages": NaN,
        "Total Revenue": 0.0,
        "Operating Revenue": 0.0
    },
    "2022-09-30": {
        "Tax Effect Of Unusual Items": 0.0,
        "Tax Rate For Calcs": 0.0,
        "Normalized EBITDA": -3102000.0,
        "Total Unusual Items": NaN,
        "Total Unusual Items Excluding Goodwill": NaN,
        "Net Income From Continuing Operation Net Minority Interest": -3113000.0,
        "Reconciled Depreciation": 2000.0,
        "EBITDA": -3102000.0,
        "EBIT": -3104000.0,
        "Net Interest Income": 0.0,
        "Interest Income": 0.0,
        "Normalized Income": -3113000.0,
        "Net Income From Continuing And Discontinued Operation": -3113000.0,
        "Total Expenses": 3104000.0,
        "Total Operating Income As Reported": -3104000.0,
        "Diluted Average Shares": 888693.0,
        "Basic Average Shares": 888693.0,
        "Diluted EPS": -3.5,
        "Basic EPS": -3.5,
        "Diluted NI Availto Com Stockholders": -3113000.0,
        "Net Income Common Stockholders": -3113000.0,
        "Net Income": -3113000.0,
        "Net Income Including Noncontrolling Interests": -3113000.0,
        "Net Income Continuous Operations": -3113000.0,
        "Tax Provision": 0.0,
        "Pretax Income": -3113000.0,
        "Other Income Expense": -9000.0,
        "Other Non Operating Income Expenses": -9000.0,
        "Gain On Sale Of Security": NaN,
        "Net Non Operating Interest Income Expense": 0.0,
        "Interest Income Non Operating": 0.0,
        "Operating Income": -3104000.0,
        "Operating Expense": 3104000.0,
        "Research And Development": 571000.0,
        "Selling General And Administration": 2533000.0,
        "General And Administrative Expense": 2533000.0,
        "Other Gand A": 2533000.0,
        "Salaries And Wages": NaN,
        "Total Revenue": 0.0,
        "Operating Revenue": 0.0
    },
    "2022-06-30": {
        "Tax Effect Of Unusual Items": 0.0,
        "Tax Rate For Calcs": 0.0,
        "Normalized EBITDA": -3214000.0,
        "Total Unusual Items": NaN,
        "Total Unusual Items Excluding Goodwill": NaN,
        "Net Income From Continuing Operation Net Minority Interest": -3303000.0,
        "Reconciled Depreciation": 5000.0,
        "EBITDA": -3214000.0,
        "EBIT": -3219000.0,
        "Net Interest Income": 0.0,
        "Interest Income": 0.0,
        "Normalized Income": -3303000.0,
        "Net Income From Continuing And Discontinued Operation": -3303000.0,
        "Total Expenses": 3219000.0,
        "Total Operating Income As Reported": -3219000.0,
        "Diluted Average Shares": 888693.0,
        "Basic Average Shares": 888693.0,
        "Diluted EPS": -3.72,
        "Basic EPS": -3.72,
        "Diluted NI Availto Com Stockholders": -3303000.0,
        "Net Income Common Stockholders": -3303000.0,
        "Net Income": -3303000.0,
        "Net Income Including Noncontrolling Interests": -3303000.0,
        "Net Income Continuous Operations": -3303000.0,
        "Tax Provision": 0.0,
        "Pretax Income": -3303000.0,
        "Other Income Expense": -84000.0,
        "Other Non Operating Income Expenses": -84000.0,
        "Gain On Sale Of Security": NaN,
        "Net Non Operating Interest Income Expense": 0.0,
        "Interest Income Non Operating": 0.0,
        "Operating Income": -3219000.0,
        "Operating Expense": 3219000.0,
        "Research And Development": 982000.0,
        "Selling General And Administration": 2237000.0,
        "General And Administrative Expense": 2237000.0,
        "Other Gand A": 2237000.0,
        "Salaries And Wages": NaN,
        "Total Revenue": 0.0,
        "Operating Revenue": 0.0
    },
    "2022-03-31": {
        "Diluted EPS": -3.24,
        "Total Revenue": NaN,
        "Gross Profit": NaN,
        "Operating Income": -3,
        "EBIT": -3,
        "Net Income": -3
    },
    "2021-12-31": {
        "Diluted EPS": -5.24,
        "Total Revenue": NaN,
        "Gross Profit": NaN,
        "Operating Income": -5,
        "EBIT": -5,
        "Net Income": -5
    },
    "2021-09-30": {
        "Diluted EPS": -4.66,
        "Total Revenue": NaN,
        "Gross Profit": NaN,
        "Operating Income": -3,
        "EBIT": -3,
        "Net Income": -3
    },
    "2021-06-30": {
        "Diluted EPS": -5.41,
        "Total Revenue": NaN,
        "Gross Profit": NaN,
        "Operating Income": -4,
        "EBIT": -4,
        "Net Income": -4
    },
    "2021-03-31": {
        "Diluted EPS": -4.51,
        "Total Revenue": NaN,
        "Gross Profit": NaN,
        "Operating Income": -3,
        "EBIT": -3,
        "Net Income": -3
    },
    "2020-12-31": {
        "Diluted EPS": -35.74,
        "Total Revenue": NaN,
        "Gross Profit": NaN,
        "Operating Income": -20,
        "EBIT": -20,
        "Net Income": -20
    },
    "2020-09-30": {
        "Diluted EPS": -5.71,
        "Total Revenue": NaN,
        "Gross Profit": NaN,
        "Operating Income": -3,
        "EBIT": -3,
        "Net Income": -3
    },
    "2020-06-30": {
        "Diluted EPS": -4.51,
        "Total Revenue": NaN,
        "Gross Profit": NaN,
        "Operating Income": -2,
        "EBIT": -2,
        "Net Income": -2
    },
    "2020-03-31": {
        "Diluted EPS": -9.01,
        "Total Revenue": NaN,
        "Gross Profit": NaN,
        "Operating Income": -5,
        "EBIT": -5,
        "Net Income": -5
    },
    "2019-12-31": {
        "Diluted EPS": -75.98,
        "Total Revenue": NaN,
        "Gross Profit": NaN,
        "Operating Income": -12,
        "EBIT": -12,
        "Net Income": -13
    },
    "2019-09-30": {
        "Diluted EPS": -21.02,
        "Total Revenue": NaN,
        "Gross Profit": NaN,
        "Operating Income": -4,
        "EBIT": -4,
        "Net Income": -4
    },
    "2019-06-30": {
        "Diluted EPS": -11.11,
        "Total Revenue": NaN,
        "Gross Profit": NaN,
        "Operating Income": -2,
        "EBIT": -2,
        "Net Income": -2
    },
    "2019-03-31": {
        "Diluted EPS": -14.41,
        "Total Revenue": NaN,
        "Gross Profit": NaN,
        "Operating Income": -2,
        "EBIT": -2,
        "Net Income": -2
    },
    "2018-12-31": {
        "Diluted EPS": NaN,
        "Total Revenue": NaN,
        "Gross Profit": NaN,
        "Operating Income": 4,
        "EBIT": 4,
        "Net Income": 4
    },
    "2018-09-30": {
        "Diluted EPS": -322.82,
        "Total Revenue": NaN,
        "Gross Profit": NaN,
        "Operating Income": -6,
        "EBIT": -6,
        "Net Income": -6
    },
    "2018-06-30": {
        "Diluted EPS": -352.85,
        "Total Revenue": NaN,
        "Gross Profit": NaN,
        "Operating Income": -7,
        "EBIT": -7,
        "Net Income": -7
    },
    "2018-03-31": {
        "Diluted EPS": -435.44,
        "Total Revenue": NaN,
        "Gross Profit": NaN,
        "Operating Income": -7,
        "EBIT": -7,
        "Net Income": -7
    },
    "2017-12-31": {
        "Diluted EPS": -472.97,
        "Total Revenue": NaN,
        "Gross Profit": NaN,
        "Operating Income": -7,
        "EBIT": -7,
        "Net Income": -7
    },
    "2017-09-30": {
        "Diluted EPS": -615.62,
        "Total Revenue": NaN,
        "Gross Profit": NaN,
        "Operating Income": -9,
        "EBIT": -9,
        "Net Income": -9
    },
    "2017-06-30": {
        "Diluted EPS": -743.24,
        "Total Revenue": NaN,
        "Gross Profit": NaN,
        "Operating Income": -11,
        "EBIT": -11,
        "Net Income": -11
    },
    "2017-03-31": {
        "Diluted EPS": -593.09,
        "Total Revenue": NaN,
        "Gross Profit": NaN,
        "Operating Income": -8,
        "EBIT": -8,
        "Net Income": -7
    },
    "2016-12-31": {
        "Diluted EPS": -705.71,
        "Total Revenue": NaN,
        "Gross Profit": NaN,
        "Operating Income": -7,
        "EBIT": -7,
        "Net Income": -7
    },
    "2016-09-30": {
        "Diluted EPS": -420.42,
        "Total Revenue": NaN,
        "Gross Profit": NaN,
        "Operating Income": -3,
        "EBIT": -3,
        "Net Income": -4
    },
    "2016-06-30": {
        "Diluted EPS": -315.32,
        "Total Revenue": NaN,
        "Gross Profit": NaN,
        "Operating Income": -2,
        "EBIT": -2,
        "Net Income": -2
    },
    "2016-03-31": {
        "Diluted EPS": -487.99,
        "Total Revenue": NaN,
        "Gross Profit": NaN,
        "Operating Income": -2,
        "EBIT": -2,
        "Net Income": -2
    },
    "2015-12-31": {
        "Diluted EPS": -600.6,
        "Total Revenue": NaN,
        "Gross Profit": NaN,
        "Operating Income": -3,
        "EBIT": -3,
        "Net Income": -3
    },
    "2015-09-30": {
        "Diluted EPS": -653.15,
        "Total Revenue": NaN,
        "Gross Profit": NaN,
        "Operating Income": -2,
        "EBIT": -2,
        "Net Income": -3
    },
    "2015-06-30": {
        "Diluted EPS": -450.45,
        "Total Revenue": NaN,
        "Gross Profit": NaN,
        "Operating Income": -2,
        "EBIT": -2,
        "Net Income": -2
    },
    "2015-03-31": {
        "Diluted EPS": NaN,
        "Total Revenue": NaN,
        "Gross Profit": NaN,
        "Operating Income": -2,
        "EBIT": -2,
        "Net Income": -5
    },
    "2014-12-31": {
        "Diluted EPS": 0.0,
        "Total Revenue": NaN,
        "Gross Profit": NaN,
        "Operating Income": NaN,
        "EBIT": NaN,
        "Net Income": NaN
    },
    "2023-06-30": {
        "Tax Effect Of Unusual Items": 0.0,
        "Tax Rate For Calcs": 0.0,
        "Normalized EBITDA": -6878000.0,
        "Total Unusual Items": 3072000.0,
        "Total Unusual Items Excluding Goodwill": 3072000.0,
        "Net Income From Continuing Operation Net Minority Interest": -734000.0,
        "Reconciled Depreciation": 0.0,
        "EBITDA": -3806000.0,
        "EBIT": -3806000.0,
        "Net Interest Income": NaN,
        "Interest Income": NaN,
        "Normalized Income": -3806000.0,
        "Net Income From Continuing And Discontinued Operation": -734000.0,
        "Total Expenses": 3806000.0,
        "Total Operating Income As Reported": -3806000.0,
        "Diluted Average Shares": 5059003.0,
        "Basic Average Shares": 5059003.0,
        "Diluted EPS": -0.16,
        "Basic EPS": -0.16,
        "Diluted NI Availto Com Stockholders": -734000.0,
        "Net Income Common Stockholders": -734000.0,
        "Net Income": -734000.0,
        "Net Income Including Noncontrolling Interests": -734000.0,
        "Net Income Continuous Operations": -734000.0,
        "Tax Provision": 0.0,
        "Pretax Income": -734000.0,
        "Other Income Expense": 3072000.0,
        "Gain On Sale Of Security": 3072000.0,
        "Net Non Operating Interest Income Expense": NaN,
        "Interest Income Non Operating": NaN,
        "Operating Income": -3806000.0,
        "Operating Expense": 3806000.0,
        "Research And Development": 2364000.0,
        "Selling General And Administration": 1442000.0,
        "General And Administrative Expense": 1442000.0,
        "Other Gand A": 1418000.0,
        "Salaries And Wages": 24000.0,
        "Total Revenue": 0.0,
        "Operating Revenue": 0.0
    },
    "2023-09-30": {
        "Tax Effect Of Unusual Items": 0.0,
        "Tax Rate For Calcs": 0.0,
        "Normalized EBITDA": -3805000.0,
        "Total Unusual Items": -87000.0,
        "Total Unusual Items Excluding Goodwill": -87000.0,
        "Net Income From Continuing Operation Net Minority Interest": -3818000.0,
        "Reconciled Depreciation": 1000.0,
        "EBITDA": -3892000.0,
        "EBIT": -3893000.0,
        "Net Interest Income": 162000.0,
        "Interest Income": 162000.0,
        "Normalized Income": -3731000.0,
        "Net Income From Continuing And Discontinued Operation": -3818000.0,
        "Total Expenses": 3893000.0,
        "Total Operating Income As Reported": -3893000.0,
        "Diluted Average Shares": 5075817.0,
        "Basic Average Shares": 5075817.0,
        "Diluted EPS": -0.72,
        "Basic EPS": -0.72,
        "Diluted NI Availto Com Stockholders": -3818000.0,
        "Net Income Common Stockholders": -3818000.0,
        "Net Income": -3818000.0,
        "Net Income Including Noncontrolling Interests": -3818000.0,
        "Net Income Continuous Operations": -3818000.0,
        "Tax Provision": 0.0,
        "Pretax Income": -3818000.0,
        "Other Income Expense": -87000.0,
        "Gain On Sale Of Security": -87000.0,
        "Net Non Operating Interest Income Expense": 162000.0,
        "Interest Income Non Operating": 162000.0,
        "Operating Income": -3893000.0,
        "Operating Expense": 3893000.0,
        "Research And Development": 2292000.0,
        "Selling General And Administration": 1601000.0,
        "General And Administrative Expense": 1601000.0,
        "Other Gand A": 1601000.0,
        "Salaries And Wages": NaN,
        "Total Revenue": 0.0,
        "Operating Revenue": 0.0
    },
    "2023-12-31": {
        "Tax Effect Of Unusual Items": 0.0,
        "Tax Rate For Calcs": 0.0,
        "Normalized EBITDA": -2301000.0,
        "Total Unusual Items": 54000.0,
        "Total Unusual Items Excluding Goodwill": 54000.0,
        "Net Income From Continuing Operation Net Minority Interest": -5314000.0,
        "Reconciled Depreciation": 4000.0,
        "EBITDA": -2247000.0,
        "EBIT": -2251000.0,
        "Net Interest Income": 299000.0,
        "Interest Income": 299000.0,
        "Normalized Income": -5368000.0,
        "Net Income From Continuing And Discontinued Operation": -5314000.0,
        "Total Expenses": 5667000.0,
        "Total Operating Income As Reported": -5667000.0,
        "Diluted Average Shares": NaN,
        "Basic Average Shares": NaN,
        "Diluted EPS": NaN,
        "Basic EPS": NaN,
        "Diluted NI Availto Com Stockholders": -5314000.0,
        "Net Income Common Stockholders": -5314000.0,
        "Net Income": -5314000.0,
        "Net Income Including Noncontrolling Interests": -5314000.0,
        "Net Income Continuous Operations": -5314000.0,
        "Tax Provision": 0.0,
        "Pretax Income": -5314000.0,
        "Other Income Expense": 54000.0,
        "Gain On Sale Of Security": 54000.0,
        "Net Non Operating Interest Income Expense": 299000.0,
        "Interest Income Non Operating": 299000.0,
        "Operating Income": -5667000.0,
        "Operating Expense": 5667000.0,
        "Research And Development": 3865000.0,
        "Selling General And Administration": 1802000.0,
        "General And Administrative Expense": 1802000.0,
        "Other Gand A": 1802000.0,
        "Salaries And Wages": NaN,
        "Total Revenue": 0.0,
        "Operating Revenue": 0.0
    },
    "2024-03-31": {
        "Tax Effect Of Unusual Items": 0.0,
        "Tax Rate For Calcs": 0.0,
        "Normalized EBITDA": -6807000.0,
        "Total Unusual Items": -70000.0,
        "Total Unusual Items Excluding Goodwill": -70000.0,
        "Net Income From Continuing Operation Net Minority Interest": -6714000.0,
        "Reconciled Depreciation": 4000.0,
        "EBITDA": -6877000.0,
        "EBIT": -6881000.0,
        "Net Interest Income": 237000.0,
        "Interest Income": 237000.0,
        "Normalized Income": -6644000.0,
        "Net Income From Continuing And Discontinued Operation": -6714000.0,
        "Total Expenses": 6881000.0,
        "Total Operating Income As Reported": -6881000.0,
        "Diluted Average Shares": 5089408.0,
        "Basic Average Shares": 5089408.0,
        "Diluted EPS": -1.32,
        "Basic EPS": -1.32,
        "Diluted NI Availto Com Stockholders": -6714000.0,
        "Net Income Common Stockholders": -6714000.0,
        "Net Income": -6714000.0,
        "Net Income Including Noncontrolling Interests": -6714000.0,
        "Net Income Continuous Operations": -6714000.0,
        "Tax Provision": 0.0,
        "Pretax Income": -6714000.0,
        "Other Income Expense": -70000.0,
        "Gain On Sale Of Security": -70000.0,
        "Net Non Operating Interest Income Expense": 237000.0,
        "Interest Income Non Operating": 237000.0,
        "Operating Income": -6881000.0,
        "Operating Expense": 6881000.0,
        "Research And Development": 4904000.0,
        "Selling General And Administration": 1977000.0,
        "General And Administrative Expense": 1977000.0,
        "Other Gand A": 1977000.0,
        "Salaries And Wages": NaN,
        "Total Revenue": 0.0,
        "Operating Revenue": 0.0
    }
}