{
    "2023-03-31": {
        "Tax Effect Of Unusual Items": 25737881.508079,
        "Tax Rate For Calcs": 0.201077,
        "Normalized EBITDA": -1329000000.0,
        "Total Unusual Items": 128000000.0,
        "Total Unusual Items Excluding Goodwill": 128000000.0,
        "Net Income From Continuing Operation Net Minority Interest": -1335000000.0,
        "Reconciled Depreciation": 322000000.0,
        "Reconciled Cost Of Revenue": 8646000000.0,
        "EBIT": -1523000000.0,
        "Net Interest Income": -148000000.0,
        "Interest Expense": 148000000.0,
        "Normalized Income": -1437262118.491921,
        "Net Income From Continuing And Discontinued Operation": -1335000000.0,
        "Total Expenses": 9394000000.0,
        "Total Operating Income As Reported": -1544000000.0,
        "Diluted Average Shares": 230000000.0,
        "Basic Average Shares": 230000000.0,
        "Diluted EPS": -5.82,
        "Basic EPS": -5.82,
        "Diluted NI Availto Com Stockholders": -1339000000.0,
        "Net Income Common Stockholders": -1339000000.0,
        "Preferred Stock Dividends": 4000000.0,
        "Net Income": -1335000000.0,
        "Net Income Including Noncontrolling Interests": -1335000000.0,
        "Net Income Continuous Operations": -1335000000.0,
        "Tax Provision": -336000000.0,
        "Pretax Income": -1671000000.0,
        "Other Income Expense": 149000000.0,
        "Other Non Operating Income Expenses": 16000000.0,
        "Special Income Charges": 128000000.0,
        "Gain On Sale Of Ppe": 199000000.0,
        "Write Off": NaN,
        "Restructuring And Mergern Acquisition": 71000000.0,
        "Earnings From Equity Interest": 5000000.0,
        "Net Non Operating Interest Income Expense": -148000000.0,
        "Interest Expense Non Operating": 148000000.0,
        "Operating Income": -1672000000.0,
        "Operating Expense": 616000000.0,
        "Other Operating Expenses": NaN,
        "Provision For Doubtful Accounts": NaN,
        "Depreciation Amortization Depletion Income Statement": 190000000.0,
        "Depreciation And Amortization In Income Statement": 190000000.0,
        "Selling General And Administration": 426000000.0,
        "Gross Profit": -1056000000.0,
        "Cost Of Revenue": 8778000000.0,
        "Total Revenue": 7722000000.0,
        "Operating Revenue": 7722000000.0
    },
    "2022-12-31": {
        "Tax Effect Of Unusual Items": -7040948.275862,
        "Tax Rate For Calcs": 0.213362,
        "Normalized EBITDA": -1058000000.0,
        "Total Unusual Items": -33000000.0,
        "Total Unusual Items Excluding Goodwill": -33000000.0,
        "Net Income From Continuing Operation Net Minority Interest": -1095000000.0,
        "Reconciled Depreciation": 197000000.0,
        "Reconciled Cost Of Revenue": 8779000000.0,
        "EBIT": -1288000000.0,
        "Net Interest Income": -104000000.0,
        "Interest Expense": 104000000.0,
        "Normalized Income": -1069040948.275862,
        "Net Income From Continuing And Discontinued Operation": -1095000000.0,
        "Total Expenses": 9139000000.0,
        "Total Operating Income As Reported": -1317000000.0,
        "Diluted Average Shares": 230000000.0,
        "Basic Average Shares": 230000000.0,
        "Diluted EPS": -4.56,
        "Basic EPS": -4.56,
        "Diluted NI Availto Com Stockholders": -1095000000.0,
        "Net Income Common Stockholders": -1095000000.0,
        "Preferred Stock Dividends": NaN,
        "Net Income": -1095000000.0,
        "Net Income Including Noncontrolling Interests": -1095000000.0,
        "Net Income Continuous Operations": -1095000000.0,
        "Tax Provision": -297000000.0,
        "Pretax Income": -1392000000.0,
        "Other Income Expense": -4000000.0,
        "Other Non Operating Income Expenses": 23000000.0,
        "Special Income Charges": -33000000.0,
        "Gain On Sale Of Ppe": 1000000.0,
        "Write Off": 8000000.0,
        "Restructuring And Mergern Acquisition": 26000000.0,
        "Earnings From Equity Interest": 6000000.0,
        "Net Non Operating Interest Income Expense": -104000000.0,
        "Interest Expense Non Operating": 104000000.0,
        "Operating Income": -1284000000.0,
        "Operating Expense": 312000000.0,
        "Other Operating Expenses": NaN,
        "Provision For Doubtful Accounts": -92000000.0,
        "Depreciation Amortization Depletion Income Statement": 149000000.0,
        "Depreciation And Amortization In Income Statement": 149000000.0,
        "Selling General And Administration": 255000000.0,
        "Gross Profit": -972000000.0,
        "Cost Of Revenue": 8827000000.0,
        "Total Revenue": 7855000000.0,
        "Operating Revenue": 7855000000.0
    },
    "2022-09-30": {
        "Tax Effect Of Unusual Items": -5590361.445783,
        "Tax Rate For Calcs": 0.192771,
        "Normalized EBITDA": 362000000.0,
        "Total Unusual Items": -29000000.0,
        "Total Unusual Items Excluding Goodwill": -29000000.0,
        "Net Income From Continuing Operation Net Minority Interest": 67000000.0,
        "Reconciled Depreciation": 145000000.0,
        "Reconciled Cost Of Revenue": 7802000000.0,
        "EBIT": 188000000.0,
        "Net Interest Income": -105000000.0,
        "Interest Expense": 105000000.0,
        "Normalized Income": 90409638.554217,
        "Net Income From Continuing And Discontinued Operation": 67000000.0,
        "Total Expenses": 8325000000.0,
        "Total Operating Income As Reported": 156000000.0,
        "Diluted Average Shares": 235000000.0,
        "Basic Average Shares": 235000000.0,
        "Diluted EPS": 0.29,
        "Basic EPS": 0.29,
        "Diluted NI Availto Com Stockholders": 67000000.0,
        "Net Income Common Stockholders": 67000000.0,
        "Preferred Stock Dividends": NaN,
        "Net Income": 67000000.0,
        "Net Income Including Noncontrolling Interests": 67000000.0,
        "Net Income Continuous Operations": 67000000.0,
        "Tax Provision": 16000000.0,
        "Pretax Income": 83000000.0,
        "Other Income Expense": 3000000.0,
        "Other Non Operating Income Expenses": 21000000.0,
        "Special Income Charges": -29000000.0,
        "Gain On Sale Of Ppe": 22000000.0,
        "Write Off": 43000000.0,
        "Restructuring And Mergern Acquisition": 8000000.0,
        "Earnings From Equity Interest": 11000000.0,
        "Net Non Operating Interest Income Expense": -105000000.0,
        "Interest Expense Non Operating": 105000000.0,
        "Operating Income": 185000000.0,
        "Operating Expense": 523000000.0,
        "Other Operating Expenses": NaN,
        "Provision For Doubtful Accounts": 52000000.0,
        "Depreciation Amortization Depletion Income Statement": 145000000.0,
        "Depreciation And Amortization In Income Statement": 145000000.0,
        "Selling General And Administration": 326000000.0,
        "Gross Profit": 708000000.0,
        "Cost Of Revenue": 7802000000.0,
        "Total Revenue": 8510000000.0,
        "Operating Revenue": 8510000000.0
    },
    "2022-06-30": {
        "Tax Effect Of Unusual Items": -30457000.0,
        "Tax Rate For Calcs": 0.229,
        "Normalized EBITDA": 1060000000.0,
        "Total Unusual Items": -133000000.0,
        "Total Unusual Items Excluding Goodwill": -133000000.0,
        "Net Income From Continuing Operation Net Minority Interest": 513000000.0,
        "Reconciled Depreciation": 152000000.0,
        "Reconciled Cost Of Revenue": 5892000000.0,
        "EBIT": 770000000.0,
        "Net Interest Income": -105000000.0,
        "Interest Expense": 105000000.0,
        "Normalized Income": 615543000.0,
        "Net Income From Continuing And Discontinued Operation": 513000000.0,
        "Total Expenses": 6395000000.0,
        "Total Operating Income As Reported": 754000000.0,
        "Diluted Average Shares": 237000000.0,
        "Basic Average Shares": 237000000.0,
        "Diluted EPS": 2.16,
        "Basic EPS": 2.16,
        "Diluted NI Availto Com Stockholders": 513000000.0,
        "Net Income Common Stockholders": 513000000.0,
        "Preferred Stock Dividends": NaN,
        "Net Income": 513000000.0,
        "Net Income Including Noncontrolling Interests": 513000000.0,
        "Net Income Continuous Operations": 513000000.0,
        "Tax Provision": 152000000.0,
        "Pretax Income": 665000000.0,
        "Other Income Expense": -117000000.0,
        "Other Non Operating Income Expenses": 12000000.0,
        "Special Income Charges": -133000000.0,
        "Gain On Sale Of Ppe": 32000000.0,
        "Write Off": 155000000.0,
        "Restructuring And Mergern Acquisition": 10000000.0,
        "Earnings From Equity Interest": 4000000.0,
        "Net Non Operating Interest Income Expense": -105000000.0,
        "Interest Expense Non Operating": 105000000.0,
        "Operating Income": 887000000.0,
        "Operating Expense": 508000000.0,
        "Other Operating Expenses": 26000000.0,
        "Provision For Doubtful Accounts": NaN,
        "Depreciation Amortization Depletion Income Statement": 157000000.0,
        "Depreciation And Amortization In Income Statement": 157000000.0,
        "Selling General And Administration": 325000000.0,
        "Gross Profit": 1395000000.0,
        "Cost Of Revenue": 5887000000.0,
        "Total Revenue": 7282000000.0,
        "Operating Revenue": 7282000000.0
    },
    "2022-03-31": {
        "Diluted EPS": 7.17,
        "Total Revenue": NaN,
        "Gross Profit": NaN,
        "Operating Income": NaN,
        "EBIT": NaN,
        "Net Income": NaN
    },
    "2021-12-31": {
        "Diluted EPS": -1.74,
        "Total Revenue": NaN,
        "Gross Profit": 61,
        "Operating Income": -479,
        "EBIT": -233,
        "Net Income": -427
    },
    "2021-09-30": {
        "Diluted EPS": 6.6,
        "Total Revenue": NaN,
        "Gross Profit": NaN,
        "Operating Income": NaN,
        "EBIT": NaN,
        "Net Income": NaN
    },
    "2021-06-30": {
        "Diluted EPS": 4.4,
        "Total Revenue": NaN,
        "Gross Profit": NaN,
        "Operating Income": NaN,
        "EBIT": NaN,
        "Net Income": NaN
    },
    "2021-03-31": {
        "Diluted EPS": -0.33,
        "Total Revenue": NaN,
        "Gross Profit": NaN,
        "Operating Income": -56,
        "EBIT": 299,
        "Net Income": -82
    },
    "2020-12-31": {
        "Diluted EPS": -0.71,
        "Total Revenue": NaN,
        "Gross Profit": 412,
        "Operating Income": -16,
        "EBIT": 154,
        "Net Income": -173
    },
    "2020-09-30": {
        "Diluted EPS": 1.02,
        "Total Revenue": NaN,
        "Gross Profit": 775,
        "Operating Income": 393,
        "EBIT": 578,
        "Net Income": 249
    },
    "2020-06-30": {
        "Diluted EPS": 1.27,
        "Total Revenue": NaN,
        "Gross Profit": 804,
        "Operating Income": 484,
        "EBIT": 652,
        "Net Income": 313
    },
    "2020-03-31": {
        "Diluted EPS": 0.49,
        "Total Revenue": NaN,
        "Gross Profit": 562,
        "Operating Income": 244,
        "EBIT": 395,
        "Net Income": 121
    },
    "2019-12-31": {
        "Diluted EPS": 12.89,
        "Total Revenue": NaN,
        "Gross Profit": 541,
        "Operating Income": 209,
        "EBIT": 408,
        "Net Income": NaN
    },
    "2019-09-30": {
        "Diluted EPS": 1.45,
        "Total Revenue": NaN,
        "Gross Profit": 843,
        "Operating Income": 540,
        "EBIT": 687,
        "Net Income": 372
    },
    "2019-06-30": {
        "Diluted EPS": 0.75,
        "Total Revenue": NaN,
        "Gross Profit": 620,
        "Operating Income": 320,
        "EBIT": 446,
        "Net Income": 201
    },
    "2019-03-31": {
        "Diluted EPS": 1.72,
        "Total Revenue": NaN,
        "Gross Profit": 514,
        "Operating Income": 221,
        "EBIT": 343,
        "Net Income": 482
    },
    "2018-12-31": {
        "Diluted EPS": 0.01,
        "Total Revenue": NaN,
        "Gross Profit": 396,
        "Operating Income": 49,
        "EBIT": 216,
        "Net Income": -11
    },
    "2018-09-30": {
        "Diluted EPS": -0.24,
        "Total Revenue": NaN,
        "Gross Profit": 722,
        "Operating Income": 398,
        "EBIT": 539,
        "Net Income": -72
    },
    "2018-06-30": {
        "Diluted EPS": 0.23,
        "Total Revenue": NaN,
        "Gross Profit": 572,
        "Operating Income": 174,
        "EBIT": 333,
        "Net Income": 72
    },
    "2018-03-31": {
        "Diluted EPS": 0.87,
        "Total Revenue": NaN,
        "Gross Profit": 680,
        "Operating Income": 361,
        "EBIT": 526,
        "Net Income": 279
    },
    "2017-12-31": {
        "Diluted EPS": -4.82,
        "Total Revenue": NaN,
        "Gross Profit": 140,
        "Operating Income": NaN,
        "EBIT": NaN,
        "Net Income": NaN
    },
    "2017-09-30": {
        "Diluted EPS": 0.53,
        "Total Revenue": NaN,
        "Gross Profit": 668,
        "Operating Income": 297,
        "EBIT": 308,
        "Net Income": 171
    },
    "2017-06-30": {
        "Diluted EPS": -1.98,
        "Total Revenue": NaN,
        "Gross Profit": 860,
        "Operating Income": 339,
        "EBIT": 654,
        "Net Income": -626
    },
    "2017-03-31": {
        "Diluted EPS": -0.52,
        "Total Revenue": NaN,
        "Gross Profit": 520,
        "Operating Income": 36,
        "EBIT": 358,
        "Net Income": -163
    },
    "2016-12-31": {
        "Diluted EPS": -3.12,
        "Total Revenue": 17,
        "Gross Profit": -582,
        "Operating Income": NaN,
        "EBIT": NaN,
        "Net Income": -987
    },
    "2016-09-30": {
        "Diluted EPS": 1.27,
        "Total Revenue": NaN,
        "Gross Profit": 981,
        "Operating Income": 428,
        "EBIT": 808,
        "Net Income": 402
    },
    "2016-06-30": {
        "Diluted EPS": -0.61,
        "Total Revenue": NaN,
        "Gross Profit": 805,
        "Operating Income": 163,
        "EBIT": 483,
        "Net Income": -193
    },
    "2016-03-31": {
        "Diluted EPS": 0.24,
        "Total Revenue": NaN,
        "Gross Profit": NaN,
        "Operating Income": 476,
        "EBIT": 837,
        "Net Income": 77
    },
    "2015-12-31": {
        "Diluted EPS": -19.21,
        "Total Revenue": 665,
        "Gross Profit": 206,
        "Operating Income": NaN,
        "EBIT": NaN,
        "Net Income": NaN
    },
    "2015-09-30": {
        "Diluted EPS": 0.18,
        "Total Revenue": NaN,
        "Gross Profit": NaN,
        "Operating Income": 379,
        "EBIT": 821,
        "Net Income": 61
    },
    "2015-06-30": {
        "Diluted EPS": -0.06,
        "Total Revenue": NaN,
        "Gross Profit": 964,
        "Operating Income": 232,
        "EBIT": 661,
        "Net Income": -19
    },
    "2015-03-31": {
        "Diluted EPS": -0.37,
        "Total Revenue": NaN,
        "Gross Profit": 766,
        "Operating Income": 76,
        "EBIT": 510,
        "Net Income": -125
    },
    "2014-12-31": {
        "Diluted EPS": 0.23,
        "Total Revenue": NaN,
        "Gross Profit": NaN,
        "Operating Income": 453,
        "EBIT": 937,
        "Net Income": 70
    },
    "2014-09-30": {
        "Diluted EPS": 0.48,
        "Total Revenue": NaN,
        "Gross Profit": NaN,
        "Operating Income": 549,
        "EBIT": 975,
        "Net Income": 166
    },
    "2014-06-30": {
        "Diluted EPS": -0.3,
        "Total Revenue": NaN,
        "Gross Profit": 793,
        "Operating Income": 89,
        "EBIT": 505,
        "Net Income": -100
    },
    "2014-03-31": {
        "Diluted EPS": -0.18,
        "Total Revenue": NaN,
        "Gross Profit": 749,
        "Operating Income": 180,
        "EBIT": 542,
        "Net Income": -58
    },
    "2013-12-31": {
        "Diluted EPS": -0.92,
        "Total Revenue": NaN,
        "Gross Profit": 842,
        "Operating Income": -205,
        "EBIT": 67,
        "Net Income": -299
    },
    "2013-09-30": {
        "Diluted EPS": 0.36,
        "Total Revenue": NaN,
        "Gross Profit": NaN,
        "Operating Income": 527,
        "EBIT": 802,
        "Net Income": 117
    },
    "2013-06-30": {
        "Diluted EPS": 0.37,
        "Total Revenue": NaN,
        "Gross Profit": 878,
        "Operating Income": 287,
        "EBIT": 722,
        "Net Income": 121
    },
    "2013-03-31": {
        "Diluted EPS": -1.03,
        "Total Revenue": NaN,
        "Gross Profit": 328,
        "Operating Income": -266,
        "EBIT": 83,
        "Net Income": -334
    },
    "2012-12-31": {
        "Diluted EPS": 1.07,
        "Total Revenue": NaN,
        "Gross Profit": 583,
        "Operating Income": 37,
        "EBIT": 352,
        "Net Income": 250
    },
    "2012-09-30": {
        "Diluted EPS": -0.01,
        "Total Revenue": NaN,
        "Gross Profit": 591,
        "Operating Income": 86,
        "EBIT": 382,
        "Net Income": -3
    },
    "2012-06-30": {
        "Diluted EPS": 1.08,
        "Total Revenue": NaN,
        "Gross Profit": 829,
        "Operating Income": 397,
        "EBIT": 707,
        "Net Income": 248
    },
    "2012-03-31": {
        "Diluted EPS": -0.92,
        "Total Revenue": NaN,
        "Gross Profit": 279,
        "Operating Income": -170,
        "EBIT": 116,
        "Net Income": -209
    },
    "2011-12-31": {
        "Diluted EPS": -0.45,
        "Total Revenue": NaN,
        "Gross Profit": 372,
        "Operating Income": 9,
        "EBIT": 318,
        "Net Income": -111
    },
    "2011-09-30": {
        "Diluted EPS": -0.24,
        "Total Revenue": NaN,
        "Gross Profit": 621,
        "Operating Income": 43,
        "EBIT": 327,
        "Net Income": -57
    },
    "2011-06-30": {
        "Diluted EPS": 2.53,
        "Total Revenue": NaN,
        "Gross Profit": 670,
        "Operating Income": 269,
        "EBIT": 566,
        "Net Income": 618
    },
    "2011-03-31": {
        "Diluted EPS": -1.06,
        "Total Revenue": NaN,
        "Gross Profit": 671,
        "Operating Income": 314,
        "EBIT": 586,
        "Net Income": -262
    },
    "2010-12-31": {
        "Diluted EPS": -0.06,
        "Total Revenue": NaN,
        "Gross Profit": 546,
        "Operating Income": 152,
        "EBIT": 440,
        "Net Income": -17
    },
    "2010-09-30": {
        "Diluted EPS": 0.87,
        "Total Revenue": NaN,
        "Gross Profit": 850,
        "Operating Income": 454,
        "EBIT": 665,
        "Net Income": 221
    },
    "2010-06-30": {
        "Diluted EPS": 0.81,
        "Total Revenue": NaN,
        "Gross Profit": 804,
        "Operating Income": 444,
        "EBIT": 669,
        "Net Income": 208
    },
    "2010-03-31": {
        "Diluted EPS": 0.22,
        "Total Revenue": NaN,
        "Gross Profit": 576,
        "Operating Income": 258,
        "EBIT": 478,
        "Net Income": 56
    },
    "2009-12-31": {
        "Diluted EPS": 0.16,
        "Total Revenue": NaN,
        "Gross Profit": 719,
        "Operating Income": 314,
        "EBIT": 635,
        "Net Income": 21
    },
    "2009-09-30": {
        "Diluted EPS": 1.02,
        "Total Revenue": NaN,
        "Gross Profit": NaN,
        "Operating Income": 611,
        "EBIT": 917,
        "Net Income": 278
    },
    "2009-06-30": {
        "Diluted EPS": 1.56,
        "Total Revenue": NaN,
        "Gross Profit": 995,
        "Operating Income": 619,
        "EBIT": 908,
        "Net Income": 426
    },
    "2009-03-31": {
        "Diluted EPS": 0.7,
        "Total Revenue": NaN,
        "Gross Profit": 892,
        "Operating Income": 615,
        "EBIT": 776,
        "Net Income": 184
    },
    "2023-06-30": {
        "Tax Effect Of Unusual Items": -4259445.843829,
        "Tax Rate For Calcs": 0.224181,
        "Normalized EBITDA": 888000000.0,
        "Total Unusual Items": -19000000.0,
        "Total Unusual Items Excluding Goodwill": -19000000.0,
        "Net Income From Continuing Operation Net Minority Interest": 308000000.0,
        "Reconciled Depreciation": 321000000.0,
        "Reconciled Cost Of Revenue": 4956000000.0,
        "EBIT": 548000000.0,
        "Net Interest Income": -151000000.0,
        "Interest Expense": 151000000.0,
        "Normalized Income": 322740554.156171,
        "Net Income From Continuing And Discontinued Operation": 308000000.0,
        "Total Expenses": 5799000000.0,
        "Total Operating Income As Reported": 530000000.0,
        "Diluted Average Shares": 232000000.0,
        "Basic Average Shares": 231000000.0,
        "Diluted EPS": 1.25,
        "Basic EPS": 1.26,
        "Diluted NI Availto Com Stockholders": 291000000.0,
        "Net Income Common Stockholders": 291000000.0,
        "Preferred Stock Dividends": 17000000.0,
        "Net Income": 308000000.0,
        "Net Income Including Noncontrolling Interests": 308000000.0,
        "Net Income Continuous Operations": 308000000.0,
        "Tax Provision": 89000000.0,
        "Pretax Income": 397000000.0,
        "Other Income Expense": -1000000.0,
        "Other Non Operating Income Expenses": 13000000.0,
        "Special Income Charges": -19000000.0,
        "Gain On Sale Of Ppe": 3000000.0,
        "Write Off": 0.0,
        "Restructuring And Mergern Acquisition": 22000000.0,
        "Earnings From Equity Interest": 5000000.0,
        "Net Non Operating Interest Income Expense": -151000000.0,
        "Interest Expense Non Operating": 151000000.0,
        "Operating Income": 549000000.0,
        "Operating Expense": 837000000.0,
        "Other Operating Expenses": NaN,
        "Provision For Doubtful Accounts": NaN,
        "Depreciation Amortization Depletion Income Statement": 315000000.0,
        "Depreciation And Amortization In Income Statement": 315000000.0,
        "Selling General And Administration": 522000000.0,
        "Gross Profit": 1386000000.0,
        "Cost Of Revenue": 4962000000.0,
        "Total Revenue": 6348000000.0,
        "Operating Revenue": 6348000000.0
    }
}