{
    "2023-03-31": {
        "Tax Effect Of Unusual Items": NaN,
        "Tax Rate For Calcs": NaN,
        "Normalized EBITDA": NaN,
        "Total Unusual Items": 0.0,
        "Total Unusual Items Excluding Goodwill": 0.0,
        "Net Income From Continuing Operation Net Minority Interest": NaN,
        "Reconciled Depreciation": NaN,
        "Reconciled Cost Of Revenue": NaN,
        "EBITDA": NaN,
        "EBIT": NaN,
        "Net Interest Income": NaN,
        "Interest Expense": NaN,
        "Interest Income": NaN,
        "Normalized Income": NaN,
        "Net Income From Continuing And Discontinued Operation": NaN,
        "Total Expenses": NaN,
        "Total Operating Income As Reported": NaN,
        "Diluted Average Shares": NaN,
        "Basic Average Shares": NaN,
        "Diluted EPS": NaN,
        "Basic EPS": NaN,
        "Diluted NI Availto Com Stockholders": NaN,
        "Net Income Common Stockholders": NaN,
        "Net Income": NaN,
        "Net Income Including Noncontrolling Interests": NaN,
        "Net Income Continuous Operations": NaN,
        "Tax Provision": NaN,
        "Pretax Income": NaN,
        "Other Income Expense": NaN,
        "Other Non Operating Income Expenses": NaN,
        "Special Income Charges": 0.0,
        "Write Off": NaN,
        "Impairment Of Capital Assets": NaN,
        "Restructuring And Mergern Acquisition": 0.0,
        "Gain On Sale Of Security": NaN,
        "Net Non Operating Interest Income Expense": NaN,
        "Interest Expense Non Operating": NaN,
        "Interest Income Non Operating": NaN,
        "Operating Income": NaN,
        "Operating Expense": NaN,
        "Depreciation Amortization Depletion Income Statement": NaN,
        "Depreciation And Amortization In Income Statement": NaN,
        "Research And Development": NaN,
        "Selling General And Administration": NaN,
        "Selling And Marketing Expense": NaN,
        "General And Administrative Expense": NaN,
        "Other Gand A": NaN,
        "Gross Profit": NaN,
        "Cost Of Revenue": NaN,
        "Total Revenue": NaN,
        "Operating Revenue": NaN
    },
    "2022-12-31": {
        "Tax Effect Of Unusual Items": NaN,
        "Tax Rate For Calcs": NaN,
        "Normalized EBITDA": NaN,
        "Total Unusual Items": NaN,
        "Total Unusual Items Excluding Goodwill": NaN,
        "Net Income From Continuing Operation Net Minority Interest": NaN,
        "Reconciled Depreciation": NaN,
        "Reconciled Cost Of Revenue": NaN,
        "EBITDA": NaN,
        "EBIT": NaN,
        "Net Interest Income": NaN,
        "Interest Expense": NaN,
        "Interest Income": NaN,
        "Normalized Income": NaN,
        "Net Income From Continuing And Discontinued Operation": NaN,
        "Total Expenses": NaN,
        "Total Operating Income As Reported": NaN,
        "Diluted Average Shares": NaN,
        "Basic Average Shares": NaN,
        "Diluted EPS": NaN,
        "Basic EPS": NaN,
        "Diluted NI Availto Com Stockholders": NaN,
        "Net Income Common Stockholders": NaN,
        "Net Income": NaN,
        "Net Income Including Noncontrolling Interests": NaN,
        "Net Income Continuous Operations": NaN,
        "Tax Provision": NaN,
        "Pretax Income": NaN,
        "Other Income Expense": NaN,
        "Other Non Operating Income Expenses": NaN,
        "Special Income Charges": NaN,
        "Write Off": 0.0,
        "Impairment Of Capital Assets": 0.0,
        "Restructuring And Mergern Acquisition": 0.0,
        "Gain On Sale Of Security": 269000.0,
        "Net Non Operating Interest Income Expense": NaN,
        "Interest Expense Non Operating": NaN,
        "Interest Income Non Operating": NaN,
        "Operating Income": NaN,
        "Operating Expense": NaN,
        "Depreciation Amortization Depletion Income Statement": NaN,
        "Depreciation And Amortization In Income Statement": NaN,
        "Research And Development": NaN,
        "Selling General And Administration": NaN,
        "Selling And Marketing Expense": NaN,
        "General And Administrative Expense": NaN,
        "Other Gand A": NaN,
        "Gross Profit": NaN,
        "Cost Of Revenue": NaN,
        "Total Revenue": NaN,
        "Operating Revenue": NaN
    },
    "2022-09-30": {
        "Tax Effect Of Unusual Items": NaN,
        "Tax Rate For Calcs": NaN,
        "Normalized EBITDA": NaN,
        "Total Unusual Items": NaN,
        "Total Unusual Items Excluding Goodwill": NaN,
        "Net Income From Continuing Operation Net Minority Interest": NaN,
        "Reconciled Depreciation": NaN,
        "Reconciled Cost Of Revenue": NaN,
        "EBITDA": NaN,
        "EBIT": NaN,
        "Net Interest Income": NaN,
        "Interest Expense": NaN,
        "Interest Income": 1024000.0,
        "Normalized Income": NaN,
        "Net Income From Continuing And Discontinued Operation": NaN,
        "Total Expenses": NaN,
        "Total Operating Income As Reported": NaN,
        "Diluted Average Shares": NaN,
        "Basic Average Shares": NaN,
        "Diluted EPS": NaN,
        "Basic EPS": NaN,
        "Diluted NI Availto Com Stockholders": NaN,
        "Net Income Common Stockholders": NaN,
        "Net Income": NaN,
        "Net Income Including Noncontrolling Interests": NaN,
        "Net Income Continuous Operations": NaN,
        "Tax Provision": NaN,
        "Pretax Income": NaN,
        "Other Income Expense": NaN,
        "Other Non Operating Income Expenses": NaN,
        "Special Income Charges": NaN,
        "Write Off": 2828000.0,
        "Impairment Of Capital Assets": 2828000.0,
        "Restructuring And Mergern Acquisition": NaN,
        "Gain On Sale Of Security": 6706000.0,
        "Net Non Operating Interest Income Expense": NaN,
        "Interest Expense Non Operating": NaN,
        "Interest Income Non Operating": 1024000.0,
        "Operating Income": NaN,
        "Operating Expense": NaN,
        "Depreciation Amortization Depletion Income Statement": NaN,
        "Depreciation And Amortization In Income Statement": NaN,
        "Research And Development": NaN,
        "Selling General And Administration": NaN,
        "Selling And Marketing Expense": NaN,
        "General And Administrative Expense": NaN,
        "Other Gand A": NaN,
        "Gross Profit": NaN,
        "Cost Of Revenue": NaN,
        "Total Revenue": NaN,
        "Operating Revenue": NaN
    },
    "2022-06-30": {
        "Tax Effect Of Unusual Items": 6236800.0,
        "Tax Rate For Calcs": 0.4,
        "Normalized EBITDA": -20539000.0,
        "Total Unusual Items": 15592000.0,
        "Total Unusual Items Excluding Goodwill": 15592000.0,
        "Net Income From Continuing Operation Net Minority Interest": -6178000.0,
        "Reconciled Depreciation": 1186000.0,
        "Reconciled Cost Of Revenue": 571000.0,
        "EBITDA": -4947000.0,
        "EBIT": -6133000.0,
        "Net Interest Income": 0.0,
        "Interest Expense": 0.0,
        "Normalized Income": -15533200.0,
        "Net Income From Continuing And Discontinued Operation": -6178000.0,
        "Total Expenses": 22951000.0,
        "Total Operating Income As Reported": -21974000.0,
        "Diluted Average Shares": 133777000.0,
        "Basic Average Shares": 133777000.0,
        "Diluted EPS": -0.05,
        "Basic EPS": -0.05,
        "Diluted NI Availto Com Stockholders": -6178000.0,
        "Net Income Common Stockholders": -6178000.0,
        "Net Income": -6178000.0,
        "Net Income Including Noncontrolling Interests": -6178000.0,
        "Net Income Continuous Operations": -6178000.0,
        "Tax Provision": 45000.0,
        "Pretax Income": -6133000.0,
        "Other Income Expense": 15841000.0,
        "Other Non Operating Income Expenses": 249000.0,
        "Special Income Charges": 0.0,
        "Write Off": 0.0,
        "Impairment Of Capital Assets": NaN,
        "Restructuring And Mergern Acquisition": 0.0,
        "Gain On Sale Of Security": 15592000.0,
        "Net Non Operating Interest Income Expense": 0.0,
        "Interest Expense Non Operating": 0.0,
        "Operating Income": -21974000.0,
        "Operating Expense": 22380000.0,
        "Depreciation Amortization Depletion Income Statement": NaN,
        "Depreciation And Amortization In Income Statement": NaN,
        "Research And Development": 9763000.0,
        "Selling General And Administration": 12617000.0,
        "Selling And Marketing Expense": 1949000.0,
        "General And Administrative Expense": 10668000.0,
        "Other Gand A": 10668000.0,
        "Gross Profit": 406000.0,
        "Cost Of Revenue": 571000.0,
        "Total Revenue": 977000.0,
        "Operating Revenue": 977000.0
    },
    "2022-03-31": {
        "Diluted EPS": -0.25,
        "Total Revenue": 43,
        "Gross Profit": 43,
        "Operating Income": 21,
        "EBIT": 22,
        "Net Income": -20
    },
    "2021-12-31": {
        "Diluted EPS": 0.51,
        "Total Revenue": NaN,
        "Gross Profit": NaN,
        "Operating Income": -13,
        "EBIT": -11,
        "Net Income": -13
    },
    "2021-09-30": {
        "Diluted EPS": -0.45,
        "Total Revenue": NaN,
        "Gross Profit": NaN,
        "Operating Income": -6,
        "EBIT": -5,
        "Net Income": -6
    },
    "2021-06-30": {
        "Diluted EPS": 0.16,
        "Total Revenue": NaN,
        "Gross Profit": NaN,
        "Operating Income": -8,
        "EBIT": -8,
        "Net Income": 17
    },
    "2021-03-31": {
        "Diluted EPS": -2.67,
        "Total Revenue": NaN,
        "Gross Profit": NaN,
        "Operating Income": -3,
        "EBIT": -3,
        "Net Income": -29
    },
    "2020-12-31": {
        "Diluted EPS": 0.0,
        "Total Revenue": NaN,
        "Gross Profit": NaN,
        "Operating Income": NaN,
        "EBIT": NaN,
        "Net Income": NaN
    },
    "2020-06-30": {
        "Diluted EPS": -0.19,
        "Total Revenue": NaN,
        "Gross Profit": NaN,
        "Operating Income": 0,
        "EBIT": 0,
        "Net Income": -2
    },
    "2023-06-30": {
        "Tax Effect Of Unusual Items": 0.0,
        "Tax Rate For Calcs": 0.21,
        "Normalized EBITDA": -25932000.0,
        "Total Unusual Items": 0.0,
        "Total Unusual Items Excluding Goodwill": 0.0,
        "Net Income From Continuing Operation Net Minority Interest": -26162000.0,
        "Reconciled Depreciation": 226000.0,
        "Reconciled Cost Of Revenue": 35733000.0,
        "EBITDA": -25932000.0,
        "EBIT": -26158000.0,
        "Net Interest Income": 2295000.0,
        "Interest Expense": 0.0,
        "Interest Income": 2295000.0,
        "Normalized Income": -26162000.0,
        "Net Income From Continuing And Discontinued Operation": -26162000.0,
        "Total Expenses": 68041000.0,
        "Total Operating Income As Reported": -28361000.0,
        "Diluted Average Shares": 142756000.0,
        "Basic Average Shares": 142756000.0,
        "Diluted EPS": -0.18,
        "Basic EPS": -0.18,
        "Diluted NI Availto Com Stockholders": -26162000.0,
        "Net Income Common Stockholders": -26162000.0,
        "Net Income": -26162000.0,
        "Net Income Including Noncontrolling Interests": -26162000.0,
        "Net Income Continuous Operations": -26162000.0,
        "Tax Provision": 4000.0,
        "Pretax Income": -26158000.0,
        "Other Income Expense": -92000.0,
        "Other Non Operating Income Expenses": -92000.0,
        "Special Income Charges": 0.0,
        "Write Off": 0.0,
        "Impairment Of Capital Assets": NaN,
        "Restructuring And Mergern Acquisition": 0.0,
        "Gain On Sale Of Security": NaN,
        "Net Non Operating Interest Income Expense": 2295000.0,
        "Interest Expense Non Operating": 0.0,
        "Interest Income Non Operating": 2295000.0,
        "Operating Income": -28361000.0,
        "Operating Expense": 32308000.0,
        "Depreciation Amortization Depletion Income Statement": 226000.0,
        "Depreciation And Amortization In Income Statement": 226000.0,
        "Research And Development": 10218000.0,
        "Selling General And Administration": 21864000.0,
        "Selling And Marketing Expense": 4852000.0,
        "General And Administrative Expense": 17012000.0,
        "Other Gand A": 17012000.0,
        "Gross Profit": 3947000.0,
        "Cost Of Revenue": 35733000.0,
        "Total Revenue": 39680000.0,
        "Operating Revenue": 39680000.0
    },
    "2023-09-30": {
        "Tax Effect Of Unusual Items": 0.0,
        "Tax Rate For Calcs": 0.020731,
        "Normalized EBITDA": -19090000.0,
        "Total Unusual Items": 0.0,
        "Total Unusual Items Excluding Goodwill": 0.0,
        "Net Income From Continuing Operation Net Minority Interest": -18942000.0,
        "Reconciled Depreciation": 235000.0,
        "Reconciled Cost Of Revenue": 165057000.0,
        "EBITDA": -19090000.0,
        "EBIT": -19325000.0,
        "Net Interest Income": 1901000.0,
        "Interest Expense": 18000.0,
        "Interest Income": 1919000.0,
        "Normalized Income": -18942000.0,
        "Net Income From Continuing And Discontinued Operation": -18942000.0,
        "Total Expenses": 193441000.0,
        "Total Operating Income As Reported": -21236000.0,
        "Diluted Average Shares": 143867000.0,
        "Basic Average Shares": 143867000.0,
        "Diluted EPS": -0.13,
        "Basic EPS": -0.13,
        "Diluted NI Availto Com Stockholders": -18942000.0,
        "Net Income Common Stockholders": -18942000.0,
        "Net Income": -18942000.0,
        "Net Income Including Noncontrolling Interests": -18942000.0,
        "Net Income Continuous Operations": -18942000.0,
        "Tax Provision": -401000.0,
        "Pretax Income": -19343000.0,
        "Other Income Expense": -8000.0,
        "Other Non Operating Income Expenses": -8000.0,
        "Special Income Charges": 0.0,
        "Write Off": 0.0,
        "Impairment Of Capital Assets": 0.0,
        "Restructuring And Mergern Acquisition": 0.0,
        "Gain On Sale Of Security": NaN,
        "Net Non Operating Interest Income Expense": 1901000.0,
        "Interest Expense Non Operating": 18000.0,
        "Interest Income Non Operating": 1919000.0,
        "Operating Income": -21236000.0,
        "Operating Expense": 28384000.0,
        "Depreciation Amortization Depletion Income Statement": 235000.0,
        "Depreciation And Amortization In Income Statement": 235000.0,
        "Research And Development": 8156000.0,
        "Selling General And Administration": 19993000.0,
        "Selling And Marketing Expense": 4183000.0,
        "General And Administrative Expense": 15810000.0,
        "Other Gand A": 15810000.0,
        "Gross Profit": 7148000.0,
        "Cost Of Revenue": 165057000.0,
        "Total Revenue": 172205000.0,
        "Operating Revenue": 172205000.0
    },
    "2023-12-31": {
        "Tax Effect Of Unusual Items": 0.0,
        "Tax Rate For Calcs": 0.21,
        "Normalized EBITDA": -21885000.0,
        "Total Unusual Items": 0.0,
        "Total Unusual Items Excluding Goodwill": 0.0,
        "Net Income From Continuing Operation Net Minority Interest": -22172000.0,
        "Reconciled Depreciation": 223000.0,
        "Reconciled Cost Of Revenue": 114219000.0,
        "EBITDA": -21885000.0,
        "EBIT": -22108000.0,
        "Net Interest Income": 1987000.0,
        "Interest Expense": 16000.0,
        "Interest Income": 2003000.0,
        "Normalized Income": -22172000.0,
        "Net Income From Continuing And Discontinued Operation": -22172000.0,
        "Total Expenses": 142433000.0,
        "Total Operating Income As Reported": -24197000.0,
        "Diluted Average Shares": 145299000.0,
        "Basic Average Shares": 145299000.0,
        "Diluted EPS": -0.15,
        "Basic EPS": -0.15,
        "Diluted NI Availto Com Stockholders": -22172000.0,
        "Net Income Common Stockholders": -22172000.0,
        "Net Income": -22172000.0,
        "Net Income Including Noncontrolling Interests": -22172000.0,
        "Net Income Continuous Operations": -22172000.0,
        "Tax Provision": 48000.0,
        "Pretax Income": -22124000.0,
        "Other Income Expense": 86000.0,
        "Other Non Operating Income Expenses": 86000.0,
        "Special Income Charges": 0.0,
        "Write Off": 0.0,
        "Impairment Of Capital Assets": 0.0,
        "Restructuring And Mergern Acquisition": 0.0,
        "Gain On Sale Of Security": NaN,
        "Net Non Operating Interest Income Expense": 1987000.0,
        "Interest Expense Non Operating": 16000.0,
        "Interest Income Non Operating": 2003000.0,
        "Operating Income": -24197000.0,
        "Operating Expense": 28214000.0,
        "Depreciation Amortization Depletion Income Statement": 223000.0,
        "Depreciation And Amortization In Income Statement": 223000.0,
        "Research And Development": 7552000.0,
        "Selling General And Administration": 20439000.0,
        "Selling And Marketing Expense": 4601000.0,
        "General And Administrative Expense": 15838000.0,
        "Other Gand A": 15838000.0,
        "Gross Profit": 4017000.0,
        "Cost Of Revenue": 114219000.0,
        "Total Revenue": 118236000.0,
        "Operating Revenue": 118236000.0
    },
    "2024-03-31": {
        "Tax Effect Of Unusual Items": 0.0,
        "Tax Rate For Calcs": 0.0,
        "Normalized EBITDA": -20836000.0,
        "Total Unusual Items": NaN,
        "Total Unusual Items Excluding Goodwill": NaN,
        "Net Income From Continuing Operation Net Minority Interest": -21139000.0,
        "Reconciled Depreciation": 295000.0,
        "Reconciled Cost Of Revenue": 5691000.0,
        "EBITDA": -20836000.0,
        "EBIT": -21131000.0,
        "Net Interest Income": 1818000.0,
        "Interest Expense": 8000.0,
        "Interest Income": 1826000.0,
        "Normalized Income": -21139000.0,
        "Net Income From Continuing And Discontinued Operation": -21139000.0,
        "Total Expenses": 32386000.0,
        "Total Operating Income As Reported": -24627000.0,
        "Diluted Average Shares": 147019000.0,
        "Basic Average Shares": 147019000.0,
        "Diluted EPS": -0.14,
        "Basic EPS": -0.14,
        "Diluted NI Availto Com Stockholders": -21139000.0,
        "Net Income Common Stockholders": -21139000.0,
        "Net Income": -21139000.0,
        "Net Income Including Noncontrolling Interests": -21139000.0,
        "Net Income Continuous Operations": -21139000.0,
        "Tax Provision": 0.0,
        "Pretax Income": -21139000.0,
        "Other Income Expense": 1670000.0,
        "Other Non Operating Income Expenses": 1670000.0,
        "Special Income Charges": NaN,
        "Write Off": NaN,
        "Impairment Of Capital Assets": NaN,
        "Restructuring And Mergern Acquisition": NaN,
        "Gain On Sale Of Security": NaN,
        "Net Non Operating Interest Income Expense": 1818000.0,
        "Interest Expense Non Operating": 8000.0,
        "Interest Income Non Operating": 1826000.0,
        "Operating Income": -24627000.0,
        "Operating Expense": 26695000.0,
        "Depreciation Amortization Depletion Income Statement": 295000.0,
        "Depreciation And Amortization In Income Statement": 295000.0,
        "Research And Development": 6966000.0,
        "Selling General And Administration": 19434000.0,
        "Selling And Marketing Expense": 4170000.0,
        "General And Administrative Expense": 15264000.0,
        "Other Gand A": 15264000.0,
        "Gross Profit": 2068000.0,
        "Cost Of Revenue": 5691000.0,
        "Total Revenue": 7759000.0,
        "Operating Revenue": 7759000.0
    },
    "2024-06-30": {
        "Tax Effect Of Unusual Items": 0.0,
        "Tax Rate For Calcs": 0.0,
        "Normalized EBITDA": -25317000.0,
        "Total Unusual Items": -565000.0,
        "Total Unusual Items Excluding Goodwill": -565000.0,
        "Net Income From Continuing Operation Net Minority Interest": -26199000.0,
        "Reconciled Depreciation": 279000.0,
        "Reconciled Cost Of Revenue": 2721000.0,
        "EBITDA": -25882000.0,
        "EBIT": -26161000.0,
        "Net Interest Income": 1708000.0,
        "Interest Expense": 38000.0,
        "Interest Income": 1746000.0,
        "Normalized Income": -25634000.0,
        "Net Income From Continuing And Discontinued Operation": -26199000.0,
        "Total Expenses": 31090000.0,
        "Total Operating Income As Reported": -27885000.0,
        "Diluted Average Shares": 149143000.0,
        "Basic Average Shares": 149143000.0,
        "Diluted EPS": -0.18,
        "Basic EPS": -0.18,
        "Diluted NI Availto Com Stockholders": -26199000.0,
        "Net Income Common Stockholders": -26199000.0,
        "Net Income": -26199000.0,
        "Net Income Including Noncontrolling Interests": -26199000.0,
        "Net Income Continuous Operations": -26199000.0,
        "Tax Provision": 0.0,
        "Pretax Income": -26199000.0,
        "Other Income Expense": -587000.0,
        "Other Non Operating Income Expenses": -22000.0,
        "Special Income Charges": -565000.0,
        "Write Off": 565000.0,
        "Impairment Of Capital Assets": NaN,
        "Restructuring And Mergern Acquisition": NaN,
        "Gain On Sale Of Security": NaN,
        "Net Non Operating Interest Income Expense": 1708000.0,
        "Interest Expense Non Operating": 38000.0,
        "Interest Income Non Operating": 1746000.0,
        "Operating Income": -27320000.0,
        "Operating Expense": 28369000.0,
        "Depreciation Amortization Depletion Income Statement": 279000.0,
        "Depreciation And Amortization In Income Statement": 279000.0,
        "Research And Development": 6951000.0,
        "Selling General And Administration": 21139000.0,
        "Selling And Marketing Expense": 4861000.0,
        "General And Administrative Expense": 16278000.0,
        "Other Gand A": 16278000.0,
        "Gross Profit": 1049000.0,
        "Cost Of Revenue": 2721000.0,
        "Total Revenue": 3770000.0,
        "Operating Revenue": 3770000.0
    }
}