{
    "2023-03-31": {
        "Tax Effect Of Unusual Items": NaN,
        "Tax Rate For Calcs": NaN,
        "Normalized EBITDA": NaN,
        "Total Unusual Items": NaN,
        "Total Unusual Items Excluding Goodwill": NaN,
        "Net Income From Continuing Operation Net Minority Interest": NaN,
        "Reconciled Depreciation": NaN,
        "EBITDA": NaN,
        "EBIT": NaN,
        "Net Interest Income": NaN,
        "Interest Expense": NaN,
        "Interest Income": NaN,
        "Normalized Income": NaN,
        "Net Income From Continuing And Discontinued Operation": NaN,
        "Total Expenses": NaN,
        "Total Operating Income As Reported": NaN,
        "Diluted Average Shares": 664739.0,
        "Basic Average Shares": 664739.0,
        "Diluted EPS": -16.6,
        "Basic EPS": -16.6,
        "Diluted NI Availto Com Stockholders": NaN,
        "Net Income Common Stockholders": NaN,
        "Otherunder Preferred Stock Dividend": NaN,
        "Net Income": NaN,
        "Net Income Including Noncontrolling Interests": NaN,
        "Net Income Continuous Operations": NaN,
        "Pretax Income": NaN,
        "Other Income Expense": NaN,
        "Other Non Operating Income Expenses": -1772000.0,
        "Special Income Charges": 0.0,
        "Restructuring And Mergern Acquisition": 0.0,
        "Gain On Sale Of Security": NaN,
        "Net Non Operating Interest Income Expense": NaN,
        "Interest Expense Non Operating": NaN,
        "Interest Income Non Operating": NaN,
        "Operating Income": NaN,
        "Operating Expense": NaN,
        "Other Operating Expenses": NaN,
        "Research And Development": NaN,
        "Selling General And Administration": NaN,
        "General And Administrative Expense": NaN,
        "Other Gand A": NaN,
        "Total Revenue": NaN,
        "Operating Revenue": NaN
    },
    "2022-12-31": {
        "Tax Effect Of Unusual Items": NaN,
        "Tax Rate For Calcs": NaN,
        "Normalized EBITDA": NaN,
        "Total Unusual Items": NaN,
        "Total Unusual Items Excluding Goodwill": NaN,
        "Net Income From Continuing Operation Net Minority Interest": NaN,
        "Reconciled Depreciation": NaN,
        "EBITDA": NaN,
        "EBIT": NaN,
        "Net Interest Income": NaN,
        "Interest Expense": NaN,
        "Interest Income": NaN,
        "Normalized Income": NaN,
        "Net Income From Continuing And Discontinued Operation": NaN,
        "Total Expenses": NaN,
        "Total Operating Income As Reported": NaN,
        "Diluted Average Shares": NaN,
        "Basic Average Shares": NaN,
        "Diluted EPS": NaN,
        "Basic EPS": NaN,
        "Diluted NI Availto Com Stockholders": NaN,
        "Net Income Common Stockholders": NaN,
        "Otherunder Preferred Stock Dividend": 0.0,
        "Net Income": NaN,
        "Net Income Including Noncontrolling Interests": NaN,
        "Net Income Continuous Operations": NaN,
        "Pretax Income": NaN,
        "Other Income Expense": NaN,
        "Other Non Operating Income Expenses": NaN,
        "Special Income Charges": 0.0,
        "Restructuring And Mergern Acquisition": 0.0,
        "Gain On Sale Of Security": NaN,
        "Net Non Operating Interest Income Expense": NaN,
        "Interest Expense Non Operating": NaN,
        "Interest Income Non Operating": NaN,
        "Operating Income": NaN,
        "Operating Expense": NaN,
        "Other Operating Expenses": NaN,
        "Research And Development": NaN,
        "Selling General And Administration": NaN,
        "General And Administrative Expense": NaN,
        "Other Gand A": NaN,
        "Total Revenue": NaN,
        "Operating Revenue": NaN
    },
    "2022-09-30": {
        "Tax Effect Of Unusual Items": NaN,
        "Tax Rate For Calcs": NaN,
        "Normalized EBITDA": NaN,
        "Total Unusual Items": NaN,
        "Total Unusual Items Excluding Goodwill": NaN,
        "Net Income From Continuing Operation Net Minority Interest": NaN,
        "Reconciled Depreciation": NaN,
        "EBITDA": NaN,
        "EBIT": NaN,
        "Net Interest Income": NaN,
        "Interest Expense": NaN,
        "Interest Income": NaN,
        "Normalized Income": NaN,
        "Net Income From Continuing And Discontinued Operation": NaN,
        "Total Expenses": NaN,
        "Total Operating Income As Reported": NaN,
        "Diluted Average Shares": 6644959.0,
        "Basic Average Shares": 6644959.0,
        "Diluted EPS": -1.4,
        "Basic EPS": -1.4,
        "Diluted NI Availto Com Stockholders": NaN,
        "Net Income Common Stockholders": NaN,
        "Otherunder Preferred Stock Dividend": 0.0,
        "Net Income": NaN,
        "Net Income Including Noncontrolling Interests": NaN,
        "Net Income Continuous Operations": NaN,
        "Pretax Income": NaN,
        "Other Income Expense": NaN,
        "Other Non Operating Income Expenses": NaN,
        "Special Income Charges": NaN,
        "Restructuring And Mergern Acquisition": NaN,
        "Gain On Sale Of Security": NaN,
        "Net Non Operating Interest Income Expense": NaN,
        "Interest Expense Non Operating": NaN,
        "Interest Income Non Operating": NaN,
        "Operating Income": NaN,
        "Operating Expense": NaN,
        "Other Operating Expenses": NaN,
        "Research And Development": NaN,
        "Selling General And Administration": NaN,
        "General And Administrative Expense": NaN,
        "Other Gand A": NaN,
        "Total Revenue": NaN,
        "Operating Revenue": NaN
    },
    "2022-06-30": {
        "Tax Effect Of Unusual Items": 0.0,
        "Tax Rate For Calcs": 0.0,
        "Normalized EBITDA": -9576000.0,
        "Total Unusual Items": 2595000.0,
        "Total Unusual Items Excluding Goodwill": 2595000.0,
        "Net Income From Continuing Operation Net Minority Interest": -6982000.0,
        "Reconciled Depreciation": 1000.0,
        "EBITDA": -6981000.0,
        "EBIT": -6982000.0,
        "Net Interest Income": 23000.0,
        "Interest Expense": 0.0,
        "Interest Income": 23000.0,
        "Normalized Income": -9577000.0,
        "Net Income From Continuing And Discontinued Operation": -6982000.0,
        "Total Expenses": 9600000.0,
        "Total Operating Income As Reported": -9600000.0,
        "Diluted Average Shares": 65732343.0,
        "Basic Average Shares": 65732343.0,
        "Diluted EPS": -0.11,
        "Basic EPS": -0.11,
        "Diluted NI Availto Com Stockholders": -6982000.0,
        "Net Income Common Stockholders": -6982000.0,
        "Otherunder Preferred Stock Dividend": 0.0,
        "Net Income": -6982000.0,
        "Net Income Including Noncontrolling Interests": -6982000.0,
        "Net Income Continuous Operations": -6982000.0,
        "Pretax Income": -6982000.0,
        "Other Income Expense": 2595000.0,
        "Other Non Operating Income Expenses": NaN,
        "Special Income Charges": 2479000.0,
        "Restructuring And Mergern Acquisition": -2479000.0,
        "Gain On Sale Of Security": 116000.0,
        "Net Non Operating Interest Income Expense": 23000.0,
        "Interest Expense Non Operating": 0.0,
        "Interest Income Non Operating": 23000.0,
        "Operating Income": -9600000.0,
        "Operating Expense": 9600000.0,
        "Research And Development": 2958000.0,
        "Selling General And Administration": 6642000.0,
        "General And Administrative Expense": 6642000.0,
        "Other Gand A": 6642000.0,
        "Total Revenue": 0.0,
        "Operating Revenue": 0.0
    },
    "2022-03-31": {
        "Diluted EPS": -0.21,
        "Total Revenue": NaN,
        "Gross Profit": NaN,
        "Operating Income": -16,
        "EBIT": -16,
        "Net Income": -13
    },
    "2021-12-31": {
        "Diluted EPS": 0.42,
        "Total Revenue": NaN,
        "Gross Profit": NaN,
        "Operating Income": -53,
        "EBIT": -53,
        "Net Income": -30
    },
    "2021-09-30": {
        "Diluted EPS": -0.72,
        "Total Revenue": NaN,
        "Gross Profit": NaN,
        "Operating Income": -20,
        "EBIT": -20,
        "Net Income": -37
    },
    "2021-06-30": {
        "Diluted EPS": -6.43,
        "Total Revenue": NaN,
        "Gross Profit": NaN,
        "Operating Income": -17,
        "EBIT": -17,
        "Net Income": -256
    },
    "2021-03-31": {
        "Diluted EPS": -0.71,
        "Total Revenue": NaN,
        "Gross Profit": NaN,
        "Operating Income": -26,
        "EBIT": -26,
        "Net Income": -25
    },
    "2020-12-31": {
        "Diluted EPS": -1.46,
        "Total Revenue": NaN,
        "Gross Profit": NaN,
        "Operating Income": -46,
        "EBIT": -46,
        "Net Income": -47
    },
    "2020-09-30": {
        "Diluted EPS": -0.15,
        "Total Revenue": NaN,
        "Gross Profit": NaN,
        "Operating Income": -5,
        "EBIT": -5,
        "Net Income": -5
    },
    "2020-06-30": {
        "Diluted EPS": 0.0,
        "Total Revenue": NaN,
        "Gross Profit": NaN,
        "Operating Income": 0,
        "EBIT": 0,
        "Net Income": 0
    },
    "2020-03-31": {
        "Diluted EPS": 0.1,
        "Total Revenue": NaN,
        "Gross Profit": NaN,
        "Operating Income": 0,
        "EBIT": 0,
        "Net Income": 0
    },
    "2019-12-31": {
        "Diluted EPS": -0.01,
        "Total Revenue": NaN,
        "Gross Profit": NaN,
        "Operating Income": 0,
        "EBIT": 0,
        "Net Income": 0
    },
    "2019-09-30": {
        "Diluted EPS": -0.04,
        "Total Revenue": NaN,
        "Gross Profit": NaN,
        "Operating Income": 0,
        "EBIT": 0,
        "Net Income": 0
    },
    "2019-06-30": {
        "Diluted EPS": -0.03,
        "Total Revenue": NaN,
        "Gross Profit": NaN,
        "Operating Income": 0,
        "EBIT": 0,
        "Net Income": 0
    },
    "2019-03-31": {
        "Diluted EPS": -0.03,
        "Total Revenue": NaN,
        "Gross Profit": NaN,
        "Operating Income": 0,
        "EBIT": 0,
        "Net Income": 0
    },
    "2018-12-31": {
        "Diluted EPS": -0.1,
        "Total Revenue": NaN,
        "Gross Profit": NaN,
        "Operating Income": 0,
        "EBIT": 0,
        "Net Income": 0
    },
    "2018-09-30": {
        "Diluted EPS": -0.06,
        "Total Revenue": NaN,
        "Gross Profit": NaN,
        "Operating Income": 0,
        "EBIT": 0,
        "Net Income": 0
    },
    "2018-06-30": {
        "Diluted EPS": -0.06,
        "Total Revenue": NaN,
        "Gross Profit": NaN,
        "Operating Income": 0,
        "EBIT": 0,
        "Net Income": 0
    },
    "2018-03-31": {
        "Diluted EPS": -0.07,
        "Total Revenue": NaN,
        "Gross Profit": NaN,
        "Operating Income": 0,
        "EBIT": 0,
        "Net Income": 0
    },
    "2017-12-31": {
        "Diluted EPS": 0.0,
        "Total Revenue": NaN,
        "Gross Profit": NaN,
        "Operating Income": NaN,
        "EBIT": NaN,
        "Net Income": NaN
    },
    "2023-06-30": {
        "Tax Effect Of Unusual Items": 0.0,
        "Tax Rate For Calcs": 0.0,
        "Normalized EBITDA": -8042000.0,
        "Total Unusual Items": -674000.0,
        "Total Unusual Items Excluding Goodwill": -674000.0,
        "Net Income From Continuing Operation Net Minority Interest": -8717000.0,
        "Reconciled Depreciation": 1000.0,
        "EBITDA": -8716000.0,
        "EBIT": -8717000.0,
        "Net Interest Income": 145000.0,
        "Interest Expense": 0.0,
        "Interest Income": 145000.0,
        "Normalized Income": -8043000.0,
        "Net Income From Continuing And Discontinued Operation": -8717000.0,
        "Total Expenses": 8188000.0,
        "Total Operating Income As Reported": -8188000.0,
        "Diluted Average Shares": 7322156.0,
        "Basic Average Shares": 7322156.0,
        "Diluted EPS": -1.21,
        "Basic EPS": -1.21,
        "Diluted NI Availto Com Stockholders": -8717000.0,
        "Net Income Common Stockholders": -8717000.0,
        "Otherunder Preferred Stock Dividend": NaN,
        "Net Income": -8717000.0,
        "Net Income Including Noncontrolling Interests": -8717000.0,
        "Net Income Continuous Operations": -8717000.0,
        "Pretax Income": -8717000.0,
        "Other Income Expense": -674000.0,
        "Other Non Operating Income Expenses": -250000.0,
        "Special Income Charges": 0.0,
        "Restructuring And Mergern Acquisition": 0.0,
        "Gain On Sale Of Security": -674000.0,
        "Net Non Operating Interest Income Expense": 145000.0,
        "Interest Expense Non Operating": 0.0,
        "Interest Income Non Operating": 145000.0,
        "Operating Income": -8188000.0,
        "Operating Expense": 8188000.0,
        "Other Operating Expenses": 250000.0,
        "Research And Development": 3873000.0,
        "Selling General And Administration": 4065000.0,
        "General And Administrative Expense": 4065000.0,
        "Other Gand A": 4065000.0,
        "Total Revenue": 0.0,
        "Operating Revenue": 0.0
    },
    "2023-09-30": {
        "Tax Effect Of Unusual Items": 0.0,
        "Tax Rate For Calcs": 0.0,
        "Normalized EBITDA": -5687000.0,
        "Total Unusual Items": -333000.0,
        "Total Unusual Items Excluding Goodwill": -333000.0,
        "Net Income From Continuing Operation Net Minority Interest": -6062000.0,
        "Reconciled Depreciation": 2000.0,
        "EBITDA": -6020000.0,
        "EBIT": -6022000.0,
        "Net Interest Income": 79000.0,
        "Interest Expense": 40000.0,
        "Interest Income": 119000.0,
        "Normalized Income": -5729000.0,
        "Net Income From Continuing And Discontinued Operation": -6062000.0,
        "Total Expenses": 5808000.0,
        "Total Operating Income As Reported": -5808000.0,
        "Diluted Average Shares": 8194695.0,
        "Basic Average Shares": 8194695.0,
        "Diluted EPS": -0.7,
        "Basic EPS": -0.7,
        "Diluted NI Availto Com Stockholders": -6062000.0,
        "Net Income Common Stockholders": -6062000.0,
        "Otherunder Preferred Stock Dividend": NaN,
        "Net Income": -6062000.0,
        "Net Income Including Noncontrolling Interests": -6062000.0,
        "Net Income Continuous Operations": -6062000.0,
        "Pretax Income": -6062000.0,
        "Other Income Expense": -333000.0,
        "Other Non Operating Income Expenses": NaN,
        "Special Income Charges": 0.0,
        "Restructuring And Mergern Acquisition": 0.0,
        "Gain On Sale Of Security": -333000.0,
        "Net Non Operating Interest Income Expense": 79000.0,
        "Interest Expense Non Operating": 40000.0,
        "Interest Income Non Operating": 119000.0,
        "Operating Income": -5808000.0,
        "Operating Expense": 5808000.0,
        "Other Operating Expenses": NaN,
        "Research And Development": 3314000.0,
        "Selling General And Administration": 2494000.0,
        "General And Administrative Expense": 2494000.0,
        "Other Gand A": 2494000.0,
        "Total Revenue": 0.0,
        "Operating Revenue": 0.0
    },
    "2023-12-31": {
        "Tax Effect Of Unusual Items": 0.0,
        "Tax Rate For Calcs": 0.0,
        "Normalized EBITDA": -4331000.0,
        "Total Unusual Items": 80000.0,
        "Total Unusual Items Excluding Goodwill": 80000.0,
        "Net Income From Continuing Operation Net Minority Interest": -4332000.0,
        "Reconciled Depreciation": 1000.0,
        "EBITDA": -4251000.0,
        "EBIT": -4252000.0,
        "Net Interest Income": -6000.0,
        "Interest Expense": 80000.0,
        "Interest Income": 74000.0,
        "Normalized Income": -4412000.0,
        "Net Income From Continuing And Discontinued Operation": -4332000.0,
        "Total Expenses": 4406000.0,
        "Total Operating Income As Reported": -4406000.0,
        "Diluted Average Shares": NaN,
        "Basic Average Shares": NaN,
        "Diluted EPS": NaN,
        "Basic EPS": NaN,
        "Diluted NI Availto Com Stockholders": -4341000.0,
        "Net Income Common Stockholders": -4341000.0,
        "Otherunder Preferred Stock Dividend": NaN,
        "Net Income": -4332000.0,
        "Net Income Including Noncontrolling Interests": -4332000.0,
        "Net Income Continuous Operations": -4332000.0,
        "Pretax Income": -4332000.0,
        "Other Income Expense": 80000.0,
        "Other Non Operating Income Expenses": NaN,
        "Special Income Charges": 0.0,
        "Restructuring And Mergern Acquisition": 0.0,
        "Gain On Sale Of Security": 80000.0,
        "Net Non Operating Interest Income Expense": -6000.0,
        "Interest Expense Non Operating": 80000.0,
        "Interest Income Non Operating": 74000.0,
        "Operating Income": -4406000.0,
        "Operating Expense": 4406000.0,
        "Other Operating Expenses": 0.0,
        "Research And Development": 2534000.0,
        "Selling General And Administration": 1872000.0,
        "General And Administrative Expense": 1872000.0,
        "Other Gand A": 1872000.0,
        "Total Revenue": 0.0,
        "Operating Revenue": 0.0
    },
    "2024-03-31": {
        "Tax Effect Of Unusual Items": 0.0,
        "Tax Rate For Calcs": 0.0,
        "Normalized EBITDA": -5970000.0,
        "Total Unusual Items": -327000.0,
        "Total Unusual Items Excluding Goodwill": -327000.0,
        "Net Income From Continuing Operation Net Minority Interest": -6528000.0,
        "Reconciled Depreciation": 1000.0,
        "EBITDA": -6297000.0,
        "EBIT": -6298000.0,
        "Net Interest Income": -203000.0,
        "Interest Expense": 230000.0,
        "Interest Income": 27000.0,
        "Normalized Income": -6201000.0,
        "Net Income From Continuing And Discontinued Operation": -6528000.0,
        "Total Expenses": 5998000.0,
        "Total Operating Income As Reported": -5998000.0,
        "Diluted Average Shares": 885228.0,
        "Basic Average Shares": 885228.0,
        "Diluted EPS": -7.4,
        "Basic EPS": -7.4,
        "Diluted NI Availto Com Stockholders": -6528000.0,
        "Net Income Common Stockholders": -6528000.0,
        "Otherunder Preferred Stock Dividend": NaN,
        "Net Income": -6528000.0,
        "Net Income Including Noncontrolling Interests": -6528000.0,
        "Net Income Continuous Operations": -6528000.0,
        "Pretax Income": -6528000.0,
        "Other Income Expense": -327000.0,
        "Other Non Operating Income Expenses": NaN,
        "Special Income Charges": NaN,
        "Restructuring And Mergern Acquisition": NaN,
        "Gain On Sale Of Security": -327000.0,
        "Net Non Operating Interest Income Expense": -203000.0,
        "Interest Expense Non Operating": 230000.0,
        "Interest Income Non Operating": 27000.0,
        "Operating Income": -5998000.0,
        "Operating Expense": 5998000.0,
        "Other Operating Expenses": NaN,
        "Research And Development": 1748000.0,
        "Selling General And Administration": 4250000.0,
        "General And Administrative Expense": 4250000.0,
        "Other Gand A": 4250000.0,
        "Total Revenue": 0.0,
        "Operating Revenue": 0.0
    },
    "2024-06-30": {
        "Tax Effect Of Unusual Items": 0.0,
        "Tax Rate For Calcs": 0.0,
        "Normalized EBITDA": -7891000.0,
        "Total Unusual Items": -5000.0,
        "Total Unusual Items Excluding Goodwill": -5000.0,
        "Net Income From Continuing Operation Net Minority Interest": -7897000.0,
        "Reconciled Depreciation": 1000.0,
        "EBITDA": -7896000.0,
        "EBIT": -7897000.0,
        "Net Interest Income": 7000.0,
        "Interest Expense": 0.0,
        "Interest Income": 7000.0,
        "Normalized Income": -7892000.0,
        "Net Income From Continuing And Discontinued Operation": -7897000.0,
        "Total Expenses": 7050000.0,
        "Total Operating Income As Reported": -7050000.0,
        "Diluted Average Shares": 10517460.0,
        "Basic Average Shares": 10517460.0,
        "Diluted EPS": -0.75,
        "Basic EPS": -0.75,
        "Diluted NI Availto Com Stockholders": -7897000.0,
        "Net Income Common Stockholders": -7897000.0,
        "Otherunder Preferred Stock Dividend": NaN,
        "Net Income": -7897000.0,
        "Net Income Including Noncontrolling Interests": -7897000.0,
        "Net Income Continuous Operations": -7897000.0,
        "Pretax Income": -7897000.0,
        "Other Income Expense": -854000.0,
        "Other Non Operating Income Expenses": -849000.0,
        "Special Income Charges": NaN,
        "Restructuring And Mergern Acquisition": NaN,
        "Gain On Sale Of Security": -5000.0,
        "Net Non Operating Interest Income Expense": 7000.0,
        "Interest Expense Non Operating": 0.0,
        "Interest Income Non Operating": 7000.0,
        "Operating Income": -7050000.0,
        "Operating Expense": 7050000.0,
        "Other Operating Expenses": NaN,
        "Research And Development": 2804000.0,
        "Selling General And Administration": 4246000.0,
        "General And Administrative Expense": 4246000.0,
        "Other Gand A": 4246000.0,
        "Total Revenue": 0.0,
        "Operating Revenue": 0.0
    }
}