{
    "2023-06-30": {
        "Tax Effect Of Unusual Items": NaN,
        "Tax Rate For Calcs": NaN,
        "Normalized EBITDA": NaN,
        "Total Unusual Items": NaN,
        "Total Unusual Items Excluding Goodwill": NaN,
        "Net Income From Continuing Operation Net Minority Interest": NaN,
        "Reconciled Depreciation": NaN,
        "Reconciled Cost Of Revenue": NaN,
        "EBITDA": NaN,
        "EBIT": NaN,
        "Net Interest Income": NaN,
        "Interest Expense": NaN,
        "Normalized Income": NaN,
        "Net Income From Continuing And Discontinued Operation": NaN,
        "Total Expenses": NaN,
        "Rent Expense Supplemental": 99000000.0,
        "Total Operating Income As Reported": NaN,
        "Diluted Average Shares": NaN,
        "Basic Average Shares": NaN,
        "Diluted EPS": NaN,
        "Basic EPS": NaN,
        "Diluted NI Availto Com Stockholders": NaN,
        "Net Income Common Stockholders": NaN,
        "Preferred Stock Dividends": NaN,
        "Net Income": NaN,
        "Net Income Including Noncontrolling Interests": NaN,
        "Net Income Continuous Operations": NaN,
        "Tax Provision": NaN,
        "Pretax Income": NaN,
        "Other Income Expense": NaN,
        "Other Non Operating Income Expenses": NaN,
        "Special Income Charges": NaN,
        "Gain On Sale Of Ppe": -19000000.0,
        "Other Special Charges": NaN,
        "Restructuring And Mergern Acquisition": 0.0,
        "Net Non Operating Interest Income Expense": NaN,
        "Interest Expense Non Operating": NaN,
        "Operating Income": NaN,
        "Operating Expense": NaN,
        "Other Operating Expenses": NaN,
        "Gross Profit": NaN,
        "Cost Of Revenue": NaN,
        "Total Revenue": NaN,
        "Operating Revenue": NaN
    },
    "2023-03-31": {
        "Tax Effect Of Unusual Items": NaN,
        "Tax Rate For Calcs": NaN,
        "Normalized EBITDA": NaN,
        "Total Unusual Items": NaN,
        "Total Unusual Items Excluding Goodwill": NaN,
        "Net Income From Continuing Operation Net Minority Interest": NaN,
        "Reconciled Depreciation": NaN,
        "Reconciled Cost Of Revenue": NaN,
        "EBITDA": NaN,
        "EBIT": NaN,
        "Net Interest Income": NaN,
        "Interest Expense": NaN,
        "Normalized Income": NaN,
        "Net Income From Continuing And Discontinued Operation": NaN,
        "Total Expenses": NaN,
        "Rent Expense Supplemental": NaN,
        "Total Operating Income As Reported": NaN,
        "Diluted Average Shares": NaN,
        "Basic Average Shares": NaN,
        "Diluted EPS": NaN,
        "Basic EPS": NaN,
        "Diluted NI Availto Com Stockholders": NaN,
        "Average Dilution Earnings": 1000000.0,
        "Net Income Common Stockholders": NaN,
        "Preferred Stock Dividends": 1000000.0,
        "Net Income": NaN,
        "Net Income Including Noncontrolling Interests": NaN,
        "Net Income Continuous Operations": NaN,
        "Tax Provision": NaN,
        "Pretax Income": NaN,
        "Other Income Expense": NaN,
        "Other Non Operating Income Expenses": NaN,
        "Special Income Charges": NaN,
        "Gain On Sale Of Ppe": NaN,
        "Other Special Charges": NaN,
        "Restructuring And Mergern Acquisition": NaN,
        "Net Non Operating Interest Income Expense": NaN,
        "Interest Expense Non Operating": NaN,
        "Operating Income": NaN,
        "Operating Expense": NaN,
        "Other Operating Expenses": NaN,
        "Gross Profit": NaN,
        "Cost Of Revenue": NaN,
        "Total Revenue": NaN,
        "Operating Revenue": NaN
    },
    "2022-12-31": {
        "Tax Effect Of Unusual Items": NaN,
        "Tax Rate For Calcs": NaN,
        "Normalized EBITDA": NaN,
        "Total Unusual Items": NaN,
        "Total Unusual Items Excluding Goodwill": NaN,
        "Net Income From Continuing Operation Net Minority Interest": NaN,
        "Reconciled Depreciation": NaN,
        "Reconciled Cost Of Revenue": NaN,
        "EBITDA": NaN,
        "EBIT": NaN,
        "Net Interest Income": NaN,
        "Interest Expense": NaN,
        "Normalized Income": NaN,
        "Net Income From Continuing And Discontinued Operation": NaN,
        "Total Expenses": NaN,
        "Rent Expense Supplemental": NaN,
        "Total Operating Income As Reported": NaN,
        "Diluted Average Shares": NaN,
        "Basic Average Shares": NaN,
        "Diluted EPS": NaN,
        "Basic EPS": NaN,
        "Diluted NI Availto Com Stockholders": NaN,
        "Average Dilution Earnings": 2000000.0,
        "Net Income Common Stockholders": NaN,
        "Preferred Stock Dividends": 1000000.0,
        "Net Income": NaN,
        "Net Income Including Noncontrolling Interests": NaN,
        "Net Income Continuous Operations": NaN,
        "Tax Provision": NaN,
        "Pretax Income": NaN,
        "Other Income Expense": NaN,
        "Other Non Operating Income Expenses": NaN,
        "Special Income Charges": NaN,
        "Gain On Sale Of Ppe": NaN,
        "Other Special Charges": NaN,
        "Restructuring And Mergern Acquisition": NaN,
        "Net Non Operating Interest Income Expense": NaN,
        "Interest Expense Non Operating": NaN,
        "Operating Income": NaN,
        "Operating Expense": NaN,
        "Other Operating Expenses": NaN,
        "Gross Profit": NaN,
        "Cost Of Revenue": NaN,
        "Total Revenue": NaN,
        "Operating Revenue": NaN
    },
    "2022-09-30": {
        "Tax Effect Of Unusual Items": NaN,
        "Tax Rate For Calcs": NaN,
        "Normalized EBITDA": NaN,
        "Total Unusual Items": NaN,
        "Total Unusual Items Excluding Goodwill": NaN,
        "Net Income From Continuing Operation Net Minority Interest": NaN,
        "Reconciled Depreciation": NaN,
        "Reconciled Cost Of Revenue": NaN,
        "EBITDA": NaN,
        "EBIT": NaN,
        "Net Interest Income": NaN,
        "Interest Expense": NaN,
        "Normalized Income": NaN,
        "Net Income From Continuing And Discontinued Operation": NaN,
        "Total Expenses": NaN,
        "Total Operating Income As Reported": NaN,
        "Diluted Average Shares": NaN,
        "Basic Average Shares": NaN,
        "Diluted EPS": NaN,
        "Basic EPS": NaN,
        "Diluted NI Availto Com Stockholders": NaN,
        "Average Dilution Earnings": 0.0,
        "Net Income Common Stockholders": NaN,
        "Preferred Stock Dividends": NaN,
        "Net Income": NaN,
        "Net Income Including Noncontrolling Interests": NaN,
        "Net Income Continuous Operations": NaN,
        "Tax Provision": NaN,
        "Pretax Income": NaN,
        "Other Income Expense": NaN,
        "Other Non Operating Income Expenses": NaN,
        "Special Income Charges": NaN,
        "Other Special Charges": NaN,
        "Restructuring And Mergern Acquisition": NaN,
        "Net Non Operating Interest Income Expense": NaN,
        "Interest Expense Non Operating": NaN,
        "Operating Income": NaN,
        "Operating Expense": NaN,
        "Other Operating Expenses": NaN,
        "Gross Profit": NaN,
        "Cost Of Revenue": NaN,
        "Total Revenue": NaN,
        "Operating Revenue": NaN
    },
    "2022-06-30": {
        "Tax Effect Of Unusual Items": -15808000.0,
        "Tax Rate For Calcs": 0.247,
        "Normalized EBITDA": 1625000000.0,
        "Total Unusual Items": -64000000.0,
        "Total Unusual Items Excluding Goodwill": -64000000.0,
        "Net Income From Continuing Operation Net Minority Interest": 819000000.0,
        "Reconciled Depreciation": 304000000.0,
        "Reconciled Cost Of Revenue": 1877000000.0,
        "EBITDA": 1561000000.0,
        "EBIT": 1257000000.0,
        "Net Interest Income": -170000000.0,
        "Interest Expense": 170000000.0,
        "Normalized Income": 867192000.0,
        "Net Income From Continuing And Discontinued Operation": 819000000.0,
        "Total Expenses": 1915000000.0,
        "Total Operating Income As Reported": 1271000000.0,
        "Diluted Average Shares": 237500000.0,
        "Basic Average Shares": 236700000.0,
        "Diluted EPS": 3.45,
        "Basic EPS": 3.46,
        "Diluted NI Availto Com Stockholders": 818000000.0,
        "Average Dilution Earnings": NaN,
        "Net Income Common Stockholders": 818000000.0,
        "Preferred Stock Dividends": 1000000.0,
        "Net Income": 819000000.0,
        "Net Income Including Noncontrolling Interests": 819000000.0,
        "Net Income Continuous Operations": 819000000.0,
        "Tax Provision": 268000000.0,
        "Pretax Income": 1087000000.0,
        "Other Income Expense": -78000000.0,
        "Other Non Operating Income Expenses": -14000000.0,
        "Special Income Charges": -64000000.0,
        "Other Special Charges": 64000000.0,
        "Net Non Operating Interest Income Expense": -170000000.0,
        "Interest Expense Non Operating": 170000000.0,
        "Operating Income": 1335000000.0,
        "Operating Expense": 38000000.0,
        "Other Operating Expenses": 38000000.0,
        "Gross Profit": 1373000000.0,
        "Cost Of Revenue": 1877000000.0,
        "Total Revenue": 3250000000.0,
        "Operating Revenue": 3250000000.0
    },
    "2022-03-31": {
        "Diluted EPS": 2.93,
        "Total Revenue": NaN,
        "Gross Profit": NaN,
        "Operating Income": NaN,
        "EBIT": NaN,
        "Net Income": 703
    },
    "2021-12-31": {
        "Diluted EPS": 3.11,
        "Total Revenue": NaN,
        "Gross Profit": NaN,
        "Operating Income": NaN,
        "EBIT": NaN,
        "Net Income": 760
    },
    "2021-09-30": {
        "Diluted EPS": 3.06,
        "Total Revenue": NaN,
        "Gross Profit": NaN,
        "Operating Income": NaN,
        "EBIT": NaN,
        "Net Income": 752
    },
    "2021-06-30": {
        "Diluted EPS": 3.28,
        "Total Revenue": NaN,
        "Gross Profit": NaN,
        "Operating Income": NaN,
        "EBIT": NaN,
        "Net Income": 819
    },
    "2021-03-31": {
        "Diluted EPS": 2.66,
        "Total Revenue": NaN,
        "Gross Profit": NaN,
        "Operating Income": NaN,
        "EBIT": NaN,
        "Net Income": 672
    },
    "2020-12-31": {
        "Diluted EPS": 2.62,
        "Total Revenue": NaN,
        "Gross Profit": NaN,
        "Operating Income": 984,
        "EBIT": NaN,
        "Net Income": 671
    },
    "2020-09-30": {
        "Diluted EPS": 2.22,
        "Total Revenue": NaN,
        "Gross Profit": NaN,
        "Operating Income": 840,
        "EBIT": NaN,
        "Net Income": 567
    },
    "2020-06-30": {
        "Diluted EPS": 1.53,
        "Total Revenue": NaN,
        "Gross Profit": NaN,
        "Operating Income": 610,
        "EBIT": 892,
        "Net Income": 392
    },
    "2020-03-31": {
        "Diluted EPS": 1.47,
        "Total Revenue": NaN,
        "Gross Profit": NaN,
        "Operating Income": 568,
        "EBIT": 860,
        "Net Income": 380
    },
    "2019-12-31": {
        "Diluted EPS": 2.55,
        "Total Revenue": NaN,
        "Gross Profit": NaN,
        "Operating Income": 962,
        "EBIT": NaN,
        "Net Income": 665
    },
    "2019-09-30": {
        "Diluted EPS": 2.49,
        "Total Revenue": NaN,
        "Gross Profit": NaN,
        "Operating Income": 996,
        "EBIT": NaN,
        "Net Income": 656
    },
    "2019-06-30": {
        "Diluted EPS": 2.7,
        "Total Revenue": NaN,
        "Gross Profit": NaN,
        "Operating Income": NaN,
        "EBIT": NaN,
        "Net Income": 720
    },
    "2019-03-31": {
        "Diluted EPS": 2.51,
        "Total Revenue": NaN,
        "Gross Profit": NaN,
        "Operating Income": 966,
        "EBIT": NaN,
        "Net Income": 676
    },
    "2018-12-31": {
        "Diluted EPS": 2.56,
        "Total Revenue": NaN,
        "Gross Profit": NaN,
        "Operating Income": NaN,
        "EBIT": NaN,
        "Net Income": 700
    },
    "2018-09-30": {
        "Diluted EPS": 2.52,
        "Total Revenue": NaN,
        "Gross Profit": NaN,
        "Operating Income": NaN,
        "EBIT": NaN,
        "Net Income": 700
    },
    "2018-06-30": {
        "Diluted EPS": 2.5,
        "Total Revenue": NaN,
        "Gross Profit": NaN,
        "Operating Income": NaN,
        "EBIT": NaN,
        "Net Income": 709
    },
    "2018-03-31": {
        "Diluted EPS": 1.93,
        "Total Revenue": NaN,
        "Gross Profit": NaN,
        "Operating Income": 835,
        "EBIT": NaN,
        "Net Income": 551
    },
    "2017-12-31": {
        "Diluted EPS": 13.67,
        "Total Revenue": NaN,
        "Gross Profit": NaN,
        "Operating Income": 998,
        "EBIT": NaN,
        "Net Income": NaN
    },
    "2017-09-30": {
        "Diluted EPS": 1.75,
        "Total Revenue": NaN,
        "Gross Profit": NaN,
        "Operating Income": 895,
        "EBIT": NaN,
        "Net Income": 505
    },
    "2017-06-30": {
        "Diluted EPS": 1.71,
        "Total Revenue": NaN,
        "Gross Profit": NaN,
        "Operating Income": 872,
        "EBIT": NaN,
        "Net Income": 496
    },
    "2017-03-31": {
        "Diluted EPS": 1.48,
        "Total Revenue": NaN,
        "Gross Profit": NaN,
        "Operating Income": 757,
        "EBIT": NaN,
        "Net Income": 433
    },
    "2016-12-31": {
        "Diluted EPS": 1.42,
        "Total Revenue": NaN,
        "Gross Profit": NaN,
        "Operating Income": 696,
        "EBIT": 956,
        "Net Income": 413
    },
    "2016-09-30": {
        "Diluted EPS": 1.55,
        "Total Revenue": NaN,
        "Gross Profit": NaN,
        "Operating Income": 820,
        "EBIT": NaN,
        "Net Income": 460
    },
    "2016-06-30": {
        "Diluted EPS": 1.36,
        "Total Revenue": NaN,
        "Gross Profit": NaN,
        "Operating Income": 770,
        "EBIT": NaN,
        "Net Income": 404
    },
    "2016-03-31": {
        "Diluted EPS": 1.29,
        "Total Revenue": NaN,
        "Gross Profit": NaN,
        "Operating Income": 723,
        "EBIT": 976,
        "Net Income": 386
    },
    "2015-12-31": {
        "Diluted EPS": 1.2,
        "Total Revenue": NaN,
        "Gross Profit": NaN,
        "Operating Income": 642,
        "EBIT": 931,
        "Net Income": 358
    },
    "2015-09-30": {
        "Diluted EPS": 1.49,
        "Total Revenue": NaN,
        "Gross Profit": NaN,
        "Operating Income": 822,
        "EBIT": NaN,
        "Net Income": 452
    },
    "2015-06-30": {
        "Diluted EPS": 1.41,
        "Total Revenue": NaN,
        "Gross Profit": NaN,
        "Operating Income": 814,
        "EBIT": NaN,
        "Net Income": 432
    },
    "2015-03-31": {
        "Diluted EPS": 1.0,
        "Total Revenue": NaN,
        "Gross Profit": NaN,
        "Operating Income": 606,
        "EBIT": 852,
        "Net Income": 308
    },
    "2014-12-31": {
        "Diluted EPS": 1.64,
        "Total Revenue": NaN,
        "Gross Profit": NaN,
        "Operating Income": 891,
        "EBIT": NaN,
        "Net Income": 506
    },
    "2014-09-30": {
        "Diluted EPS": 1.79,
        "Total Revenue": NaN,
        "Gross Profit": NaN,
        "Operating Income": 998,
        "EBIT": NaN,
        "Net Income": 558
    },
    "2014-06-30": {
        "Diluted EPS": 1.79,
        "Total Revenue": NaN,
        "Gross Profit": NaN,
        "Operating Income": NaN,
        "EBIT": NaN,
        "Net Income": 562
    },
    "2014-03-31": {
        "Diluted EPS": 1.17,
        "Total Revenue": NaN,
        "Gross Profit": NaN,
        "Operating Income": 667,
        "EBIT": 905,
        "Net Income": 368
    },
    "2013-12-31": {
        "Diluted EPS": 1.64,
        "Total Revenue": NaN,
        "Gross Profit": NaN,
        "Operating Income": 881,
        "EBIT": NaN,
        "Net Income": 506
    },
    "2013-09-30": {
        "Diluted EPS": 1.53,
        "Total Revenue": NaN,
        "Gross Profit": NaN,
        "Operating Income": 849,
        "EBIT": NaN,
        "Net Income": 482
    },
    "2013-06-30": {
        "Diluted EPS": 1.46,
        "Total Revenue": NaN,
        "Gross Profit": NaN,
        "Operating Income": 836,
        "EBIT": NaN,
        "Net Income": 465
    },
    "2013-03-31": {
        "Diluted EPS": 1.41,
        "Total Revenue": NaN,
        "Gross Profit": NaN,
        "Operating Income": 691,
        "EBIT": 919,
        "Net Income": 450
    },
    "2012-12-31": {
        "Diluted EPS": 1.3,
        "Total Revenue": NaN,
        "Gross Profit": NaN,
        "Operating Income": 714,
        "EBIT": 948,
        "Net Income": 412
    },
    "2012-09-30": {
        "Diluted EPS": 1.24,
        "Total Revenue": NaN,
        "Gross Profit": NaN,
        "Operating Income": 731,
        "EBIT": 963,
        "Net Income": 399
    },
    "2012-06-30": {
        "Diluted EPS": 1.6,
        "Total Revenue": NaN,
        "Gross Profit": NaN,
        "Operating Income": 934,
        "EBIT": NaN,
        "Net Income": 522
    },
    "2012-03-31": {
        "Diluted EPS": 1.23,
        "Total Revenue": NaN,
        "Gross Profit": NaN,
        "Operating Income": 745,
        "EBIT": 971,
        "Net Income": 407
    },
    "2011-12-31": {
        "Diluted EPS": 1.4,
        "Total Revenue": NaN,
        "Gross Profit": NaN,
        "Operating Income": 800,
        "EBIT": NaN,
        "Net Income": 477
    },
    "2011-09-30": {
        "Diluted EPS": 1.59,
        "Total Revenue": NaN,
        "Gross Profit": NaN,
        "Operating Income": 938,
        "EBIT": NaN,
        "Net Income": 552
    },
    "2011-06-30": {
        "Diluted EPS": 1.56,
        "Total Revenue": NaN,
        "Gross Profit": NaN,
        "Operating Income": 875,
        "EBIT": NaN,
        "Net Income": 555
    },
    "2011-03-31": {
        "Diluted EPS": 0.9,
        "Total Revenue": NaN,
        "Gross Profit": NaN,
        "Operating Income": 600,
        "EBIT": 813,
        "Net Income": 323
    },
    "2010-12-31": {
        "Diluted EPS": 1.09,
        "Total Revenue": NaN,
        "Gross Profit": NaN,
        "Operating Income": 642,
        "EBIT": 851,
        "Net Income": 398
    },
    "2010-09-30": {
        "Diluted EPS": 1.19,
        "Total Revenue": NaN,
        "Gross Profit": NaN,
        "Operating Income": 746,
        "EBIT": 952,
        "Net Income": 443
    },
    "2010-06-30": {
        "Diluted EPS": 1.04,
        "Total Revenue": NaN,
        "Gross Profit": NaN,
        "Operating Income": 733,
        "EBIT": 938,
        "Net Income": 390
    },
    "2010-03-31": {
        "Diluted EPS": 0.68,
        "Total Revenue": NaN,
        "Gross Profit": NaN,
        "Operating Income": 555,
        "EBIT": 761,
        "Net Income": 257
    },
    "2009-12-31": {
        "Diluted EPS": 0.82,
        "Total Revenue": NaN,
        "Gross Profit": NaN,
        "Operating Income": 549,
        "EBIT": 764,
        "Net Income": 299
    },
    "2009-09-30": {
        "Diluted EPS": 0.81,
        "Total Revenue": NaN,
        "Gross Profit": NaN,
        "Operating Income": 562,
        "EBIT": 774,
        "Net Income": 303
    },
    "2009-06-30": {
        "Diluted EPS": 0.66,
        "Total Revenue": NaN,
        "Gross Profit": NaN,
        "Operating Income": 468,
        "EBIT": 677,
        "Net Income": 247
    },
    "2009-03-31": {
        "Diluted EPS": 0.47,
        "Total Revenue": NaN,
        "Gross Profit": NaN,
        "Operating Income": 383,
        "EBIT": 592,
        "Net Income": 177
    },
    "2023-09-30": {
        "Tax Effect Of Unusual Items": -48620000.0,
        "Tax Rate For Calcs": 0.221,
        "Normalized EBITDA": 1342000000.0,
        "Total Unusual Items": -220000000.0,
        "Total Unusual Items Excluding Goodwill": -220000000.0,
        "Net Income From Continuing Operation Net Minority Interest": 478000000.0,
        "Reconciled Depreciation": 326000000.0,
        "Reconciled Cost Of Revenue": 1941000000.0,
        "EBITDA": 1122000000.0,
        "EBIT": 796000000.0,
        "Net Interest Income": -182000000.0,
        "Interest Expense": 182000000.0,
        "Normalized Income": 649380000.0,
        "Net Income From Continuing And Discontinued Operation": 478000000.0,
        "Total Expenses": 1995000000.0,
        "Rent Expense Supplemental": 91000000.0,
        "Total Operating Income As Reported": 756000000.0,
        "Diluted Average Shares": 227000000.0,
        "Basic Average Shares": 226400000.0,
        "Diluted EPS": 2.1,
        "Basic EPS": 2.11,
        "Diluted NI Availto Com Stockholders": 477000000.0,
        "Net Income Common Stockholders": 477000000.0,
        "Preferred Stock Dividends": 1000000.0,
        "Net Income": 478000000.0,
        "Net Income Including Noncontrolling Interests": 478000000.0,
        "Net Income Continuous Operations": 478000000.0,
        "Tax Provision": 136000000.0,
        "Pretax Income": 614000000.0,
        "Other Income Expense": -180000000.0,
        "Other Non Operating Income Expenses": 40000000.0,
        "Special Income Charges": -220000000.0,
        "Gain On Sale Of Ppe": NaN,
        "Other Special Charges": 220000000.0,
        "Restructuring And Mergern Acquisition": 0.0,
        "Net Non Operating Interest Income Expense": -182000000.0,
        "Interest Expense Non Operating": 182000000.0,
        "Operating Income": 976000000.0,
        "Operating Expense": 54000000.0,
        "Other Operating Expenses": 54000000.0,
        "Gross Profit": 1030000000.0,
        "Cost Of Revenue": 1941000000.0,
        "Total Revenue": 2971000000.0,
        "Operating Revenue": 2971000000.0
    },
    "2023-12-31": {
        "Tax Effect Of Unusual Items": -19809523.809524,
        "Tax Rate For Calcs": 0.190476,
        "Normalized EBITDA": 1280000000.0,
        "Total Unusual Items": -104000000.0,
        "Total Unusual Items Excluding Goodwill": -104000000.0,
        "Net Income From Continuing Operation Net Minority Interest": 527000000.0,
        "Reconciled Depreciation": 330000000.0,
        "Reconciled Cost Of Revenue": 1996000000.0,
        "EBITDA": 1176000000.0,
        "EBIT": 846000000.0,
        "Net Interest Income": -195000000.0,
        "Interest Expense": 195000000.0,
        "Normalized Income": 611190476.190476,
        "Net Income From Continuing And Discontinued Operation": 527000000.0,
        "Total Expenses": 1979000000.0,
        "Rent Expense Supplemental": NaN,
        "Total Operating Income As Reported": 808000000.0,
        "Diluted Average Shares": 226300000.0,
        "Basic Average Shares": 225681254.0,
        "Diluted EPS": 2.32,
        "Basic EPS": 2.335152,
        "Diluted NI Availto Com Stockholders": 526000000.0,
        "Net Income Common Stockholders": 526000000.0,
        "Preferred Stock Dividends": NaN,
        "Net Income": 527000000.0,
        "Net Income Including Noncontrolling Interests": 527000000.0,
        "Net Income Continuous Operations": 527000000.0,
        "Tax Provision": 124000000.0,
        "Pretax Income": 651000000.0,
        "Other Income Expense": -248000000.0,
        "Other Non Operating Income Expenses": -144000000.0,
        "Special Income Charges": -104000000.0,
        "Gain On Sale Of Ppe": NaN,
        "Other Special Charges": 104000000.0,
        "Restructuring And Mergern Acquisition": NaN,
        "Net Non Operating Interest Income Expense": -195000000.0,
        "Interest Expense Non Operating": 195000000.0,
        "Operating Income": 1094000000.0,
        "Operating Expense": -17000000.0,
        "Other Operating Expenses": 48000000.0,
        "Gross Profit": 1077000000.0,
        "Cost Of Revenue": 1996000000.0,
        "Total Revenue": 3073000000.0,
        "Operating Revenue": 3073000000.0
    },
    "2024-03-31": {
        "Tax Effect Of Unusual Items": -155190000.0,
        "Tax Rate For Calcs": 0.21,
        "Normalized EBITDA": 1307000000.0,
        "Total Unusual Items": -739000000.0,
        "Total Unusual Items Excluding Goodwill": -739000000.0,
        "Net Income From Continuing Operation Net Minority Interest": 53000000.0,
        "Reconciled Depreciation": 337000000.0,
        "Reconciled Cost Of Revenue": 1983000000.0,
        "EBITDA": 568000000.0,
        "EBIT": 231000000.0,
        "Net Interest Income": -201000000.0,
        "Interest Expense": 201000000.0,
        "Normalized Income": 636810000.0,
        "Net Income From Continuing And Discontinued Operation": 53000000.0,
        "Total Expenses": 2052000000.0,
        "Rent Expense Supplemental": NaN,
        "Total Operating Income As Reported": 213000000.0,
        "Diluted Average Shares": 226200000.0,
        "Basic Average Shares": 225800000.0,
        "Diluted EPS": 0.23,
        "Basic EPS": 0.23,
        "Diluted NI Availto Com Stockholders": 52000000.0,
        "Net Income Common Stockholders": 52000000.0,
        "Preferred Stock Dividends": 1000000.0,
        "Net Income": 53000000.0,
        "Net Income Including Noncontrolling Interests": 53000000.0,
        "Net Income Continuous Operations": 53000000.0,
        "Tax Provision": -23000000.0,
        "Pretax Income": 30000000.0,
        "Other Income Expense": -721000000.0,
        "Other Non Operating Income Expenses": 18000000.0,
        "Special Income Charges": -739000000.0,
        "Gain On Sale Of Ppe": NaN,
        "Other Special Charges": 640000000.0,
        "Restructuring And Mergern Acquisition": 99000000.0,
        "Net Non Operating Interest Income Expense": -201000000.0,
        "Interest Expense Non Operating": 201000000.0,
        "Operating Income": 952000000.0,
        "Operating Expense": 69000000.0,
        "Other Operating Expenses": 69000000.0,
        "Gross Profit": 1021000000.0,
        "Cost Of Revenue": 1983000000.0,
        "Total Revenue": 3004000000.0,
        "Operating Revenue": 3004000000.0
    },
    "2024-06-30": {
        "Tax Effect Of Unusual Items": -1533000.0,
        "Tax Rate For Calcs": 0.219,
        "Normalized EBITDA": 1490000000.0,
        "Total Unusual Items": -7000000.0,
        "Total Unusual Items Excluding Goodwill": -7000000.0,
        "Net Income From Continuing Operation Net Minority Interest": 737000000.0,
        "Reconciled Depreciation": 335000000.0,
        "Reconciled Cost Of Revenue": 1900000000.0,
        "EBITDA": 1483000000.0,
        "EBIT": 1148000000.0,
        "Net Interest Income": -204000000.0,
        "Interest Expense": 204000000.0,
        "Normalized Income": 742467000.0,
        "Net Income From Continuing And Discontinued Operation": 737000000.0,
        "Total Expenses": 1906000000.0,
        "Rent Expense Supplemental": 97000000.0,
        "Total Operating Income As Reported": 1131000000.0,
        "Diluted Average Shares": 226400000.0,
        "Basic Average Shares": 226000000.0,
        "Diluted EPS": 3.25,
        "Basic EPS": 3.26,
        "Diluted NI Availto Com Stockholders": 736000000.0,
        "Net Income Common Stockholders": 736000000.0,
        "Preferred Stock Dividends": 1000000.0,
        "Net Income": 737000000.0,
        "Net Income Including Noncontrolling Interests": 737000000.0,
        "Net Income Continuous Operations": 737000000.0,
        "Tax Provision": 207000000.0,
        "Pretax Income": 944000000.0,
        "Other Income Expense": 10000000.0,
        "Other Non Operating Income Expenses": 17000000.0,
        "Special Income Charges": -7000000.0,
        "Gain On Sale Of Ppe": -25000000.0,
        "Other Special Charges": -15000000.0,
        "Restructuring And Mergern Acquisition": -3000000.0,
        "Net Non Operating Interest Income Expense": -204000000.0,
        "Interest Expense Non Operating": 204000000.0,
        "Operating Income": 1138000000.0,
        "Operating Expense": 6000000.0,
        "Other Operating Expenses": 6000000.0,
        "Gross Profit": 1144000000.0,
        "Cost Of Revenue": 1900000000.0,
        "Total Revenue": 3044000000.0,
        "Operating Revenue": 3044000000.0
    },
    "2024-09-30": {
        "Tax Effect Of Unusual Items": 7590000.0,
        "Tax Rate For Calcs": 0.23,
        "Normalized EBITDA": 1936000000.0,
        "Total Unusual Items": 33000000.0,
        "Total Unusual Items Excluding Goodwill": 33000000.0,
        "Net Income From Continuing Operation Net Minority Interest": 1099000000.0,
        "Reconciled Depreciation": 339000000.0,
        "Reconciled Cost Of Revenue": 1838000000.0,
        "EBITDA": 1969000000.0,
        "EBIT": 1630000000.0,
        "Net Interest Income": -203000000.0,
        "Interest Expense": 203000000.0,
        "Normalized Income": 1073590000.0,
        "Net Income From Continuing And Discontinued Operation": 1099000000.0,
        "Total Expenses": 1488000000.0,
        "Rent Expense Supplemental": 92000000.0,
        "Total Operating Income As Reported": 1596000000.0,
        "Diluted Average Shares": 226500000.0,
        "Basic Average Shares": 226200000.0,
        "Diluted EPS": 4.85,
        "Basic EPS": 4.86,
        "Diluted NI Availto Com Stockholders": 1099000000.0,
        "Net Income Common Stockholders": 1099000000.0,
        "Preferred Stock Dividends": NaN,
        "Net Income": 1099000000.0,
        "Net Income Including Noncontrolling Interests": 1099000000.0,
        "Net Income Continuous Operations": 1099000000.0,
        "Tax Provision": 328000000.0,
        "Pretax Income": 1427000000.0,
        "Other Income Expense": 67000000.0,
        "Other Non Operating Income Expenses": 34000000.0,
        "Special Income Charges": 33000000.0,
        "Gain On Sale Of Ppe": NaN,
        "Other Special Charges": -93000000.0,
        "Restructuring And Mergern Acquisition": 60000000.0,
        "Net Non Operating Interest Income Expense": -203000000.0,
        "Interest Expense Non Operating": 203000000.0,
        "Operating Income": 1563000000.0,
        "Operating Expense": -350000000.0,
        "Other Operating Expenses": -350000000.0,
        "Gross Profit": 1213000000.0,
        "Cost Of Revenue": 1838000000.0,
        "Total Revenue": 3051000000.0,
        "Operating Revenue": 3051000000.0
    }
}