{
    "2023-04-30": {
        "Tax Effect Of Unusual Items": -3076433.121019,
        "Tax Rate For Calcs": 0.219745,
        "Normalized EBITDA": 410000000.0,
        "Total Unusual Items": -14000000.0,
        "Total Unusual Items Excluding Goodwill": -14000000.0,
        "Net Income From Continuing Operation Net Minority Interest": 245000000.0,
        "Reconciled Depreciation": 66000000.0,
        "Reconciled Cost Of Revenue": 506000000.0,
        "EBITDA": 396000000.0,
        "EBIT": 330000000.0,
        "Net Interest Income": 11000000.0,
        "Interest Expense": 16000000.0,
        "Interest Income": 27000000.0,
        "Normalized Income": 255923566.878981,
        "Net Income From Continuing And Discontinued Operation": 245000000.0,
        "Total Expenses": 1258000000.0,
        "Total Operating Income As Reported": 309000000.0,
        "Diluted Average Shares": 217000000.0,
        "Basic Average Shares": 213000000.0,
        "Diluted EPS": 1.13,
        "Basic EPS": 1.15,
        "Diluted NI Availto Com Stockholders": 245000000.0,
        "Net Income Common Stockholders": 245000000.0,
        "Net Income": 245000000.0,
        "Net Income Including Noncontrolling Interests": 245000000.0,
        "Net Income Continuous Operations": 245000000.0,
        "Tax Provision": 69000000.0,
        "Pretax Income": 314000000.0,
        "Other Income Expense": -20000000.0,
        "Other Non Operating Income Expenses": -6000000.0,
        "Special Income Charges": -14000000.0,
        "Restructuring And Mergern Acquisition": 14000000.0,
        "Net Non Operating Interest Income Expense": 11000000.0,
        "Interest Expense Non Operating": 16000000.0,
        "Interest Income Non Operating": 27000000.0,
        "Operating Income": 323000000.0,
        "Operating Expense": 752000000.0,
        "Research And Development": 243000000.0,
        "Selling General And Administration": 509000000.0,
        "Selling And Marketing Expense": 442000000.0,
        "General And Administrative Expense": 67000000.0,
        "Other Gand A": 67000000.0,
        "Gross Profit": 1075000000.0,
        "Cost Of Revenue": 506000000.0,
        "Total Revenue": 1581000000.0,
        "Operating Revenue": 1581000000.0
    },
    "2023-01-31": {
        "Tax Effect Of Unusual Items": NaN,
        "Tax Rate For Calcs": NaN,
        "Normalized EBITDA": NaN,
        "Total Unusual Items": NaN,
        "Total Unusual Items Excluding Goodwill": NaN,
        "Net Income From Continuing Operation Net Minority Interest": NaN,
        "Reconciled Depreciation": NaN,
        "Reconciled Cost Of Revenue": NaN,
        "EBITDA": NaN,
        "EBIT": NaN,
        "Net Interest Income": NaN,
        "Interest Expense": NaN,
        "Interest Income": NaN,
        "Normalized Income": NaN,
        "Net Income From Continuing And Discontinued Operation": NaN,
        "Total Expenses": NaN,
        "Total Operating Income As Reported": NaN,
        "Diluted Average Shares": 219000000.0,
        "Basic Average Shares": 216000000.0,
        "Diluted EPS": 0.3,
        "Basic EPS": 0.3,
        "Diluted NI Availto Com Stockholders": NaN,
        "Net Income Common Stockholders": NaN,
        "Net Income": NaN,
        "Net Income Including Noncontrolling Interests": NaN,
        "Net Income Continuous Operations": NaN,
        "Tax Provision": NaN,
        "Pretax Income": NaN,
        "Other Income Expense": NaN,
        "Other Non Operating Income Expenses": NaN,
        "Special Income Charges": NaN,
        "Restructuring And Mergern Acquisition": NaN,
        "Net Non Operating Interest Income Expense": NaN,
        "Interest Expense Non Operating": NaN,
        "Interest Income Non Operating": NaN,
        "Operating Income": NaN,
        "Operating Expense": NaN,
        "Research And Development": NaN,
        "Selling General And Administration": NaN,
        "Selling And Marketing Expense": NaN,
        "General And Administrative Expense": NaN,
        "Other Gand A": NaN,
        "Gross Profit": NaN,
        "Cost Of Revenue": NaN,
        "Total Revenue": NaN,
        "Operating Revenue": NaN
    },
    "2022-10-31": {
        "Tax Effect Of Unusual Items": NaN,
        "Tax Rate For Calcs": NaN,
        "Normalized EBITDA": NaN,
        "Total Unusual Items": NaN,
        "Total Unusual Items Excluding Goodwill": NaN,
        "Net Income From Continuing Operation Net Minority Interest": NaN,
        "Reconciled Depreciation": NaN,
        "Reconciled Cost Of Revenue": NaN,
        "EBITDA": NaN,
        "EBIT": NaN,
        "Net Interest Income": NaN,
        "Interest Expense": NaN,
        "Interest Income": NaN,
        "Normalized Income": NaN,
        "Net Income From Continuing And Discontinued Operation": NaN,
        "Total Expenses": NaN,
        "Total Operating Income As Reported": NaN,
        "Diluted Average Shares": NaN,
        "Basic Average Shares": NaN,
        "Diluted EPS": NaN,
        "Basic EPS": NaN,
        "Diluted NI Availto Com Stockholders": NaN,
        "Net Income Common Stockholders": NaN,
        "Net Income": NaN,
        "Net Income Including Noncontrolling Interests": NaN,
        "Net Income Continuous Operations": NaN,
        "Tax Provision": NaN,
        "Pretax Income": NaN,
        "Other Income Expense": NaN,
        "Other Non Operating Income Expenses": 26000000.0,
        "Special Income Charges": NaN,
        "Restructuring And Mergern Acquisition": NaN,
        "Net Non Operating Interest Income Expense": NaN,
        "Interest Expense Non Operating": NaN,
        "Interest Income Non Operating": NaN,
        "Operating Income": NaN,
        "Operating Expense": NaN,
        "Research And Development": NaN,
        "Selling General And Administration": NaN,
        "Selling And Marketing Expense": NaN,
        "General And Administrative Expense": NaN,
        "Other Gand A": NaN,
        "Gross Profit": NaN,
        "Cost Of Revenue": NaN,
        "Total Revenue": NaN,
        "Operating Revenue": NaN
    },
    "2022-07-31": {
        "Tax Effect Of Unusual Items": -4536000.0,
        "Tax Rate For Calcs": 0.216,
        "Normalized EBITDA": 355000000.0,
        "Total Unusual Items": -21000000.0,
        "Total Unusual Items Excluding Goodwill": -21000000.0,
        "Net Income From Continuing Operation Net Minority Interest": 214000000.0,
        "Reconciled Depreciation": 58000000.0,
        "Reconciled Cost Of Revenue": 546000000.0,
        "EBITDA": 334000000.0,
        "EBIT": 276000000.0,
        "Net Interest Income": -11000000.0,
        "Interest Expense": 18000000.0,
        "Interest Income": 7000000.0,
        "Normalized Income": 230464000.0,
        "Net Income From Continuing And Discontinued Operation": 214000000.0,
        "Total Expenses": 1316000000.0,
        "Total Operating Income As Reported": 255000000.0,
        "Diluted Average Shares": 224000000.0,
        "Basic Average Shares": 220000000.0,
        "Diluted EPS": 0.96,
        "Basic EPS": 0.97,
        "Diluted NI Availto Com Stockholders": 214000000.0,
        "Net Income Common Stockholders": 214000000.0,
        "Net Income": 214000000.0,
        "Net Income Including Noncontrolling Interests": 214000000.0,
        "Net Income Continuous Operations": 214000000.0,
        "Tax Provision": 56000000.0,
        "Pretax Income": 270000000.0,
        "Other Income Expense": -6000000.0,
        "Other Non Operating Income Expenses": 15000000.0,
        "Special Income Charges": -21000000.0,
        "Restructuring And Mergern Acquisition": 21000000.0,
        "Net Non Operating Interest Income Expense": -11000000.0,
        "Interest Expense Non Operating": 18000000.0,
        "Interest Income Non Operating": 7000000.0,
        "Operating Income": 276000000.0,
        "Operating Expense": 770000000.0,
        "Research And Development": 240000000.0,
        "Selling General And Administration": 530000000.0,
        "Selling And Marketing Expense": 458000000.0,
        "General And Administrative Expense": 72000000.0,
        "Other Gand A": 72000000.0,
        "Gross Profit": 1046000000.0,
        "Cost Of Revenue": 546000000.0,
        "Total Revenue": 1592000000.0,
        "Operating Revenue": 1592000000.0
    },
    "2022-04-30": {
        "Diluted EPS": 1.13,
        "Total Revenue": NaN,
        "Gross Profit": NaN,
        "Operating Income": 293,
        "EBIT": 344,
        "Net Income": 259
    },
    "2022-01-31": {
        "Diluted EPS": 1.1,
        "Total Revenue": NaN,
        "Gross Profit": NaN,
        "Operating Income": 321,
        "EBIT": 372,
        "Net Income": 252
    },
    "2021-10-31": {
        "Diluted EPS": 0.98,
        "Total Revenue": NaN,
        "Gross Profit": NaN,
        "Operating Income": 294,
        "EBIT": 340,
        "Net Income": 224
    },
    "2021-07-31": {
        "Diluted EPS": 0.88,
        "Total Revenue": NaN,
        "Gross Profit": 999,
        "Operating Income": 249,
        "EBIT": 295,
        "Net Income": 202
    },
    "2021-04-30": {
        "Diluted EPS": 1.47,
        "Total Revenue": NaN,
        "Gross Profit": NaN,
        "Operating Income": 455,
        "EBIT": 503,
        "Net Income": 334
    },
    "2021-01-31": {
        "Diluted EPS": 0.8,
        "Total Revenue": NaN,
        "Gross Profit": 975,
        "Operating Income": 258,
        "EBIT": 312,
        "Net Income": 182
    },
    "2020-10-31": {
        "Diluted EPS": 0.61,
        "Total Revenue": NaN,
        "Gross Profit": 933,
        "Operating Income": 182,
        "EBIT": 238,
        "Net Income": 137
    },
    "2020-07-31": {
        "Diluted EPS": 0.35,
        "Total Revenue": NaN,
        "Gross Profit": 872,
        "Operating Income": 136,
        "EBIT": 185,
        "Net Income": 77
    },
    "2020-04-30": {
        "Diluted EPS": 0.86,
        "Total Revenue": NaN,
        "Gross Profit": 941,
        "Operating Income": 277,
        "EBIT": 324,
        "Net Income": 196
    },
    "2020-01-31": {
        "Diluted EPS": 1.21,
        "Total Revenue": NaN,
        "Gross Profit": 941,
        "Operating Income": 268,
        "EBIT": 315,
        "Net Income": 277
    },
    "2019-10-31": {
        "Diluted EPS": 1.03,
        "Total Revenue": NaN,
        "Gross Profit": 925,
        "Operating Income": 296,
        "EBIT": 346,
        "Net Income": 243
    },
    "2019-07-31": {
        "Diluted EPS": 0.42,
        "Total Revenue": NaN,
        "Gross Profit": 816,
        "Operating Income": 104,
        "EBIT": 153,
        "Net Income": 103
    },
    "2019-04-30": {
        "Diluted EPS": 1.57,
        "Total Revenue": NaN,
        "Gross Profit": NaN,
        "Operating Income": 370,
        "EBIT": 418,
        "Net Income": 396
    },
    "2019-01-31": {
        "Diluted EPS": 0.98,
        "Total Revenue": NaN,
        "Gross Profit": 982,
        "Operating Income": 311,
        "EBIT": 362,
        "Net Income": 249
    },
    "2018-10-31": {
        "Diluted EPS": 0.91,
        "Total Revenue": NaN,
        "Gross Profit": 974,
        "Operating Income": 286,
        "EBIT": 335,
        "Net Income": 241
    },
    "2018-07-31": {
        "Diluted EPS": 1.05,
        "Total Revenue": NaN,
        "Gross Profit": 963,
        "Operating Income": 254,
        "EBIT": 303,
        "Net Income": 283
    },
    "2018-04-30": {
        "Diluted EPS": 1.11,
        "Total Revenue": NaN,
        "Gross Profit": NaN,
        "Operating Income": 312,
        "EBIT": 360,
        "Net Income": 290
    },
    "2018-01-31": {
        "Diluted EPS": -1.79,
        "Total Revenue": NaN,
        "Gross Profit": 956,
        "Operating Income": 490,
        "EBIT": 538,
        "Net Income": -479
    },
    "2017-10-31": {
        "Diluted EPS": 0.63,
        "Total Revenue": NaN,
        "Gross Profit": 900,
        "Operating Income": 216,
        "EBIT": 267,
        "Net Income": 174
    },
    "2017-07-31": {
        "Diluted EPS": 0.47,
        "Total Revenue": NaN,
        "Gross Profit": 824,
        "Operating Income": 140,
        "EBIT": 191,
        "Net Income": 131
    },
    "2017-04-30": {
        "Diluted EPS": 0.58,
        "Total Revenue": NaN,
        "Gross Profit": 887,
        "Operating Income": 203,
        "EBIT": 256,
        "Net Income": 162
    },
    "2017-01-31": {
        "Diluted EPS": 0.52,
        "Total Revenue": NaN,
        "Gross Profit": 851,
        "Operating Income": 183,
        "EBIT": 239,
        "Net Income": 146
    },
    "2016-10-31": {
        "Diluted EPS": 0.38,
        "Total Revenue": NaN,
        "Gross Profit": 829,
        "Operating Income": 142,
        "EBIT": 199,
        "Net Income": 109
    },
    "2016-07-31": {
        "Diluted EPS": 0.23,
        "Total Revenue": NaN,
        "Gross Profit": 797,
        "Operating Income": 93,
        "EBIT": 153,
        "Net Income": 64
    },
    "2016-04-30": {
        "Diluted EPS": -0.04,
        "Total Revenue": NaN,
        "Gross Profit": 818,
        "Operating Income": 64,
        "EBIT": 141,
        "Net Income": -8
    },
    "2016-01-31": {
        "Diluted EPS": 0.52,
        "Total Revenue": NaN,
        "Gross Profit": 855,
        "Operating Income": 165,
        "EBIT": 231,
        "Net Income": 153
    },
    "2015-10-31": {
        "Diluted EPS": 0.39,
        "Total Revenue": NaN,
        "Gross Profit": 884,
        "Operating Income": 145,
        "EBIT": 212,
        "Net Income": 114
    },
    "2015-07-31": {
        "Diluted EPS": -0.1,
        "Total Revenue": NaN,
        "Gross Profit": 816,
        "Operating Income": -26,
        "EBIT": 43,
        "Net Income": -30
    },
    "2015-04-30": {
        "Diluted EPS": 0.43,
        "Total Revenue": NaN,
        "Gross Profit": 935,
        "Operating Income": 161,
        "EBIT": 233,
        "Net Income": 135
    },
    "2015-01-31": {
        "Diluted EPS": 0.56,
        "Total Revenue": NaN,
        "Gross Profit": 977,
        "Operating Income": 202,
        "EBIT": 282,
        "Net Income": 177
    },
    "2014-10-31": {
        "Diluted EPS": 0.49,
        "Total Revenue": NaN,
        "Gross Profit": 983,
        "Operating Income": 193,
        "EBIT": 270,
        "Net Income": 160
    },
    "2014-07-31": {
        "Diluted EPS": 0.27,
        "Total Revenue": NaN,
        "Gross Profit": 938,
        "Operating Income": 160,
        "EBIT": 238,
        "Net Income": 88
    },
    "2014-04-30": {
        "Diluted EPS": 0.57,
        "Total Revenue": NaN,
        "Gross Profit": NaN,
        "Operating Income": 224,
        "EBIT": 306,
        "Net Income": 198
    },
    "2014-01-31": {
        "Diluted EPS": 0.55,
        "Total Revenue": NaN,
        "Gross Profit": NaN,
        "Operating Income": 227,
        "EBIT": 310,
        "Net Income": 192
    },
    "2013-10-31": {
        "Diluted EPS": 0.48,
        "Total Revenue": NaN,
        "Gross Profit": 965,
        "Operating Income": 187,
        "EBIT": 261,
        "Net Income": 167
    },
    "2013-07-31": {
        "Diluted EPS": 0.23,
        "Total Revenue": NaN,
        "Gross Profit": 910,
        "Operating Income": 97,
        "EBIT": 191,
        "Net Income": 82
    },
    "2013-04-30": {
        "Diluted EPS": 0.47,
        "Total Revenue": NaN,
        "Gross Profit": NaN,
        "Operating Income": 204,
        "EBIT": 310,
        "Net Income": 174
    },
    "2013-01-31": {
        "Diluted EPS": 0.43,
        "Total Revenue": NaN,
        "Gross Profit": 965,
        "Operating Income": 188,
        "EBIT": 290,
        "Net Income": 158
    },
    "2012-10-31": {
        "Diluted EPS": 0.3,
        "Total Revenue": NaN,
        "Gross Profit": 914,
        "Operating Income": 135,
        "EBIT": 236,
        "Net Income": 110
    },
    "2012-07-31": {
        "Diluted EPS": 0.17,
        "Total Revenue": NaN,
        "Gross Profit": 850,
        "Operating Income": 80,
        "EBIT": 177,
        "Net Income": 64
    },
    "2012-04-30": {
        "Diluted EPS": 0.48,
        "Total Revenue": NaN,
        "Gross Profit": 995,
        "Operating Income": 221,
        "EBIT": 318,
        "Net Income": 181
    },
    "2012-01-31": {
        "Diluted EPS": 0.32,
        "Total Revenue": NaN,
        "Gross Profit": 909,
        "Operating Income": 157,
        "EBIT": 244,
        "Net Income": 120
    },
    "2011-10-31": {
        "Diluted EPS": 0.44,
        "Total Revenue": NaN,
        "Gross Profit": 913,
        "Operating Income": 192,
        "EBIT": 272,
        "Net Income": 166
    },
    "2011-07-31": {
        "Diluted EPS": 0.34,
        "Total Revenue": NaN,
        "Gross Profit": 897,
        "Operating Income": 176,
        "EBIT": 258,
        "Net Income": 140
    },
    "2011-04-30": {
        "Diluted EPS": 0.4,
        "Total Revenue": NaN,
        "Gross Profit": 928,
        "Operating Income": 213,
        "EBIT": 269,
        "Net Income": 161
    },
    "2011-01-31": {
        "Diluted EPS": 0.46,
        "Total Revenue": NaN,
        "Gross Profit": 846,
        "Operating Income": 221,
        "EBIT": 275,
        "Net Income": 186
    },
    "2010-10-31": {
        "Diluted EPS": 0.45,
        "Total Revenue": NaN,
        "Gross Profit": 817,
        "Operating Income": 213,
        "EBIT": 267,
        "Net Income": 175
    },
    "2010-07-31": {
        "Diluted EPS": 0.4,
        "Total Revenue": NaN,
        "Gross Profit": 738,
        "Operating Income": 178,
        "EBIT": 231,
        "Net Income": 151
    },
    "2010-04-30": {
        "Diluted EPS": 0.41,
        "Total Revenue": NaN,
        "Gross Profit": 749,
        "Operating Income": 173,
        "EBIT": 226,
        "Net Income": 145
    },
    "2010-01-31": {
        "Diluted EPS": 0.3,
        "Total Revenue": NaN,
        "Gross Profit": 642,
        "Operating Income": 129,
        "EBIT": 183,
        "Net Income": 108
    },
    "2009-10-31": {
        "Diluted EPS": 0.27,
        "Total Revenue": 910,
        "Gross Profit": 607,
        "Operating Income": 115,
        "EBIT": 170,
        "Net Income": 96
    },
    "2009-07-31": {
        "Diluted EPS": 0.15,
        "Total Revenue": 838,
        "Gross Profit": 523,
        "Operating Income": 71,
        "EBIT": 127,
        "Net Income": 52
    },
    "2009-04-30": {
        "Diluted EPS": 0.21,
        "Total Revenue": 880,
        "Gross Profit": 534,
        "Operating Income": 34,
        "EBIT": 87,
        "Net Income": 68
    },
    "2009-01-31": {
        "Diluted EPS": -0.25,
        "Total Revenue": 746,
        "Gross Profit": 393,
        "Operating Income": -91,
        "EBIT": -35,
        "Net Income": -82
    },
    "2023-07-31": {
        "Tax Effect Of Unusual Items": -5771000.0,
        "Tax Rate For Calcs": 0.199,
        "Normalized EBITDA": 295000000.0,
        "Total Unusual Items": -29000000.0,
        "Total Unusual Items Excluding Goodwill": -29000000.0,
        "Net Income From Continuing Operation Net Minority Interest": 149000000.0,
        "Reconciled Depreciation": 64000000.0,
        "Reconciled Cost Of Revenue": 436000000.0,
        "EBITDA": 266000000.0,
        "EBIT": 202000000.0,
        "Net Interest Income": 12000000.0,
        "Interest Expense": 16000000.0,
        "Interest Income": 28000000.0,
        "Normalized Income": 172229000.0,
        "Net Income From Continuing And Discontinued Operation": 149000000.0,
        "Total Expenses": 1225000000.0,
        "Total Operating Income As Reported": 178000000.0,
        "Diluted Average Shares": 216000000.0,
        "Basic Average Shares": 212000000.0,
        "Diluted EPS": 0.69,
        "Basic EPS": 0.7,
        "Diluted NI Availto Com Stockholders": 149000000.0,
        "Net Income Common Stockholders": 149000000.0,
        "Net Income": 149000000.0,
        "Net Income Including Noncontrolling Interests": 149000000.0,
        "Net Income Continuous Operations": 149000000.0,
        "Tax Provision": 37000000.0,
        "Pretax Income": 186000000.0,
        "Other Income Expense": -33000000.0,
        "Other Non Operating Income Expenses": -4000000.0,
        "Special Income Charges": -29000000.0,
        "Restructuring And Mergern Acquisition": 29000000.0,
        "Net Non Operating Interest Income Expense": 12000000.0,
        "Interest Expense Non Operating": 16000000.0,
        "Interest Income Non Operating": 28000000.0,
        "Operating Income": 207000000.0,
        "Operating Expense": 789000000.0,
        "Research And Development": 247000000.0,
        "Selling General And Administration": 542000000.0,
        "Selling And Marketing Expense": 468000000.0,
        "General And Administrative Expense": 74000000.0,
        "Other Gand A": 74000000.0,
        "Gross Profit": 996000000.0,
        "Cost Of Revenue": 436000000.0,
        "Total Revenue": 1432000000.0,
        "Operating Revenue": 1432000000.0
    },
    "2023-10-31": {
        "Tax Effect Of Unusual Items": -2082539.68254,
        "Tax Rate For Calcs": 0.260317,
        "Normalized EBITDA": 402000000.0,
        "Total Unusual Items": -8000000.0,
        "Total Unusual Items Excluding Goodwill": -8000000.0,
        "Net Income From Continuing Operation Net Minority Interest": 233000000.0,
        "Reconciled Depreciation": 64000000.0,
        "Reconciled Cost Of Revenue": 452000000.0,
        "EBITDA": 394000000.0,
        "EBIT": 330000000.0,
        "Net Interest Income": 10000000.0,
        "Interest Expense": 15000000.0,
        "Interest Income": 25000000.0,
        "Normalized Income": 238917460.31746,
        "Net Income From Continuing And Discontinued Operation": 233000000.0,
        "Total Expenses": 1250000000.0,
        "Total Operating Income As Reported": 304000000.0,
        "Diluted Average Shares": 211000000.0,
        "Basic Average Shares": 208000000.0,
        "Diluted EPS": 1.1,
        "Basic EPS": 1.12,
        "Diluted NI Availto Com Stockholders": 233000000.0,
        "Net Income Common Stockholders": 233000000.0,
        "Net Income": 233000000.0,
        "Net Income Including Noncontrolling Interests": 233000000.0,
        "Net Income Continuous Operations": 233000000.0,
        "Tax Provision": 82000000.0,
        "Pretax Income": 315000000.0,
        "Other Income Expense": -7000000.0,
        "Other Non Operating Income Expenses": 1000000.0,
        "Special Income Charges": -8000000.0,
        "Restructuring And Mergern Acquisition": 8000000.0,
        "Net Non Operating Interest Income Expense": 10000000.0,
        "Interest Expense Non Operating": 15000000.0,
        "Interest Income Non Operating": 25000000.0,
        "Operating Income": 312000000.0,
        "Operating Expense": 798000000.0,
        "Research And Development": 262000000.0,
        "Selling General And Administration": 536000000.0,
        "Selling And Marketing Expense": 461000000.0,
        "General And Administrative Expense": 75000000.0,
        "Other Gand A": 75000000.0,
        "Gross Profit": 1110000000.0,
        "Cost Of Revenue": 452000000.0,
        "Total Revenue": 1562000000.0,
        "Operating Revenue": 1562000000.0
    },
    "2024-01-31": {
        "Tax Effect Of Unusual Items": -2890052.356021,
        "Tax Rate For Calcs": 0.180628,
        "Normalized EBITDA": 478000000.0,
        "Total Unusual Items": -16000000.0,
        "Total Unusual Items Excluding Goodwill": -16000000.0,
        "Net Income From Continuing Operation Net Minority Interest": 313000000.0,
        "Reconciled Depreciation": 63000000.0,
        "Reconciled Cost Of Revenue": 455000000.0,
        "EBITDA": 462000000.0,
        "EBIT": 399000000.0,
        "Net Interest Income": 10000000.0,
        "Interest Expense": 17000000.0,
        "Interest Income": 27000000.0,
        "Normalized Income": 326109947.643979,
        "Net Income From Continuing And Discontinued Operation": 313000000.0,
        "Total Expenses": 1224000000.0,
        "Total Operating Income As Reported": 366000000.0,
        "Diluted Average Shares": 211000000.0,
        "Basic Average Shares": 206000000.0,
        "Diluted EPS": 1.48,
        "Basic EPS": 1.52,
        "Diluted NI Availto Com Stockholders": 313000000.0,
        "Net Income Common Stockholders": 313000000.0,
        "Net Income": 313000000.0,
        "Net Income Including Noncontrolling Interests": 313000000.0,
        "Net Income Continuous Operations": 313000000.0,
        "Tax Provision": 69000000.0,
        "Pretax Income": 382000000.0,
        "Other Income Expense": -10000000.0,
        "Other Non Operating Income Expenses": 6000000.0,
        "Special Income Charges": -16000000.0,
        "Restructuring And Mergern Acquisition": 16000000.0,
        "Net Non Operating Interest Income Expense": 10000000.0,
        "Interest Expense Non Operating": 17000000.0,
        "Interest Income Non Operating": 27000000.0,
        "Operating Income": 382000000.0,
        "Operating Expense": 769000000.0,
        "Research And Development": 249000000.0,
        "Selling General And Administration": 520000000.0,
        "Selling And Marketing Expense": 439000000.0,
        "General And Administrative Expense": 81000000.0,
        "Other Gand A": 81000000.0,
        "Gross Profit": 1151000000.0,
        "Cost Of Revenue": 455000000.0,
        "Total Revenue": 1606000000.0,
        "Operating Revenue": 1606000000.0
    },
    "2024-04-30": {
        "Tax Effect Of Unusual Items": -234210.526316,
        "Tax Rate For Calcs": 0.234211,
        "Normalized EBITDA": 461000000.0,
        "Total Unusual Items": -1000000.0,
        "Total Unusual Items Excluding Goodwill": -1000000.0,
        "Net Income From Continuing Operation Net Minority Interest": 291000000.0,
        "Reconciled Depreciation": 64000000.0,
        "Reconciled Cost Of Revenue": 492000000.0,
        "EBITDA": 460000000.0,
        "EBIT": 396000000.0,
        "Net Interest Income": 16000000.0,
        "Interest Expense": 16000000.0,
        "Interest Income": 32000000.0,
        "Normalized Income": 291765789.473684,
        "Net Income From Continuing And Discontinued Operation": 291000000.0,
        "Total Expenses": 1301000000.0,
        "Total Operating Income As Reported": 366000000.0,
        "Diluted Average Shares": 212000000.0,
        "Basic Average Shares": 206000000.0,
        "Diluted EPS": 1.37,
        "Basic EPS": 1.41,
        "Diluted NI Availto Com Stockholders": 291000000.0,
        "Net Income Common Stockholders": 291000000.0,
        "Net Income": 291000000.0,
        "Net Income Including Noncontrolling Interests": 291000000.0,
        "Net Income Continuous Operations": 291000000.0,
        "Tax Provision": 89000000.0,
        "Pretax Income": 380000000.0,
        "Other Income Expense": -3000000.0,
        "Other Non Operating Income Expenses": -2000000.0,
        "Special Income Charges": -1000000.0,
        "Restructuring And Mergern Acquisition": 1000000.0,
        "Net Non Operating Interest Income Expense": 16000000.0,
        "Interest Expense Non Operating": 16000000.0,
        "Interest Income Non Operating": 32000000.0,
        "Operating Income": 367000000.0,
        "Operating Expense": 809000000.0,
        "Research And Development": 271000000.0,
        "Selling General And Administration": 538000000.0,
        "Selling And Marketing Expense": 460000000.0,
        "General And Administrative Expense": 78000000.0,
        "Other Gand A": 78000000.0,
        "Gross Profit": 1176000000.0,
        "Cost Of Revenue": 492000000.0,
        "Total Revenue": 1668000000.0,
        "Operating Revenue": 1668000000.0
    },
    "2024-07-31": {
        "Tax Effect Of Unusual Items": -3078000.0,
        "Tax Rate For Calcs": 0.171,
        "Normalized EBITDA": 396000000.0,
        "Total Unusual Items": -18000000.0,
        "Total Unusual Items Excluding Goodwill": -18000000.0,
        "Net Income From Continuing Operation Net Minority Interest": 248000000.0,
        "Reconciled Depreciation": 63000000.0,
        "Reconciled Cost Of Revenue": 443000000.0,
        "EBITDA": 378000000.0,
        "EBIT": 315000000.0,
        "Net Interest Income": 20000000.0,
        "Interest Expense": 16000000.0,
        "Interest Income": 36000000.0,
        "Normalized Income": 262922000.0,
        "Net Income From Continuing And Discontinued Operation": 248000000.0,
        "Total Expenses": 1241000000.0,
        "Total Operating Income As Reported": 282000000.0,
        "Diluted Average Shares": 212000000.0,
        "Basic Average Shares": 206000000.0,
        "Diluted EPS": 1.17,
        "Basic EPS": 1.2,
        "Diluted NI Availto Com Stockholders": 248000000.0,
        "Net Income Common Stockholders": 248000000.0,
        "Net Income": 248000000.0,
        "Net Income Including Noncontrolling Interests": 248000000.0,
        "Net Income Continuous Operations": 248000000.0,
        "Tax Provision": 51000000.0,
        "Pretax Income": 299000000.0,
        "Other Income Expense": -21000000.0,
        "Other Non Operating Income Expenses": -3000000.0,
        "Special Income Charges": -18000000.0,
        "Restructuring And Mergern Acquisition": 18000000.0,
        "Net Non Operating Interest Income Expense": 20000000.0,
        "Interest Expense Non Operating": 16000000.0,
        "Interest Income Non Operating": 36000000.0,
        "Operating Income": 300000000.0,
        "Operating Expense": 798000000.0,
        "Research And Development": 252000000.0,
        "Selling General And Administration": 546000000.0,
        "Selling And Marketing Expense": 471000000.0,
        "General And Administrative Expense": 75000000.0,
        "Other Gand A": 75000000.0,
        "Gross Profit": 1098000000.0,
        "Cost Of Revenue": 443000000.0,
        "Total Revenue": 1541000000.0,
        "Operating Revenue": 1541000000.0
    }
}