{
    "2023-03-31": {
        "Tax Effect Of Unusual Items": -184034860.0,
        "Tax Rate For Calcs": 0.34,
        "Normalized EBITDA": 984182000.0,
        "Total Unusual Items": -541279000.0,
        "Total Unusual Items Excluding Goodwill": -541279000.0,
        "Net Income From Continuing Operation Net Minority Interest": -531944000.0,
        "Reconciled Depreciation": 603497000.0,
        "Reconciled Cost Of Revenue": 2451487000.0,
        "EBITDA": 442903000.0,
        "EBIT": -160594000.0,
        "Net Interest Income": -235202000.0,
        "Interest Expense": 288299000.0,
        "Interest Income": 191122000.0,
        "Normalized Income": -174699860.0,
        "Net Income From Continuing And Discontinued Operation": -652428000.0,
        "Total Expenses": 6992568000.0,
        "Rent Expense Supplemental": NaN,
        "Total Operating Income As Reported": 27436000.0,
        "Diluted NI Availto Com Stockholders": -652428000.0,
        "Net Income Common Stockholders": -652428000.0,
        "Net Income": -652428000.0,
        "Minority Interests": -274000.0,
        "Net Income Including Noncontrolling Interests": -652154000.0,
        "Net Income Discontinuous Operations": -120484000.0,
        "Net Income Continuous Operations": -531670000.0,
        "Tax Provision": 82777000.0,
        "Pretax Income": -448893000.0,
        "Other Income Expense": -541279000.0,
        "Special Income Charges": -300152000.0,
        "Other Special Charges": NaN,
        "Write Off": 184564000.0,
        "Impairment Of Capital Assets": -260000.0,
        "Restructuring And Mergern Acquisition": 115848000.0,
        "Earnings From Equity Interest": NaN,
        "Gain On Sale Of Security": -241127000.0,
        "Net Non Operating Interest Income Expense": -235202000.0,
        "Total Other Finance Cost": 138025000.0,
        "Interest Expense Non Operating": 288299000.0,
        "Interest Income Non Operating": 191122000.0,
        "Operating Income": 327588000.0,
        "Operating Expense": 4497885000.0,
        "Other Operating Expenses": 17007000.0,
        "Other Taxes": -4877000.0,
        "Depreciation Amortization Depletion Income Statement": 560301000.0,
        "Depreciation And Amortization In Income Statement": 560301000.0,
        "Research And Development": 43572000.0,
        "Selling General And Administration": 3881882000.0,
        "Selling And Marketing Expense": 1981420000.0,
        "General And Administrative Expense": 1900462000.0,
        "Other Gand A": 435080000.0,
        "Rent And Landing Fees": NaN,
        "Salaries And Wages": 1465382000.0,
        "Gross Profit": 4825473000.0,
        "Cost Of Revenue": 2494683000.0,
        "Total Revenue": 7320156000.0,
        "Excise Taxes": 1883246000.0,
        "Operating Revenue": 9557439000.0
    },
    "2022-12-31": {
        "Tax Effect Of Unusual Items": -307428340.0,
        "Tax Rate For Calcs": 0.34,
        "Normalized EBITDA": 1611170000.0,
        "Total Unusual Items": -904201000.0,
        "Total Unusual Items Excluding Goodwill": -904201000.0,
        "Net Income From Continuing Operation Net Minority Interest": -662086000.0,
        "Reconciled Depreciation": 908602000.0,
        "Reconciled Cost Of Revenue": 3899596000.0,
        "EBITDA": 706969000.0,
        "EBIT": -201633000.0,
        "Net Interest Income": -390641000.0,
        "Interest Expense": 428215000.0,
        "Interest Income": 207220000.0,
        "Normalized Income": -65313340.0,
        "Net Income From Continuing And Discontinued Operation": -890037000.0,
        "Total Expenses": 11564321000.0,
        "Rent Expense Supplemental": 57000000.0,
        "Total Operating Income As Reported": -69767000.0,
        "Diluted NI Availto Com Stockholders": -890037000.0,
        "Net Income Common Stockholders": -890037000.0,
        "Net Income": -890037000.0,
        "Minority Interests": -27000.0,
        "Net Income Including Noncontrolling Interests": -890010000.0,
        "Net Income Discontinuous Operations": -227951000.0,
        "Net Income Continuous Operations": -662059000.0,
        "Tax Provision": 32211000.0,
        "Pretax Income": -629848000.0,
        "Other Income Expense": -904201000.0,
        "Special Income Charges": -615567000.0,
        "Other Special Charges": 12200000.0,
        "Write Off": 509542000.0,
        "Impairment Of Capital Assets": -8092000.0,
        "Restructuring And Mergern Acquisition": 114117000.0,
        "Earnings From Equity Interest": NaN,
        "Gain On Sale Of Security": -288634000.0,
        "Net Non Operating Interest Income Expense": -390641000.0,
        "Total Other Finance Cost": 169646000.0,
        "Interest Expense Non Operating": 428215000.0,
        "Interest Income Non Operating": 207220000.0,
        "Operating Income": 664993000.0,
        "Operating Expense": 7626231000.0,
        "Other Operating Expenses": 151397000.0,
        "Other Taxes": -10989000.0,
        "Depreciation Amortization Depletion Income Statement": 870108000.0,
        "Depreciation And Amortization In Income Statement": 870108000.0,
        "Research And Development": NaN,
        "Selling General And Administration": 6342285000.0,
        "Selling And Marketing Expense": 3273412000.0,
        "General And Administrative Expense": 3068873000.0,
        "Other Gand A": 513009000.0,
        "Rent And Landing Fees": 57000000.0,
        "Salaries And Wages": 2675058000.0,
        "Gross Profit": 8291224000.0,
        "Cost Of Revenue": 3938090000.0,
        "Total Revenue": 12229314000.0,
        "Excise Taxes": 2723151000.0,
        "Operating Revenue": 14283733000.0
    },
    "2022-09-30": {
        "Tax Effect Of Unusual Items": -28575392.107512,
        "Tax Rate For Calcs": 0.189064,
        "Normalized EBITDA": 1617392000.0,
        "Total Unusual Items": -151141000.0,
        "Total Unusual Items Excluding Goodwill": -151141000.0,
        "Net Income From Continuing Operation Net Minority Interest": -484247000.0,
        "Reconciled Depreciation": 622326000.0,
        "Reconciled Cost Of Revenue": 3229676000.0,
        "EBITDA": 1466251000.0,
        "EBIT": 843925000.0,
        "Net Interest Income": -563947000.0,
        "Interest Expense": 1440695000.0,
        "Interest Income": 876748000.0,
        "Normalized Income": -361681392.107512,
        "Net Income From Continuing And Discontinued Operation": -559777000.0,
        "Total Expenses": 8885414000.0,
        "Rent Expense Supplemental": NaN,
        "Total Operating Income As Reported": -32823000.0,
        "Diluted Average Shares": 687348969.0,
        "Basic Average Shares": 687348969.0,
        "Diluted EPS": -0.8144,
        "Basic EPS": -0.8144,
        "Diluted NI Availto Com Stockholders": -559777000.0,
        "Net Income Common Stockholders": -559777000.0,
        "Net Income": -559777000.0,
        "Minority Interests": -305000.0,
        "Net Income Including Noncontrolling Interests": -559472000.0,
        "Net Income Discontinuous Operations": -75530000.0,
        "Net Income Continuous Operations": -483942000.0,
        "Tax Provision": -112828000.0,
        "Pretax Income": -596770000.0,
        "Other Income Expense": -151141000.0,
        "Special Income Charges": -151141000.0,
        "Other Special Charges": NaN,
        "Write Off": 151141000.0,
        "Impairment Of Capital Assets": NaN,
        "Restructuring And Mergern Acquisition": NaN,
        "Earnings From Equity Interest": NaN,
        "Gain On Sale Of Security": NaN,
        "Net Non Operating Interest Income Expense": -563947000.0,
        "Total Other Finance Cost": NaN,
        "Interest Expense Non Operating": 1440695000.0,
        "Interest Income Non Operating": 876748000.0,
        "Operating Income": 118318000.0,
        "Operating Expense": 5655738000.0,
        "Other Operating Expenses": 131742000.0,
        "Other Taxes": NaN,
        "Depreciation Amortization Depletion Income Statement": NaN,
        "Depreciation And Amortization In Income Statement": NaN,
        "Research And Development": NaN,
        "Selling General And Administration": 5523996000.0,
        "Selling And Marketing Expense": 3968732000.0,
        "General And Administrative Expense": 1555264000.0,
        "Other Gand A": 1555264000.0,
        "Rent And Landing Fees": NaN,
        "Salaries And Wages": NaN,
        "Gross Profit": 5774056000.0,
        "Cost Of Revenue": 3229676000.0,
        "Total Revenue": 9003732000.0,
        "Excise Taxes": NaN,
        "Operating Revenue": 9003732000.0
    },
    "2022-06-30": {
        "Tax Effect Of Unusual Items": -60199200.0,
        "Tax Rate For Calcs": 0.4,
        "Normalized EBITDA": 2601528000.0,
        "Total Unusual Items": -150498000.0,
        "Total Unusual Items Excluding Goodwill": -150498000.0,
        "Net Income From Continuing Operation Net Minority Interest": -700648000.0,
        "Reconciled Depreciation": 629661000.0,
        "Reconciled Cost Of Revenue": 3216805000.0,
        "EBITDA": 2451030000.0,
        "EBIT": 1821369000.0,
        "Net Interest Income": -426787000.0,
        "Interest Expense": 2387149000.0,
        "Interest Income": 1960362000.0,
        "Normalized Income": -610349200.0,
        "Net Income From Continuing And Discontinued Operation": -766723000.0,
        "Total Expenses": 8690906000.0,
        "Rent Expense Supplemental": NaN,
        "Total Operating Income As Reported": -138993000.0,
        "Diluted Average Shares": 685798748.0,
        "Basic Average Shares": 685798748.0,
        "Diluted EPS": -1.118,
        "Basic EPS": -1.118,
        "Diluted NI Availto Com Stockholders": -766723000.0,
        "Net Income Common Stockholders": -766723000.0,
        "Net Income": -766723000.0,
        "Minority Interests": 248000.0,
        "Net Income Including Noncontrolling Interests": -766971000.0,
        "Net Income Discontinuous Operations": -66075000.0,
        "Net Income Continuous Operations": -700896000.0,
        "Tax Provision": 135116000.0,
        "Pretax Income": -565780000.0,
        "Other Income Expense": -150498000.0,
        "Special Income Charges": -150498000.0,
        "Other Special Charges": NaN,
        "Write Off": 150498000.0,
        "Impairment Of Capital Assets": NaN,
        "Restructuring And Mergern Acquisition": NaN,
        "Earnings From Equity Interest": NaN,
        "Gain On Sale Of Security": NaN,
        "Net Non Operating Interest Income Expense": -426787000.0,
        "Total Other Finance Cost": NaN,
        "Interest Expense Non Operating": 2387149000.0,
        "Interest Income Non Operating": 1960362000.0,
        "Operating Income": 11505000.0,
        "Operating Expense": 5474101000.0,
        "Other Operating Expenses": 38414000.0,
        "Other Taxes": NaN,
        "Depreciation Amortization Depletion Income Statement": NaN,
        "Depreciation And Amortization In Income Statement": NaN,
        "Research And Development": NaN,
        "Selling General And Administration": 5435687000.0,
        "Selling And Marketing Expense": 3706245000.0,
        "General And Administrative Expense": 1729442000.0,
        "Other Gand A": 1729442000.0,
        "Rent And Landing Fees": NaN,
        "Salaries And Wages": NaN,
        "Gross Profit": 5485606000.0,
        "Cost Of Revenue": 3216805000.0,
        "Total Revenue": 8702411000.0,
        "Excise Taxes": NaN,
        "Operating Revenue": 8702411000.0
    },
    "2022-03-31": {
        "Diluted EPS": -0.18,
        "Total Revenue": NaN,
        "Gross Profit": NaN,
        "Operating Income": -26,
        "EBIT": 99,
        "Net Income": -123
    },
    "2021-12-31": {
        "Diluted EPS": 0.18,
        "Total Revenue": NaN,
        "Gross Profit": NaN,
        "Operating Income": 138,
        "EBIT": 262,
        "Net Income": 126
    },
    "2021-09-30": {
        "Diluted EPS": 0.08,
        "Total Revenue": NaN,
        "Gross Profit": NaN,
        "Operating Income": 55,
        "EBIT": 185,
        "Net Income": 52
    },
    "2021-06-30": {
        "Diluted EPS": 0.06,
        "Total Revenue": NaN,
        "Gross Profit": NaN,
        "Operating Income": -10,
        "EBIT": 126,
        "Net Income": 44
    },
    "2021-03-31": {
        "Diluted EPS": -0.04,
        "Total Revenue": NaN,
        "Gross Profit": NaN,
        "Operating Income": 24,
        "EBIT": 152,
        "Net Income": -28
    },
    "2020-12-31": {
        "Diluted EPS": 0.11,
        "Total Revenue": NaN,
        "Gross Profit": NaN,
        "Operating Income": 138,
        "EBIT": 285,
        "Net Income": 61
    },
    "2020-09-30": {
        "Diluted EPS": 0.12,
        "Total Revenue": NaN,
        "Gross Profit": NaN,
        "Operating Income": 139,
        "EBIT": 271,
        "Net Income": 70
    },
    "2020-06-30": {
        "Diluted EPS": -0.12,
        "Total Revenue": NaN,
        "Gross Profit": 860,
        "Operating Income": -10,
        "EBIT": 97,
        "Net Income": -72
    },
    "2020-03-31": {
        "Diluted EPS": -0.31,
        "Total Revenue": NaN,
        "Gross Profit": NaN,
        "Operating Income": -114,
        "EBIT": 28,
        "Net Income": -185
    },
    "2019-12-31": {
        "Diluted EPS": 0.0,
        "Total Revenue": NaN,
        "Gross Profit": NaN,
        "Operating Income": NaN,
        "EBIT": NaN,
        "Net Income": NaN
    },
    "2023-06-30": {
        "Tax Effect Of Unusual Items": -34747320.0,
        "Tax Rate For Calcs": 0.34,
        "Normalized EBITDA": 2412482000.0,
        "Total Unusual Items": -102198000.0,
        "Total Unusual Items Excluding Goodwill": -102198000.0,
        "Net Income From Continuing Operation Net Minority Interest": -632764000.0,
        "Reconciled Depreciation": 587837000.0,
        "Reconciled Cost Of Revenue": 2687948000.0,
        "EBITDA": 2310284000.0,
        "EBIT": 1722447000.0,
        "Net Interest Income": -402088000.0,
        "Interest Expense": 2256652000.0,
        "Interest Income": 1854564000.0,
        "Normalized Income": -565313320.0,
        "Net Income From Continuing And Discontinued Operation": -731850000.0,
        "Total Expenses": 7803461000.0,
        "Rent Expense Supplemental": NaN,
        "Total Operating Income As Reported": -132117000.0,
        "Diluted NI Availto Com Stockholders": -731850000.0,
        "Net Income Common Stockholders": -731850000.0,
        "Net Income": -731850000.0,
        "Minority Interests": 58000.0,
        "Net Income Including Noncontrolling Interests": -731908000.0,
        "Net Income Discontinuous Operations": -99086000.0,
        "Net Income Continuous Operations": -632822000.0,
        "Tax Provision": 98617000.0,
        "Pretax Income": -534205000.0,
        "Other Income Expense": -102198000.0,
        "Special Income Charges": -102198000.0,
        "Other Special Charges": NaN,
        "Write Off": 102198000.0,
        "Impairment Of Capital Assets": NaN,
        "Restructuring And Mergern Acquisition": NaN,
        "Earnings From Equity Interest": 0.0,
        "Gain On Sale Of Security": NaN,
        "Net Non Operating Interest Income Expense": -402088000.0,
        "Total Other Finance Cost": NaN,
        "Interest Expense Non Operating": 2256652000.0,
        "Interest Income Non Operating": 1854564000.0,
        "Operating Income": -29919000.0,
        "Operating Expense": 5115513000.0,
        "Other Operating Expenses": 319325000.0,
        "Other Taxes": NaN,
        "Depreciation Amortization Depletion Income Statement": NaN,
        "Depreciation And Amortization In Income Statement": NaN,
        "Research And Development": NaN,
        "Selling General And Administration": 4796188000.0,
        "Selling And Marketing Expense": 3395206000.0,
        "General And Administrative Expense": 1400982000.0,
        "Other Gand A": 1400982000.0,
        "Rent And Landing Fees": NaN,
        "Salaries And Wages": NaN,
        "Gross Profit": 5085594000.0,
        "Cost Of Revenue": 2687948000.0,
        "Total Revenue": 7773542000.0,
        "Excise Taxes": NaN,
        "Operating Revenue": 7773542000.0
    },
    "2023-09-30": {
        "Tax Effect Of Unusual Items": -48541460.0,
        "Tax Rate For Calcs": 0.34,
        "Normalized EBITDA": 776075000.0,
        "Total Unusual Items": -142769000.0,
        "Total Unusual Items Excluding Goodwill": -142769000.0,
        "Net Income From Continuing Operation Net Minority Interest": -151163000.0,
        "Reconciled Depreciation": 539186000.0,
        "Reconciled Cost Of Revenue": 2610993000.0,
        "EBITDA": 633306000.0,
        "EBIT": 94120000.0,
        "Net Interest Income": -1064904000.0,
        "Interest Expense": NaN,
        "Interest Income": NaN,
        "Normalized Income": -56935460.0,
        "Net Income From Continuing And Discontinued Operation": 7024429000.0,
        "Total Expenses": 7423140000.0,
        "Rent Expense Supplemental": NaN,
        "Total Operating Income As Reported": -48649000.0,
        "Diluted NI Availto Com Stockholders": 7024429000.0,
        "Net Income Common Stockholders": 7024429000.0,
        "Net Income": 7024429000.0,
        "Minority Interests": 437000.0,
        "Net Income Including Noncontrolling Interests": 7023992000.0,
        "Net Income Discontinuous Operations": 7175592000.0,
        "Net Income Continuous Operations": -151600000.0,
        "Tax Provision": -961953000.0,
        "Pretax Income": -1113553000.0,
        "Other Income Expense": -142769000.0,
        "Special Income Charges": -142769000.0,
        "Other Special Charges": NaN,
        "Write Off": 142769000.0,
        "Impairment Of Capital Assets": NaN,
        "Restructuring And Mergern Acquisition": NaN,
        "Earnings From Equity Interest": 0.0,
        "Gain On Sale Of Security": NaN,
        "Net Non Operating Interest Income Expense": -1064904000.0,
        "Total Other Finance Cost": 1064904000.0,
        "Interest Expense Non Operating": NaN,
        "Interest Income Non Operating": NaN,
        "Operating Income": 94120000.0,
        "Operating Expense": 4812147000.0,
        "Other Operating Expenses": 284759000.0,
        "Other Taxes": NaN,
        "Depreciation Amortization Depletion Income Statement": NaN,
        "Depreciation And Amortization In Income Statement": NaN,
        "Research And Development": NaN,
        "Selling General And Administration": 4527388000.0,
        "Selling And Marketing Expense": 3251962000.0,
        "General And Administrative Expense": 1275426000.0,
        "Other Gand A": 1275426000.0,
        "Rent And Landing Fees": NaN,
        "Salaries And Wages": NaN,
        "Gross Profit": 4906267000.0,
        "Cost Of Revenue": 2610993000.0,
        "Total Revenue": 7517260000.0,
        "Excise Taxes": NaN,
        "Operating Revenue": 7517260000.0
    }
}