{
    "2023-12-31": {
        "Tax Effect Of Unusual Items": 22050.0,
        "Tax Rate For Calcs": 0.21,
        "Normalized EBITDA": -108000.0,
        "Total Unusual Items": 105000.0,
        "Total Unusual Items Excluding Goodwill": 105000.0,
        "Net Income From Continuing Operation Net Minority Interest": 452000.0,
        "Reconciled Depreciation": 48000.0,
        "Reconciled Cost Of Revenue": 624000.0,
        "EBITDA": -3000.0,
        "EBIT": -51000.0,
        "Net Interest Income": 707000.0,
        "Interest Income": 707000.0,
        "Normalized Income": 369050.0,
        "Net Income From Continuing And Discontinued Operation": 452000.0,
        "Total Expenses": 1832000.0,
        "Total Operating Income As Reported": -51000.0,
        "Diluted Average Shares": NaN,
        "Basic Average Shares": NaN,
        "Diluted EPS": NaN,
        "Basic EPS": NaN,
        "Diluted NI Availto Com Stockholders": 452000.0,
        "Net Income Common Stockholders": 452000.0,
        "Net Income": 452000.0,
        "Net Income Including Noncontrolling Interests": 514000.0,
        "Net Income Continuous Operations": 514000.0,
        "Earnings From Equity Interest Net Of Tax": -406000.0,
        "Tax Provision": -159000.0,
        "Pretax Income": 761000.0,
        "Other Income Expense": 105000.0,
        "Earnings From Equity Interest": 0.0,
        "Gain On Sale Of Security": 105000.0,
        "Net Non Operating Interest Income Expense": 707000.0,
        "Interest Income Non Operating": 707000.0,
        "Operating Income": -51000.0,
        "Operating Expense": 1190000.0,
        "Depreciation Amortization Depletion Income Statement": 30000.0,
        "Depreciation And Amortization In Income Statement": 30000.0,
        "Amortization": 30000.0,
        "Amortization Of Intangibles Income Statement": 30000.0,
        "Selling General And Administration": 1160000.0,
        "General And Administrative Expense": 1160000.0,
        "Other Gand A": 1160000.0,
        "Gross Profit": 1139000.0,
        "Cost Of Revenue": 642000.0,
        "Total Revenue": 1781000.0,
        "Operating Revenue": 1781000.0
    },
    "2023-09-30": {
        "Tax Effect Of Unusual Items": 17900.621118,
        "Tax Rate For Calcs": 0.136646,
        "Normalized EBITDA": -904000.0,
        "Total Unusual Items": 131000.0,
        "Total Unusual Items Excluding Goodwill": 131000.0,
        "Net Income From Continuing Operation Net Minority Interest": -810000.0,
        "Reconciled Depreciation": 86000.0,
        "Reconciled Cost Of Revenue": 0.0,
        "EBITDA": -773000.0,
        "EBIT": -859000.0,
        "Net Interest Income": 406000.0,
        "Interest Income": 406000.0,
        "Normalized Income": -923099.378882,
        "Net Income From Continuing And Discontinued Operation": -810000.0,
        "Total Expenses": 859000.0,
        "Total Operating Income As Reported": -859000.0,
        "Diluted Average Shares": 23803567.0,
        "Basic Average Shares": 23803567.0,
        "Diluted EPS": -0.03,
        "Basic EPS": -0.03,
        "Diluted NI Availto Com Stockholders": -810000.0,
        "Net Income Common Stockholders": -810000.0,
        "Net Income": -810000.0,
        "Net Income Including Noncontrolling Interests": -810000.0,
        "Net Income Continuous Operations": -810000.0,
        "Earnings From Equity Interest Net Of Tax": -532000.0,
        "Tax Provision": -44000.0,
        "Pretax Income": -322000.0,
        "Other Income Expense": 131000.0,
        "Earnings From Equity Interest": 0.0,
        "Gain On Sale Of Security": 131000.0,
        "Net Non Operating Interest Income Expense": 406000.0,
        "Interest Income Non Operating": 406000.0,
        "Operating Income": -859000.0,
        "Operating Expense": 859000.0,
        "Depreciation Amortization Depletion Income Statement": 71000.0,
        "Depreciation And Amortization In Income Statement": 71000.0,
        "Amortization": 71000.0,
        "Amortization Of Intangibles Income Statement": 71000.0,
        "Selling General And Administration": 788000.0,
        "General And Administrative Expense": 788000.0,
        "Other Gand A": 788000.0,
        "Gross Profit": 0.0,
        "Cost Of Revenue": 0.0,
        "Total Revenue": 0.0,
        "Operating Revenue": 0.0
    },
    "2023-06-30": {
        "Tax Effect Of Unusual Items": NaN,
        "Tax Rate For Calcs": NaN,
        "Normalized EBITDA": NaN,
        "Total Unusual Items": NaN,
        "Total Unusual Items Excluding Goodwill": NaN,
        "Net Income From Continuing Operation Net Minority Interest": NaN,
        "Reconciled Depreciation": NaN,
        "Reconciled Cost Of Revenue": NaN,
        "EBITDA": NaN,
        "EBIT": NaN,
        "Net Interest Income": NaN,
        "Interest Income": NaN,
        "Normalized Income": NaN,
        "Net Income From Continuing And Discontinued Operation": NaN,
        "Total Expenses": NaN,
        "Total Operating Income As Reported": NaN,
        "Diluted Average Shares": 23803567.0,
        "Basic Average Shares": 23803567.0,
        "Diluted EPS": -0.02,
        "Basic EPS": -0.02,
        "Diluted NI Availto Com Stockholders": NaN,
        "Net Income Common Stockholders": NaN,
        "Net Income": NaN,
        "Net Income Including Noncontrolling Interests": NaN,
        "Net Income Continuous Operations": NaN,
        "Earnings From Equity Interest Net Of Tax": NaN,
        "Tax Provision": NaN,
        "Pretax Income": NaN,
        "Other Income Expense": NaN,
        "Earnings From Equity Interest": NaN,
        "Gain On Sale Of Security": NaN,
        "Net Non Operating Interest Income Expense": NaN,
        "Interest Income Non Operating": NaN,
        "Operating Income": NaN,
        "Operating Expense": NaN,
        "Depreciation Amortization Depletion Income Statement": NaN,
        "Depreciation And Amortization In Income Statement": NaN,
        "Amortization": NaN,
        "Amortization Of Intangibles Income Statement": NaN,
        "Selling General And Administration": NaN,
        "General And Administrative Expense": NaN,
        "Other Gand A": NaN,
        "Gross Profit": NaN,
        "Cost Of Revenue": NaN,
        "Total Revenue": NaN,
        "Operating Revenue": NaN
    },
    "2023-03-31": {
        "Tax Effect Of Unusual Items": NaN,
        "Tax Rate For Calcs": NaN,
        "Normalized EBITDA": NaN,
        "Total Unusual Items": NaN,
        "Total Unusual Items Excluding Goodwill": NaN,
        "Net Income From Continuing Operation Net Minority Interest": NaN,
        "Reconciled Depreciation": NaN,
        "Reconciled Cost Of Revenue": NaN,
        "EBITDA": NaN,
        "EBIT": NaN,
        "Net Interest Income": NaN,
        "Interest Income": NaN,
        "Normalized Income": NaN,
        "Net Income From Continuing And Discontinued Operation": NaN,
        "Total Expenses": NaN,
        "Total Operating Income As Reported": NaN,
        "Diluted Average Shares": 23866821.0,
        "Basic Average Shares": 23866821.0,
        "Diluted EPS": -0.03,
        "Basic EPS": -0.03,
        "Diluted NI Availto Com Stockholders": NaN,
        "Net Income Common Stockholders": NaN,
        "Net Income": NaN,
        "Net Income Including Noncontrolling Interests": NaN,
        "Net Income Continuous Operations": NaN,
        "Earnings From Equity Interest Net Of Tax": NaN,
        "Tax Provision": NaN,
        "Pretax Income": NaN,
        "Other Income Expense": NaN,
        "Earnings From Equity Interest": NaN,
        "Gain On Sale Of Security": NaN,
        "Net Non Operating Interest Income Expense": NaN,
        "Interest Income Non Operating": NaN,
        "Operating Income": NaN,
        "Operating Expense": NaN,
        "Depreciation Amortization Depletion Income Statement": NaN,
        "Depreciation And Amortization In Income Statement": NaN,
        "Amortization": NaN,
        "Amortization Of Intangibles Income Statement": NaN,
        "Selling General And Administration": NaN,
        "General And Administrative Expense": NaN,
        "Other Gand A": NaN,
        "Gross Profit": NaN,
        "Cost Of Revenue": NaN,
        "Total Revenue": NaN,
        "Operating Revenue": NaN
    },
    "2024-03-31": {
        "Tax Effect Of Unusual Items": 16072.892938,
        "Tax Rate For Calcs": 0.334852,
        "Normalized EBITDA": -920000.0,
        "Total Unusual Items": 48000.0,
        "Total Unusual Items Excluding Goodwill": 48000.0,
        "Net Income From Continuing Operation Net Minority Interest": -920000.0,
        "Reconciled Depreciation": 46000.0,
        "Reconciled Cost Of Revenue": 0.0,
        "EBITDA": -872000.0,
        "EBIT": -918000.0,
        "Net Interest Income": 431000.0,
        "Interest Income": 431000.0,
        "Normalized Income": -951927.107062,
        "Net Income From Continuing And Discontinued Operation": -920000.0,
        "Total Expenses": 918000.0,
        "Total Operating Income As Reported": -918000.0,
        "Diluted Average Shares": 23540468.0,
        "Basic Average Shares": 23540468.0,
        "Diluted EPS": -0.04,
        "Basic EPS": -0.04,
        "Diluted NI Availto Com Stockholders": -920000.0,
        "Net Income Common Stockholders": -920000.0,
        "Net Income": -920000.0,
        "Net Income Including Noncontrolling Interests": -920000.0,
        "Net Income Continuous Operations": -920000.0,
        "Earnings From Equity Interest Net Of Tax": -628000.0,
        "Tax Provision": -147000.0,
        "Pretax Income": -439000.0,
        "Other Income Expense": 48000.0,
        "Earnings From Equity Interest": NaN,
        "Gain On Sale Of Security": 48000.0,
        "Net Non Operating Interest Income Expense": 431000.0,
        "Interest Income Non Operating": 431000.0,
        "Operating Income": -918000.0,
        "Operating Expense": 918000.0,
        "Depreciation Amortization Depletion Income Statement": 30000.0,
        "Depreciation And Amortization In Income Statement": 30000.0,
        "Amortization": 30000.0,
        "Amortization Of Intangibles Income Statement": 30000.0,
        "Selling General And Administration": 888000.0,
        "General And Administrative Expense": 888000.0,
        "Other Gand A": 888000.0,
        "Gross Profit": 0.0,
        "Cost Of Revenue": 0.0,
        "Total Revenue": 0.0,
        "Operating Revenue": 0.0
    },
    "2022-12-31": {
        "Tax Effect Of Unusual Items": NaN,
        "Tax Rate For Calcs": NaN,
        "Normalized EBITDA": NaN,
        "Total Unusual Items": NaN,
        "Total Unusual Items Excluding Goodwill": NaN,
        "Net Income From Continuing Operation Net Minority Interest": NaN,
        "Reconciled Depreciation": NaN,
        "Reconciled Cost Of Revenue": NaN,
        "EBITDA": NaN,
        "EBIT": NaN,
        "Net Interest Income": NaN,
        "Interest Income": NaN,
        "Normalized Income": NaN,
        "Net Income From Continuing And Discontinued Operation": NaN,
        "Total Expenses": NaN,
        "Total Operating Income As Reported": NaN,
        "Diluted Average Shares": NaN,
        "Basic Average Shares": NaN,
        "Diluted EPS": NaN,
        "Basic EPS": NaN,
        "Diluted NI Availto Com Stockholders": NaN,
        "Net Income Common Stockholders": NaN,
        "Net Income": NaN,
        "Net Income Including Noncontrolling Interests": NaN,
        "Net Income Continuous Operations": NaN,
        "Earnings From Equity Interest Net Of Tax": NaN,
        "Tax Provision": NaN,
        "Pretax Income": NaN,
        "Other Income Expense": NaN,
        "Earnings From Equity Interest": 156000.0,
        "Gain On Sale Of Security": NaN,
        "Net Non Operating Interest Income Expense": NaN,
        "Interest Income Non Operating": NaN,
        "Operating Income": NaN,
        "Operating Expense": NaN,
        "Depreciation Amortization Depletion Income Statement": NaN,
        "Depreciation And Amortization In Income Statement": NaN,
        "Amortization": NaN,
        "Amortization Of Intangibles Income Statement": NaN,
        "Selling General And Administration": NaN,
        "General And Administrative Expense": NaN,
        "Other Gand A": NaN,
        "Gross Profit": NaN,
        "Cost Of Revenue": NaN,
        "Total Revenue": NaN,
        "Operating Revenue": NaN
    },
    "2022-09-30": {
        "Tax Effect Of Unusual Items": NaN,
        "Tax Rate For Calcs": NaN,
        "Normalized EBITDA": NaN,
        "Total Unusual Items": NaN,
        "Total Unusual Items Excluding Goodwill": NaN,
        "Net Income From Continuing Operation Net Minority Interest": NaN,
        "Reconciled Depreciation": NaN,
        "Reconciled Cost Of Revenue": NaN,
        "EBITDA": NaN,
        "EBIT": NaN,
        "Net Interest Income": NaN,
        "Interest Income": NaN,
        "Normalized Income": NaN,
        "Net Income From Continuing And Discontinued Operation": NaN,
        "Total Expenses": NaN,
        "Total Operating Income As Reported": NaN,
        "Diluted Average Shares": 24065724.0,
        "Basic Average Shares": 23765089.0,
        "Diluted EPS": 0.09,
        "Basic EPS": 0.09,
        "Diluted NI Availto Com Stockholders": NaN,
        "Net Income Common Stockholders": NaN,
        "Net Income": NaN,
        "Net Income Including Noncontrolling Interests": NaN,
        "Net Income Continuous Operations": NaN,
        "Earnings From Equity Interest Net Of Tax": NaN,
        "Tax Provision": NaN,
        "Pretax Income": NaN,
        "Other Income Expense": NaN,
        "Other Non Operating Income Expenses": 271000.0,
        "Earnings From Equity Interest": 3727000.0,
        "Gain On Sale Of Security": NaN,
        "Net Non Operating Interest Income Expense": NaN,
        "Interest Income Non Operating": NaN,
        "Operating Income": NaN,
        "Operating Expense": NaN,
        "Depreciation Amortization Depletion Income Statement": NaN,
        "Depreciation And Amortization In Income Statement": NaN,
        "Amortization": NaN,
        "Amortization Of Intangibles Income Statement": NaN,
        "Selling General And Administration": NaN,
        "General And Administrative Expense": NaN,
        "Other Gand A": NaN,
        "Gross Profit": NaN,
        "Cost Of Revenue": NaN,
        "Total Revenue": NaN,
        "Operating Revenue": NaN
    },
    "2024-06-30": {
        "Tax Effect Of Unusual Items": 11340.0,
        "Tax Rate For Calcs": 0.21,
        "Normalized EBITDA": -632000.0,
        "Total Unusual Items": 54000.0,
        "Total Unusual Items Excluding Goodwill": 54000.0,
        "Net Income From Continuing Operation Net Minority Interest": -658000.0,
        "Reconciled Depreciation": 46000.0,
        "Reconciled Cost Of Revenue": 12000.0,
        "EBITDA": -578000.0,
        "EBIT": -624000.0,
        "Net Interest Income": 452000.0,
        "Interest Income": 452000.0,
        "Normalized Income": -700660.0,
        "Net Income From Continuing And Discontinued Operation": -658000.0,
        "Total Expenses": 724000.0,
        "Total Operating Income As Reported": -624000.0,
        "Diluted Average Shares": 23296555.0,
        "Basic Average Shares": 23296555.0,
        "Diluted EPS": -0.03,
        "Basic EPS": -0.03,
        "Diluted NI Availto Com Stockholders": -658000.0,
        "Net Income Common Stockholders": -658000.0,
        "Net Income": -658000.0,
        "Net Income Including Noncontrolling Interests": -658000.0,
        "Net Income Continuous Operations": -658000.0,
        "Earnings From Equity Interest Net Of Tax": -677000.0,
        "Tax Provision": -137000.0,
        "Pretax Income": -118000.0,
        "Other Income Expense": 54000.0,
        "Earnings From Equity Interest": NaN,
        "Gain On Sale Of Security": 54000.0,
        "Net Non Operating Interest Income Expense": 452000.0,
        "Interest Income Non Operating": 452000.0,
        "Operating Income": -624000.0,
        "Operating Expense": 696000.0,
        "Depreciation Amortization Depletion Income Statement": 30000.0,
        "Depreciation And Amortization In Income Statement": 30000.0,
        "Amortization": 30000.0,
        "Amortization Of Intangibles Income Statement": 30000.0,
        "Selling General And Administration": 666000.0,
        "General And Administrative Expense": 666000.0,
        "Other Gand A": 666000.0,
        "Gross Profit": 72000.0,
        "Cost Of Revenue": 28000.0,
        "Total Revenue": 100000.0,
        "Operating Revenue": 100000.0
    },
    "2024-09-30": {
        "Tax Effect Of Unusual Items": 61530.0,
        "Tax Rate For Calcs": 0.21,
        "Normalized EBITDA": -1143000.0,
        "Total Unusual Items": 293000.0,
        "Total Unusual Items Excluding Goodwill": 293000.0,
        "Net Income From Continuing Operation Net Minority Interest": -316000.0,
        "Reconciled Depreciation": 46000.0,
        "Reconciled Cost Of Revenue": 0.0,
        "EBITDA": -850000.0,
        "EBIT": -896000.0,
        "Net Interest Income": 524000.0,
        "Interest Income": 524000.0,
        "Normalized Income": -547470.0,
        "Net Income From Continuing And Discontinued Operation": -316000.0,
        "Total Expenses": 896000.0,
        "Total Operating Income As Reported": -896000.0,
        "Diluted Average Shares": 23126480.0,
        "Basic Average Shares": 23126480.0,
        "Diluted EPS": -0.01,
        "Basic EPS": -0.01,
        "Diluted NI Availto Com Stockholders": -316000.0,
        "Net Income Common Stockholders": -316000.0,
        "Net Income": -316000.0,
        "Net Income Including Noncontrolling Interests": -316000.0,
        "Net Income Continuous Operations": -316000.0,
        "Earnings From Equity Interest Net Of Tax": -308000.0,
        "Tax Provision": -71000.0,
        "Pretax Income": -79000.0,
        "Other Income Expense": 293000.0,
        "Earnings From Equity Interest": NaN,
        "Gain On Sale Of Security": 293000.0,
        "Net Non Operating Interest Income Expense": 524000.0,
        "Interest Income Non Operating": 524000.0,
        "Operating Income": -896000.0,
        "Operating Expense": 896000.0,
        "Depreciation Amortization Depletion Income Statement": 30000.0,
        "Depreciation And Amortization In Income Statement": 30000.0,
        "Amortization": 30000.0,
        "Amortization Of Intangibles Income Statement": 30000.0,
        "Selling General And Administration": 866000.0,
        "General And Administrative Expense": 866000.0,
        "Other Gand A": 866000.0,
        "Gross Profit": 0.0,
        "Cost Of Revenue": 0.0,
        "Total Revenue": 0.0,
        "Operating Revenue": 0.0
    }
}