{
    "2023-03-31": {
        "Tax Effect Of Unusual Items": NaN,
        "Tax Rate For Calcs": NaN,
        "Normalized EBITDA": NaN,
        "Total Unusual Items": NaN,
        "Total Unusual Items Excluding Goodwill": NaN,
        "Net Income From Continuing Operation Net Minority Interest": NaN,
        "Reconciled Depreciation": NaN,
        "Reconciled Cost Of Revenue": NaN,
        "EBITDA": NaN,
        "EBIT": NaN,
        "Net Interest Income": NaN,
        "Interest Expense": NaN,
        "Normalized Income": NaN,
        "Net Income From Continuing And Discontinued Operation": NaN,
        "Total Expenses": NaN,
        "Total Operating Income As Reported": 939000000.0,
        "Diluted Average Shares": NaN,
        "Basic Average Shares": NaN,
        "Diluted EPS": NaN,
        "Basic EPS": NaN,
        "Diluted NI Availto Com Stockholders": NaN,
        "Net Income Common Stockholders": NaN,
        "Net Income": NaN,
        "Minority Interests": NaN,
        "Net Income Including Noncontrolling Interests": NaN,
        "Net Income Continuous Operations": NaN,
        "Tax Provision": NaN,
        "Pretax Income": NaN,
        "Other Income Expense": NaN,
        "Other Non Operating Income Expenses": NaN,
        "Special Income Charges": NaN,
        "Other Special Charges": -80000000.0,
        "Write Off": NaN,
        "Impairment Of Capital Assets": NaN,
        "Restructuring And Mergern Acquisition": NaN,
        "Earnings From Equity Interest": NaN,
        "Gain On Sale Of Security": NaN,
        "Net Non Operating Interest Income Expense": NaN,
        "Interest Expense Non Operating": NaN,
        "Operating Income": NaN,
        "Operating Expense": NaN,
        "Other Operating Expenses": 13000000.0,
        "Other Taxes": NaN,
        "Selling General And Administration": NaN,
        "Selling And Marketing Expense": NaN,
        "General And Administrative Expense": NaN,
        "Other Gand A": NaN,
        "Salaries And Wages": NaN,
        "Gross Profit": NaN,
        "Cost Of Revenue": NaN,
        "Total Revenue": NaN,
        "Operating Revenue": NaN
    },
    "2022-12-31": {
        "Tax Effect Of Unusual Items": NaN,
        "Tax Rate For Calcs": NaN,
        "Normalized EBITDA": NaN,
        "Total Unusual Items": NaN,
        "Total Unusual Items Excluding Goodwill": NaN,
        "Net Income From Continuing Operation Net Minority Interest": NaN,
        "Reconciled Depreciation": NaN,
        "Reconciled Cost Of Revenue": NaN,
        "EBITDA": NaN,
        "EBIT": NaN,
        "Net Interest Income": NaN,
        "Interest Expense": NaN,
        "Normalized Income": NaN,
        "Net Income From Continuing And Discontinued Operation": NaN,
        "Total Expenses": NaN,
        "Total Operating Income As Reported": NaN,
        "Diluted Average Shares": NaN,
        "Basic Average Shares": NaN,
        "Diluted EPS": NaN,
        "Basic EPS": NaN,
        "Diluted NI Availto Com Stockholders": NaN,
        "Net Income Common Stockholders": NaN,
        "Net Income": NaN,
        "Minority Interests": NaN,
        "Net Income Including Noncontrolling Interests": NaN,
        "Net Income Continuous Operations": NaN,
        "Tax Provision": NaN,
        "Pretax Income": NaN,
        "Other Income Expense": NaN,
        "Other Non Operating Income Expenses": NaN,
        "Special Income Charges": NaN,
        "Other Special Charges": 21000000.0,
        "Write Off": NaN,
        "Impairment Of Capital Assets": NaN,
        "Restructuring And Mergern Acquisition": NaN,
        "Earnings From Equity Interest": NaN,
        "Gain On Sale Of Security": NaN,
        "Net Non Operating Interest Income Expense": NaN,
        "Interest Expense Non Operating": NaN,
        "Operating Income": NaN,
        "Operating Expense": NaN,
        "Other Operating Expenses": NaN,
        "Other Taxes": NaN,
        "Selling General And Administration": NaN,
        "Selling And Marketing Expense": NaN,
        "General And Administrative Expense": NaN,
        "Other Gand A": NaN,
        "Salaries And Wages": NaN,
        "Gross Profit": NaN,
        "Cost Of Revenue": NaN,
        "Total Revenue": NaN,
        "Operating Revenue": NaN
    },
    "2022-09-30": {
        "Tax Effect Of Unusual Items": NaN,
        "Tax Rate For Calcs": NaN,
        "Normalized EBITDA": NaN,
        "Total Unusual Items": NaN,
        "Total Unusual Items Excluding Goodwill": NaN,
        "Net Income From Continuing Operation Net Minority Interest": NaN,
        "Reconciled Depreciation": NaN,
        "Reconciled Cost Of Revenue": NaN,
        "EBITDA": NaN,
        "EBIT": NaN,
        "Net Interest Income": NaN,
        "Interest Expense": NaN,
        "Normalized Income": NaN,
        "Net Income From Continuing And Discontinued Operation": NaN,
        "Total Expenses": NaN,
        "Total Operating Income As Reported": NaN,
        "Diluted Average Shares": NaN,
        "Basic Average Shares": NaN,
        "Diluted EPS": NaN,
        "Basic EPS": NaN,
        "Diluted NI Availto Com Stockholders": NaN,
        "Net Income Common Stockholders": NaN,
        "Net Income": NaN,
        "Minority Interests": NaN,
        "Net Income Including Noncontrolling Interests": NaN,
        "Net Income Continuous Operations": NaN,
        "Tax Provision": NaN,
        "Pretax Income": NaN,
        "Other Income Expense": NaN,
        "Other Non Operating Income Expenses": NaN,
        "Special Income Charges": NaN,
        "Other Special Charges": NaN,
        "Write Off": NaN,
        "Impairment Of Capital Assets": -330000000.0,
        "Restructuring And Mergern Acquisition": NaN,
        "Earnings From Equity Interest": NaN,
        "Gain On Sale Of Security": NaN,
        "Net Non Operating Interest Income Expense": NaN,
        "Interest Expense Non Operating": NaN,
        "Operating Income": NaN,
        "Operating Expense": NaN,
        "Other Operating Expenses": NaN,
        "Other Taxes": NaN,
        "Selling General And Administration": NaN,
        "Selling And Marketing Expense": NaN,
        "General And Administrative Expense": NaN,
        "Other Gand A": NaN,
        "Salaries And Wages": NaN,
        "Gross Profit": NaN,
        "Cost Of Revenue": NaN,
        "Total Revenue": NaN,
        "Operating Revenue": NaN
    },
    "2022-06-30": {
        "Tax Effect Of Unusual Items": 98582346.832814,
        "Tax Rate For Calcs": 0.252129,
        "Normalized EBITDA": 5059000000.0,
        "Total Unusual Items": 391000000.0,
        "Total Unusual Items Excluding Goodwill": 391000000.0,
        "Net Income From Continuing Operation Net Minority Interest": 3593000000.0,
        "Reconciled Depreciation": 505000000.0,
        "Reconciled Cost Of Revenue": 8507000000.0,
        "EBITDA": 5450000000.0,
        "EBIT": 4945000000.0,
        "Net Interest Income": -130000000.0,
        "Interest Expense": 130000000.0,
        "Normalized Income": 3300582346.832814,
        "Net Income From Continuing And Discontinued Operation": 3593000000.0,
        "Total Expenses": 9974000000.0,
        "Total Operating Income As Reported": 4945000000.0,
        "Diluted Average Shares": 551659000.0,
        "Basic Average Shares": 550048000.0,
        "Diluted EPS": 6.51,
        "Basic EPS": 6.53,
        "Diluted NI Availto Com Stockholders": 3593000000.0,
        "Net Income Common Stockholders": 3593000000.0,
        "Net Income": 3593000000.0,
        "Minority Interests": -8000000.0,
        "Net Income Including Noncontrolling Interests": 3601000000.0,
        "Net Income Continuous Operations": 3601000000.0,
        "Tax Provision": 1214000000.0,
        "Pretax Income": 4815000000.0,
        "Other Income Expense": 413000000.0,
        "Other Non Operating Income Expenses": -55000000.0,
        "Special Income Charges": 422000000.0,
        "Other Special Charges": 3000000.0,
        "Write Off": -436000000.0,
        "Impairment Of Capital Assets": NaN,
        "Restructuring And Mergern Acquisition": 11000000.0,
        "Earnings From Equity Interest": 77000000.0,
        "Gain On Sale Of Security": -31000000.0,
        "Net Non Operating Interest Income Expense": -130000000.0,
        "Interest Expense Non Operating": 130000000.0,
        "Operating Income": 4532000000.0,
        "Operating Expense": 1467000000.0,
        "Other Operating Expenses": NaN,
        "Other Taxes": 362000000.0,
        "Selling General And Administration": 1105000000.0,
        "Selling And Marketing Expense": 1017000000.0,
        "General And Administrative Expense": 88000000.0,
        "Other Gand A": 140000000.0,
        "Salaries And Wages": -52000000.0,
        "Gross Profit": 5999000000.0,
        "Cost Of Revenue": 8507000000.0,
        "Total Revenue": 14506000000.0,
        "Operating Revenue": 14506000000.0
    },
    "2023-06-30": {
        "Tax Effect Of Unusual Items": NaN,
        "Tax Rate For Calcs": NaN,
        "Normalized EBITDA": NaN,
        "Total Unusual Items": NaN,
        "Total Unusual Items Excluding Goodwill": NaN,
        "Net Income From Continuing Operation Net Minority Interest": NaN,
        "Reconciled Depreciation": NaN,
        "Reconciled Cost Of Revenue": NaN,
        "EBITDA": NaN,
        "EBIT": NaN,
        "Net Interest Income": NaN,
        "Interest Expense": NaN,
        "Normalized Income": NaN,
        "Net Income From Continuing And Discontinued Operation": NaN,
        "Total Expenses": NaN,
        "Total Operating Income As Reported": NaN,
        "Diluted Average Shares": NaN,
        "Basic Average Shares": NaN,
        "Diluted EPS": NaN,
        "Basic EPS": NaN,
        "Diluted NI Availto Com Stockholders": NaN,
        "Net Income Common Stockholders": NaN,
        "Net Income": NaN,
        "Minority Interests": NaN,
        "Net Income Including Noncontrolling Interests": NaN,
        "Net Income Continuous Operations": NaN,
        "Tax Provision": NaN,
        "Pretax Income": NaN,
        "Other Income Expense": NaN,
        "Other Non Operating Income Expenses": NaN,
        "Special Income Charges": NaN,
        "Other Special Charges": NaN,
        "Write Off": NaN,
        "Impairment Of Capital Assets": 698000000.0,
        "Restructuring And Mergern Acquisition": NaN,
        "Earnings From Equity Interest": NaN,
        "Gain On Sale Of Security": NaN,
        "Net Non Operating Interest Income Expense": NaN,
        "Interest Expense Non Operating": NaN,
        "Operating Income": NaN,
        "Operating Expense": NaN,
        "Other Operating Expenses": NaN,
        "Other Taxes": NaN,
        "Selling General And Administration": NaN,
        "Selling And Marketing Expense": NaN,
        "General And Administrative Expense": NaN,
        "Other Gand A": NaN,
        "Salaries And Wages": NaN,
        "Gross Profit": NaN,
        "Cost Of Revenue": NaN,
        "Total Revenue": NaN,
        "Operating Revenue": NaN
    },
    "2022-03-31": {
        "Diluted EPS": 2.49,
        "Total Revenue": NaN,
        "Gross Profit": NaN,
        "Operating Income": NaN,
        "EBIT": NaN,
        "Net Income": NaN
    },
    "2021-12-31": {
        "Diluted EPS": 2.11,
        "Total Revenue": NaN,
        "Gross Profit": NaN,
        "Operating Income": NaN,
        "EBIT": NaN,
        "Net Income": NaN
    },
    "2021-09-30": {
        "Diluted EPS": 1.25,
        "Total Revenue": NaN,
        "Gross Profit": NaN,
        "Operating Income": NaN,
        "EBIT": NaN,
        "Net Income": 717
    },
    "2021-06-30": {
        "Diluted EPS": 1.94,
        "Total Revenue": NaN,
        "Gross Profit": NaN,
        "Operating Income": NaN,
        "EBIT": NaN,
        "Net Income": NaN
    },
    "2021-03-31": {
        "Diluted EPS": 0.22,
        "Total Revenue": NaN,
        "Gross Profit": NaN,
        "Operating Income": 278,
        "EBIT": 758,
        "Net Income": 127
    },
    "2020-12-31": {
        "Diluted EPS": 0.56,
        "Total Revenue": NaN,
        "Gross Profit": NaN,
        "Operating Income": 403,
        "EBIT": 902,
        "Net Income": 316
    },
    "2020-09-30": {
        "Diluted EPS": -1.03,
        "Total Revenue": NaN,
        "Gross Profit": NaN,
        "Operating Income": -722,
        "EBIT": -222,
        "Net Income": -587
    },
    "2020-06-30": {
        "Diluted EPS": 1.34,
        "Total Revenue": NaN,
        "Gross Profit": NaN,
        "Operating Income": NaN,
        "EBIT": NaN,
        "Net Income": 765
    },
    "2020-03-31": {
        "Diluted EPS": -0.06,
        "Total Revenue": NaN,
        "Gross Profit": 885,
        "Operating Income": 82,
        "EBIT": 555,
        "Net Income": -35
    },
    "2019-12-31": {
        "Diluted EPS": -0.08,
        "Total Revenue": NaN,
        "Gross Profit": NaN,
        "Operating Income": 63,
        "EBIT": 499,
        "Net Income": -48
    },
    "2019-09-30": {
        "Diluted EPS": 0.24,
        "Total Revenue": NaN,
        "Gross Profit": NaN,
        "Operating Income": 328,
        "EBIT": 785,
        "Net Income": 141
    },
    "2019-06-30": {
        "Diluted EPS": 1.47,
        "Total Revenue": NaN,
        "Gross Profit": NaN,
        "Operating Income": NaN,
        "EBIT": NaN,
        "Net Income": 858
    },
    "2019-03-31": {
        "Diluted EPS": 0.07,
        "Total Revenue": NaN,
        "Gross Profit": 975,
        "Operating Income": 176,
        "EBIT": 596,
        "Net Income": 41
    },
    "2018-12-31": {
        "Diluted EPS": 5.18,
        "Total Revenue": NaN,
        "Gross Profit": NaN,
        "Operating Income": 546,
        "EBIT": 944,
        "Net Income": NaN
    },
    "2018-09-30": {
        "Diluted EPS": -1.7,
        "Total Revenue": NaN,
        "Gross Profit": NaN,
        "Operating Income": NaN,
        "EBIT": -932,
        "Net Income": NaN
    },
    "2018-06-30": {
        "Diluted EPS": 2.24,
        "Total Revenue": NaN,
        "Gross Profit": NaN,
        "Operating Income": NaN,
        "EBIT": NaN,
        "Net Income": NaN
    },
    "2018-03-31": {
        "Diluted EPS": 0.0,
        "Total Revenue": NaN,
        "Gross Profit": 847,
        "Operating Income": 76,
        "EBIT": 487,
        "Net Income": -1
    },
    "2017-12-31": {
        "Diluted EPS": -0.09,
        "Total Revenue": NaN,
        "Gross Profit": -72,
        "Operating Income": -215,
        "EBIT": -43,
        "Net Income": -76
    },
    "2017-09-30": {
        "Diluted EPS": 0.06,
        "Total Revenue": NaN,
        "Gross Profit": 233,
        "Operating Income": 100,
        "EBIT": 280,
        "Net Income": 53
    },
    "2017-06-30": {
        "Diluted EPS": 0.24,
        "Total Revenue": NaN,
        "Gross Profit": 260,
        "Operating Income": 149,
        "EBIT": 317,
        "Net Income": 201
    },
    "2017-03-31": {
        "Diluted EPS": 0.18,
        "Total Revenue": NaN,
        "Gross Profit": 273,
        "Operating Income": 175,
        "EBIT": 347,
        "Net Income": 149
    },
    "2016-12-31": {
        "Diluted EPS": 0.13,
        "Total Revenue": NaN,
        "Gross Profit": 163,
        "Operating Income": -37,
        "EBIT": 140,
        "Net Income": 46
    },
    "2016-09-30": {
        "Diluted EPS": 0.25,
        "Total Revenue": NaN,
        "Gross Profit": 190,
        "Operating Income": 138,
        "EBIT": 321,
        "Net Income": 81
    },
    "2016-06-30": {
        "Diluted EPS": 0.35,
        "Total Revenue": NaN,
        "Gross Profit": 243,
        "Operating Income": 199,
        "EBIT": 367,
        "Net Income": 121
    },
    "2016-03-31": {
        "Diluted EPS": 0.23,
        "Total Revenue": NaN,
        "Gross Profit": 234,
        "Operating Income": 159,
        "EBIT": 326,
        "Net Income": 75
    },
    "2015-12-31": {
        "Diluted EPS": 0.6,
        "Total Revenue": NaN,
        "Gross Profit": 386,
        "Operating Income": 154,
        "EBIT": 322,
        "Net Income": 201
    },
    "2015-09-30": {
        "Diluted EPS": 0.85,
        "Total Revenue": NaN,
        "Gross Profit": 505,
        "Operating Income": 421,
        "EBIT": 593,
        "Net Income": 282
    },
    "2015-06-30": {
        "Diluted EPS": 1.25,
        "Total Revenue": NaN,
        "Gross Profit": 711,
        "Operating Income": 619,
        "EBIT": 792,
        "Net Income": 417
    },
    "2015-03-31": {
        "Diluted EPS": 1.1,
        "Total Revenue": NaN,
        "Gross Profit": 667,
        "Operating Income": 559,
        "EBIT": 731,
        "Net Income": 370
    },
    "2014-12-31": {
        "Diluted EPS": 1.2,
        "Total Revenue": NaN,
        "Gross Profit": 746,
        "Operating Income": 611,
        "EBIT": 611,
        "Net Income": 407
    },
    "2014-09-30": {
        "Diluted EPS": 0.95,
        "Total Revenue": NaN,
        "Gross Profit": 589,
        "Operating Income": 520,
        "EBIT": 681,
        "Net Income": 317
    },
    "2014-06-30": {
        "Diluted EPS": 1.4,
        "Total Revenue": NaN,
        "Gross Profit": 747,
        "Operating Income": 686,
        "EBIT": 868,
        "Net Income": 472
    },
    "2014-03-31": {
        "Diluted EPS": 1.0,
        "Total Revenue": NaN,
        "Gross Profit": 565,
        "Operating Income": 531,
        "EBIT": 707,
        "Net Income": 340
    },
    "2013-12-31": {
        "Diluted EPS": 0.68,
        "Total Revenue": NaN,
        "Gross Profit": 460,
        "Operating Income": 367,
        "EBIT": 544,
        "Net Income": 230
    },
    "2013-09-30": {
        "Diluted EPS": 1.03,
        "Total Revenue": NaN,
        "Gross Profit": 484,
        "Operating Income": 505,
        "EBIT": 654,
        "Net Income": 356
    },
    "2013-06-30": {
        "Diluted EPS": 1.83,
        "Total Revenue": NaN,
        "Gross Profit": 979,
        "Operating Income": 927,
        "EBIT": NaN,
        "Net Income": 643
    },
    "2013-03-31": {
        "Diluted EPS": 1.58,
        "Total Revenue": NaN,
        "Gross Profit": 867,
        "Operating Income": 817,
        "EBIT": 971,
        "Net Income": 556
    },
    "2012-12-31": {
        "Diluted EPS": 1.18,
        "Total Revenue": NaN,
        "Gross Profit": 586,
        "Operating Income": 559,
        "EBIT": 703,
        "Net Income": 421
    },
    "2012-09-30": {
        "Diluted EPS": 1.85,
        "Total Revenue": NaN,
        "Gross Profit": 927,
        "Operating Income": 918,
        "EBIT": NaN,
        "Net Income": 645
    },
    "2012-06-30": {
        "Diluted EPS": 1.5,
        "Total Revenue": NaN,
        "Gross Profit": NaN,
        "Operating Income": 857,
        "EBIT": NaN,
        "Net Income": 522
    },
    "2012-03-31": {
        "Diluted EPS": 1.4,
        "Total Revenue": NaN,
        "Gross Profit": 698,
        "Operating Income": 685,
        "EBIT": 813,
        "Net Income": 491
    },
    "2011-12-31": {
        "Diluted EPS": 1.93,
        "Total Revenue": NaN,
        "Gross Profit": 890,
        "Operating Income": 964,
        "EBIT": NaN,
        "Net Income": 683
    },
    "2011-09-30": {
        "Diluted EPS": 2.35,
        "Total Revenue": NaN,
        "Gross Profit": NaN,
        "Operating Income": NaN,
        "EBIT": NaN,
        "Net Income": 826
    },
    "2011-06-30": {
        "Diluted EPS": 2.4,
        "Total Revenue": NaN,
        "Gross Profit": NaN,
        "Operating Income": NaN,
        "EBIT": NaN,
        "Net Income": 840
    },
    "2011-03-31": {
        "Diluted EPS": 2.1,
        "Total Revenue": NaN,
        "Gross Profit": NaN,
        "Operating Income": NaN,
        "EBIT": NaN,
        "Net Income": 732
    },
    "2010-12-31": {
        "Diluted EPS": 1.38,
        "Total Revenue": NaN,
        "Gross Profit": 826,
        "Operating Income": 735,
        "EBIT": 859,
        "Net Income": 508
    },
    "2010-09-30": {
        "Diluted EPS": 0.95,
        "Total Revenue": NaN,
        "Gross Profit": 550,
        "Operating Income": 517,
        "EBIT": 623,
        "Net Income": 343
    },
    "2010-06-30": {
        "Diluted EPS": 1.33,
        "Total Revenue": NaN,
        "Gross Profit": 585,
        "Operating Income": 679,
        "EBIT": 788,
        "Net Income": 480
    },
    "2010-03-31": {
        "Diluted EPS": 1.23,
        "Total Revenue": NaN,
        "Gross Profit": 729,
        "Operating Income": 666,
        "EBIT": 776,
        "Net Income": 444
    },
    "2009-12-31": {
        "Diluted EPS": 0.67,
        "Total Revenue": NaN,
        "Gross Profit": 273,
        "Operating Income": 323,
        "EBIT": 407,
        "Net Income": 239
    },
    "2009-09-30": {
        "Diluted EPS": 0.68,
        "Total Revenue": NaN,
        "Gross Profit": 345,
        "Operating Income": 357,
        "EBIT": 440,
        "Net Income": 248
    },
    "2009-06-30": {
        "Diluted EPS": 0.51,
        "Total Revenue": 856,
        "Gross Profit": 169,
        "Operating Income": 284,
        "EBIT": 354,
        "Net Income": 186
    },
    "2009-03-31": {
        "Diluted EPS": 0.84,
        "Total Revenue": 923,
        "Gross Profit": 228,
        "Operating Income": 217,
        "EBIT": 291,
        "Net Income": 307
    },
    "2023-09-30": {
        "Tax Effect Of Unusual Items": -45200000.0,
        "Tax Rate For Calcs": 0.4,
        "Normalized EBITDA": 1050000000.0,
        "Total Unusual Items": -113000000.0,
        "Total Unusual Items Excluding Goodwill": -113000000.0,
        "Net Income From Continuing Operation Net Minority Interest": 75000000.0,
        "Reconciled Depreciation": 552000000.0,
        "Reconciled Cost Of Revenue": 4004000000.0,
        "EBITDA": 937000000.0,
        "EBIT": 385000000.0,
        "Net Interest Income": -206000000.0,
        "Interest Expense": 206000000.0,
        "Normalized Income": 142800000.0,
        "Net Income From Continuing And Discontinued Operation": 75000000.0,
        "Total Expenses": 5096000000.0,
        "Total Operating Income As Reported": NaN,
        "Diluted Average Shares": 495056000.0,
        "Basic Average Shares": 494517000.0,
        "Diluted EPS": 0.15,
        "Basic EPS": 0.15,
        "Diluted NI Availto Com Stockholders": 75000000.0,
        "Net Income Common Stockholders": 75000000.0,
        "Net Income": 75000000.0,
        "Minority Interests": -7000000.0,
        "Net Income Including Noncontrolling Interests": 82000000.0,
        "Net Income Continuous Operations": 82000000.0,
        "Tax Provision": 97000000.0,
        "Pretax Income": 179000000.0,
        "Other Income Expense": -150000000.0,
        "Other Non Operating Income Expenses": -65000000.0,
        "Special Income Charges": -72000000.0,
        "Other Special Charges": 46000000.0,
        "Write Off": 12000000.0,
        "Impairment Of Capital Assets": 0.0,
        "Restructuring And Mergern Acquisition": 14000000.0,
        "Earnings From Equity Interest": 28000000.0,
        "Gain On Sale Of Security": -41000000.0,
        "Net Non Operating Interest Income Expense": -206000000.0,
        "Interest Expense Non Operating": 206000000.0,
        "Operating Income": 535000000.0,
        "Operating Expense": 1092000000.0,
        "Other Operating Expenses": 4000000.0,
        "Other Taxes": 96000000.0,
        "Selling General And Administration": 992000000.0,
        "Selling And Marketing Expense": 799000000.0,
        "General And Administrative Expense": 193000000.0,
        "Other Gand A": 151000000.0,
        "Salaries And Wages": 42000000.0,
        "Gross Profit": 1627000000.0,
        "Cost Of Revenue": 4004000000.0,
        "Total Revenue": 5631000000.0,
        "Operating Revenue": 5631000000.0
    },
    "2023-12-31": {
        "Tax Effect Of Unusual Items": -34400000.0,
        "Tax Rate For Calcs": 0.4,
        "Normalized EBITDA": 915000000.0,
        "Total Unusual Items": -86000000.0,
        "Total Unusual Items Excluding Goodwill": -86000000.0,
        "Net Income From Continuing Operation Net Minority Interest": 172000000.0,
        "Reconciled Depreciation": 565000000.0,
        "Reconciled Cost Of Revenue": 3896000000.0,
        "EBITDA": 829000000.0,
        "EBIT": 264000000.0,
        "Net Interest Income": -213000000.0,
        "Interest Expense": 184000000.0,
        "Normalized Income": 223600000.0,
        "Net Income From Continuing And Discontinued Operation": 172000000.0,
        "Total Expenses": 5197000000.0,
        "Total Operating Income As Reported": NaN,
        "Diluted Average Shares": 494878000.0,
        "Basic Average Shares": 494545000.0,
        "Diluted EPS": 0.35,
        "Basic EPS": 0.35,
        "Diluted NI Availto Com Stockholders": 172000000.0,
        "Net Income Common Stockholders": 172000000.0,
        "Net Income": 172000000.0,
        "Minority Interests": -4000000.0,
        "Net Income Including Noncontrolling Interests": 176000000.0,
        "Net Income Continuous Operations": 176000000.0,
        "Tax Provision": -96000000.0,
        "Pretax Income": 80000000.0,
        "Other Income Expense": -174000000.0,
        "Other Non Operating Income Expenses": -89000000.0,
        "Special Income Charges": -100000000.0,
        "Other Special Charges": 0.0,
        "Write Off": 778000000.0,
        "Impairment Of Capital Assets": NaN,
        "Restructuring And Mergern Acquisition": 20000000.0,
        "Earnings From Equity Interest": 1000000.0,
        "Gain On Sale Of Security": 14000000.0,
        "Net Non Operating Interest Income Expense": -213000000.0,
        "Interest Expense Non Operating": 184000000.0,
        "Operating Income": 467000000.0,
        "Operating Expense": 1301000000.0,
        "Other Operating Expenses": NaN,
        "Other Taxes": 79000000.0,
        "Selling General And Administration": 1070000000.0,
        "Selling And Marketing Expense": 849000000.0,
        "General And Administrative Expense": 221000000.0,
        "Other Gand A": 228000000.0,
        "Salaries And Wages": -7000000.0,
        "Gross Profit": 1768000000.0,
        "Cost Of Revenue": 3896000000.0,
        "Total Revenue": 5664000000.0,
        "Operating Revenue": 5664000000.0
    },
    "2024-03-31": {
        "Tax Effect Of Unusual Items": -24375000.0,
        "Tax Rate For Calcs": 0.3125,
        "Normalized EBITDA": 1062000000.0,
        "Total Unusual Items": -78000000.0,
        "Total Unusual Items Excluding Goodwill": -78000000.0,
        "Net Income From Continuing Operation Net Minority Interest": 158000000.0,
        "Reconciled Depreciation": 565000000.0,
        "Reconciled Cost Of Revenue": 3852000000.0,
        "EBITDA": 984000000.0,
        "EBIT": 419000000.0,
        "Net Interest Income": -179000000.0,
        "Interest Expense": 179000000.0,
        "Normalized Income": 211625000.0,
        "Net Income From Continuing And Discontinued Operation": 158000000.0,
        "Total Expenses": 4877000000.0,
        "Total Operating Income As Reported": 419000000.0,
        "Diluted Average Shares": 494792000.0,
        "Basic Average Shares": 494570000.0,
        "Diluted EPS": 0.32,
        "Basic EPS": 0.32,
        "Diluted NI Availto Com Stockholders": 158000000.0,
        "Net Income Common Stockholders": 158000000.0,
        "Net Income": 158000000.0,
        "Minority Interests": -7000000.0,
        "Net Income Including Noncontrolling Interests": 165000000.0,
        "Net Income Continuous Operations": 165000000.0,
        "Tax Provision": 75000000.0,
        "Pretax Income": 240000000.0,
        "Other Income Expense": -93000000.0,
        "Other Non Operating Income Expenses": -66000000.0,
        "Special Income Charges": -13000000.0,
        "Other Special Charges": NaN,
        "Write Off": 13000000.0,
        "Impairment Of Capital Assets": NaN,
        "Restructuring And Mergern Acquisition": 0.0,
        "Earnings From Equity Interest": 51000000.0,
        "Gain On Sale Of Security": -65000000.0,
        "Net Non Operating Interest Income Expense": -179000000.0,
        "Interest Expense Non Operating": 179000000.0,
        "Operating Income": 512000000.0,
        "Operating Expense": 1025000000.0,
        "Other Operating Expenses": 3000000.0,
        "Other Taxes": 68000000.0,
        "Selling General And Administration": 954000000.0,
        "Selling And Marketing Expense": 794000000.0,
        "General And Administrative Expense": 160000000.0,
        "Other Gand A": 154000000.0,
        "Salaries And Wages": 6000000.0,
        "Gross Profit": 1537000000.0,
        "Cost Of Revenue": 3852000000.0,
        "Total Revenue": 5389000000.0,
        "Operating Revenue": 5389000000.0
    },
    "2024-06-30": {
        "Tax Effect Of Unusual Items": -121800000.0,
        "Tax Rate For Calcs": 0.15,
        "Normalized EBITDA": 2242000000.0,
        "Total Unusual Items": -812000000.0,
        "Total Unusual Items Excluding Goodwill": -812000000.0,
        "Net Income From Continuing Operation Net Minority Interest": 385000000.0,
        "Reconciled Depreciation": 586000000.0,
        "Reconciled Cost Of Revenue": 7244000000.0,
        "EBITDA": 1430000000.0,
        "EBIT": 844000000.0,
        "Net Interest Income": -162000000.0,
        "Interest Expense": 162000000.0,
        "Normalized Income": 1075200000.0,
        "Net Income From Continuing And Discontinued Operation": 385000000.0,
        "Total Expenses": 8488000000.0,
        "Total Operating Income As Reported": NaN,
        "Diluted Average Shares": 494915000.0,
        "Basic Average Shares": 494646000.0,
        "Diluted EPS": 0.78,
        "Basic EPS": 0.78,
        "Diluted NI Availto Com Stockholders": 385000000.0,
        "Net Income Common Stockholders": 385000000.0,
        "Net Income": 385000000.0,
        "Minority Interests": -7000000.0,
        "Net Income Including Noncontrolling Interests": 392000000.0,
        "Net Income Continuous Operations": 392000000.0,
        "Tax Provision": 290000000.0,
        "Pretax Income": 682000000.0,
        "Other Income Expense": -824000000.0,
        "Other Non Operating Income Expenses": -42000000.0,
        "Special Income Charges": -513000000.0,
        "Other Special Charges": -67000000.0,
        "Write Off": 65000000.0,
        "Impairment Of Capital Assets": 515000000.0,
        "Restructuring And Mergern Acquisition": 0.0,
        "Earnings From Equity Interest": 30000000.0,
        "Gain On Sale Of Security": -299000000.0,
        "Net Non Operating Interest Income Expense": -162000000.0,
        "Interest Expense Non Operating": 162000000.0,
        "Operating Income": 1668000000.0,
        "Operating Expense": 1244000000.0,
        "Other Operating Expenses": NaN,
        "Other Taxes": 68000000.0,
        "Selling General And Administration": 1176000000.0,
        "Selling And Marketing Expense": 1008000000.0,
        "General And Administrative Expense": 168000000.0,
        "Other Gand A": 158000000.0,
        "Salaries And Wages": 10000000.0,
        "Gross Profit": 2912000000.0,
        "Cost Of Revenue": 7244000000.0,
        "Total Revenue": 10156000000.0,
        "Operating Revenue": 10156000000.0
    },
    "2024-09-30": {
        "Tax Effect Of Unusual Items": -9600000.0,
        "Tax Rate For Calcs": 0.15,
        "Normalized EBITDA": 858000000.0,
        "Total Unusual Items": -64000000.0,
        "Total Unusual Items Excluding Goodwill": -64000000.0,
        "Net Income From Continuing Operation Net Minority Interest": 18000000.0,
        "Reconciled Depreciation": 598000000.0,
        "Reconciled Cost Of Revenue": 3848000000.0,
        "EBITDA": 794000000.0,
        "EBIT": 196000000.0,
        "Net Interest Income": -184000000.0,
        "Interest Expense": 184000000.0,
        "Normalized Income": 72400000.0,
        "Net Income From Continuing And Discontinued Operation": 18000000.0,
        "Total Expenses": 5083000000.0,
        "Total Operating Income As Reported": NaN,
        "Diluted Average Shares": 494857000.0,
        "Basic Average Shares": 494743000.0,
        "Diluted EPS": 0.04,
        "Basic EPS": 0.04,
        "Diluted NI Availto Com Stockholders": 18000000.0,
        "Net Income Common Stockholders": 18000000.0,
        "Net Income": 18000000.0,
        "Minority Interests": -7000000.0,
        "Net Income Including Noncontrolling Interests": 25000000.0,
        "Net Income Continuous Operations": 25000000.0,
        "Tax Provision": -13000000.0,
        "Pretax Income": 12000000.0,
        "Other Income Expense": -69000000.0,
        "Other Non Operating Income Expenses": -31000000.0,
        "Special Income Charges": -48000000.0,
        "Other Special Charges": 17000000.0,
        "Write Off": 31000000.0,
        "Impairment Of Capital Assets": NaN,
        "Restructuring And Mergern Acquisition": 0.0,
        "Earnings From Equity Interest": 26000000.0,
        "Gain On Sale Of Security": -16000000.0,
        "Net Non Operating Interest Income Expense": -184000000.0,
        "Interest Expense Non Operating": 184000000.0,
        "Operating Income": 265000000.0,
        "Operating Expense": 1235000000.0,
        "Other Operating Expenses": 184000000.0,
        "Other Taxes": 74000000.0,
        "Selling General And Administration": 977000000.0,
        "Selling And Marketing Expense": 820000000.0,
        "General And Administrative Expense": 157000000.0,
        "Other Gand A": 156000000.0,
        "Salaries And Wages": 1000000.0,
        "Gross Profit": 1500000000.0,
        "Cost Of Revenue": 3848000000.0,
        "Total Revenue": 5348000000.0,
        "Operating Revenue": 5348000000.0
    }
}