{
    "2023-04-30": {
        "Tax Effect Of Unusual Items": NaN,
        "Tax Rate For Calcs": NaN,
        "Normalized EBITDA": NaN,
        "Total Unusual Items": NaN,
        "Total Unusual Items Excluding Goodwill": NaN,
        "Net Income From Continuing Operation Net Minority Interest": NaN,
        "Reconciled Depreciation": NaN,
        "Reconciled Cost Of Revenue": NaN,
        "EBITDA": NaN,
        "EBIT": NaN,
        "Net Interest Income": NaN,
        "Interest Expense": NaN,
        "Interest Income": NaN,
        "Normalized Income": NaN,
        "Net Income From Continuing And Discontinued Operation": NaN,
        "Total Expenses": NaN,
        "Total Operating Income As Reported": NaN,
        "Diluted Average Shares": 7833150.0,
        "Basic Average Shares": 7833150.0,
        "Diluted EPS": -0.13,
        "Basic EPS": -0.13,
        "Diluted NI Availto Com Stockholders": NaN,
        "Net Income Common Stockholders": NaN,
        "Otherunder Preferred Stock Dividend": NaN,
        "Net Income": NaN,
        "Net Income Including Noncontrolling Interests": NaN,
        "Net Income Continuous Operations": NaN,
        "Tax Provision": NaN,
        "Pretax Income": NaN,
        "Other Income Expense": NaN,
        "Special Income Charges": NaN,
        "Other Special Charges": NaN,
        "Net Non Operating Interest Income Expense": NaN,
        "Interest Expense Non Operating": NaN,
        "Interest Income Non Operating": NaN,
        "Operating Income": NaN,
        "Operating Expense": NaN,
        "Research And Development": NaN,
        "Selling General And Administration": NaN,
        "Gross Profit": NaN,
        "Cost Of Revenue": NaN,
        "Total Revenue": NaN,
        "Operating Revenue": NaN
    },
    "2023-01-31": {
        "Tax Effect Of Unusual Items": NaN,
        "Tax Rate For Calcs": NaN,
        "Normalized EBITDA": NaN,
        "Total Unusual Items": -327326.0,
        "Total Unusual Items Excluding Goodwill": -327326.0,
        "Net Income From Continuing Operation Net Minority Interest": NaN,
        "Reconciled Depreciation": NaN,
        "Reconciled Cost Of Revenue": NaN,
        "EBITDA": NaN,
        "EBIT": NaN,
        "Net Interest Income": NaN,
        "Interest Expense": NaN,
        "Interest Income": NaN,
        "Normalized Income": NaN,
        "Net Income From Continuing And Discontinued Operation": NaN,
        "Total Expenses": NaN,
        "Total Operating Income As Reported": NaN,
        "Diluted Average Shares": NaN,
        "Basic Average Shares": NaN,
        "Diluted EPS": NaN,
        "Basic EPS": NaN,
        "Diluted NI Availto Com Stockholders": NaN,
        "Net Income Common Stockholders": NaN,
        "Otherunder Preferred Stock Dividend": 0.0,
        "Net Income": NaN,
        "Net Income Including Noncontrolling Interests": NaN,
        "Net Income Continuous Operations": NaN,
        "Tax Provision": NaN,
        "Pretax Income": NaN,
        "Other Income Expense": NaN,
        "Special Income Charges": -327326.0,
        "Other Special Charges": NaN,
        "Net Non Operating Interest Income Expense": NaN,
        "Interest Expense Non Operating": NaN,
        "Interest Income Non Operating": NaN,
        "Operating Income": NaN,
        "Operating Expense": NaN,
        "Research And Development": NaN,
        "Selling General And Administration": NaN,
        "Gross Profit": NaN,
        "Cost Of Revenue": NaN,
        "Total Revenue": NaN,
        "Operating Revenue": NaN
    },
    "2022-10-31": {
        "Tax Effect Of Unusual Items": NaN,
        "Tax Rate For Calcs": NaN,
        "Normalized EBITDA": NaN,
        "Total Unusual Items": 0.0,
        "Total Unusual Items Excluding Goodwill": 0.0,
        "Net Income From Continuing Operation Net Minority Interest": NaN,
        "Reconciled Depreciation": NaN,
        "Reconciled Cost Of Revenue": NaN,
        "EBITDA": NaN,
        "EBIT": NaN,
        "Net Interest Income": NaN,
        "Interest Expense": NaN,
        "Interest Income": NaN,
        "Normalized Income": NaN,
        "Net Income From Continuing And Discontinued Operation": NaN,
        "Total Expenses": NaN,
        "Total Operating Income As Reported": NaN,
        "Diluted Average Shares": 7803264.0,
        "Basic Average Shares": 7803264.0,
        "Diluted EPS": -0.14,
        "Basic EPS": -0.14,
        "Diluted NI Availto Com Stockholders": NaN,
        "Net Income Common Stockholders": NaN,
        "Otherunder Preferred Stock Dividend": 0.0,
        "Net Income": NaN,
        "Net Income Including Noncontrolling Interests": NaN,
        "Net Income Continuous Operations": NaN,
        "Tax Provision": NaN,
        "Pretax Income": NaN,
        "Special Income Charges": 0.0,
        "Net Non Operating Interest Income Expense": NaN,
        "Interest Expense Non Operating": NaN,
        "Interest Income Non Operating": NaN,
        "Operating Income": NaN,
        "Operating Expense": NaN,
        "Research And Development": NaN,
        "Selling General And Administration": NaN,
        "General And Administrative Expense": 1049532.0,
        "Other Gand A": 1049532.0,
        "Gross Profit": NaN,
        "Cost Of Revenue": NaN,
        "Total Revenue": NaN,
        "Operating Revenue": NaN
    },
    "2022-07-31": {
        "Tax Effect Of Unusual Items": 0.0,
        "Tax Rate For Calcs": 0.0,
        "Normalized EBITDA": -940593.0,
        "Total Unusual Items": 0.0,
        "Total Unusual Items Excluding Goodwill": 0.0,
        "Net Income From Continuing Operation Net Minority Interest": -1038675.0,
        "Reconciled Depreciation": 93653.0,
        "Reconciled Cost Of Revenue": 304353.0,
        "EBITDA": -940593.0,
        "EBIT": -1034246.0,
        "Net Interest Income": -4429.0,
        "Interest Expense": 4429.0,
        "Interest Income": NaN,
        "Normalized Income": -1038675.0,
        "Net Income From Continuing And Discontinued Operation": -1038675.0,
        "Total Expenses": 1490395.0,
        "Total Operating Income As Reported": -1034246.0,
        "Diluted Average Shares": 8409141.0,
        "Basic Average Shares": 8409141.0,
        "Diluted EPS": -0.12,
        "Basic EPS": -0.12,
        "Diluted NI Availto Com Stockholders": -1038675.0,
        "Net Income Common Stockholders": -1038675.0,
        "Otherunder Preferred Stock Dividend": NaN,
        "Net Income": -1038675.0,
        "Net Income Including Noncontrolling Interests": -1038675.0,
        "Net Income Continuous Operations": -1038675.0,
        "Tax Provision": 0.0,
        "Pretax Income": -1038675.0,
        "Special Income Charges": 0.0,
        "Net Non Operating Interest Income Expense": -4429.0,
        "Interest Expense Non Operating": 4429.0,
        "Interest Income Non Operating": NaN,
        "Operating Income": -1034246.0,
        "Operating Expense": 1186042.0,
        "Research And Development": 277869.0,
        "Selling General And Administration": 908173.0,
        "General And Administrative Expense": NaN,
        "Other Gand A": NaN,
        "Gross Profit": 151796.0,
        "Cost Of Revenue": 304353.0,
        "Total Revenue": 456149.0,
        "Operating Revenue": 456149.0
    },
    "2022-04-30": {
        "Diluted EPS": -0.08,
        "Total Revenue": 0,
        "Gross Profit": 0,
        "Operating Income": -1,
        "EBIT": -1,
        "Net Income": -1
    },
    "2022-01-31": {
        "Diluted EPS": -0.46,
        "Total Revenue": 0,
        "Gross Profit": 0,
        "Operating Income": -4,
        "EBIT": -2,
        "Net Income": -4
    },
    "2021-10-31": {
        "Diluted EPS": -0.23,
        "Total Revenue": 0,
        "Gross Profit": 0,
        "Operating Income": -2,
        "EBIT": -1,
        "Net Income": -2
    },
    "2021-07-31": {
        "Diluted EPS": -0.07,
        "Total Revenue": 0,
        "Gross Profit": 0,
        "Operating Income": 0,
        "EBIT": 0,
        "Net Income": -1
    },
    "2021-04-30": {
        "Diluted EPS": -0.04,
        "Total Revenue": 0,
        "Gross Profit": 0,
        "Operating Income": 0,
        "EBIT": 0,
        "Net Income": 0
    },
    "2021-01-31": {
        "Diluted EPS": -0.33,
        "Total Revenue": 0,
        "Gross Profit": 0,
        "Operating Income": -2,
        "EBIT": -2,
        "Net Income": -2
    },
    "2020-10-31": {
        "Diluted EPS": -0.01,
        "Total Revenue": 0,
        "Gross Profit": 0,
        "Operating Income": 0,
        "EBIT": 0,
        "Net Income": 0
    },
    "2020-07-31": {
        "Diluted EPS": -0.03,
        "Total Revenue": 0,
        "Gross Profit": 0,
        "Operating Income": 0,
        "EBIT": 0,
        "Net Income": 0
    },
    "2020-04-30": {
        "Diluted EPS": -0.07,
        "Total Revenue": 0,
        "Gross Profit": 0,
        "Operating Income": 0,
        "EBIT": 0,
        "Net Income": 0
    },
    "2020-01-31": {
        "Diluted EPS": -0.15,
        "Total Revenue": 0,
        "Gross Profit": 0,
        "Operating Income": -1,
        "EBIT": -1,
        "Net Income": -1
    },
    "2019-10-31": {
        "Diluted EPS": -0.12,
        "Total Revenue": 0,
        "Gross Profit": 0,
        "Operating Income": 0,
        "EBIT": 0,
        "Net Income": -1
    },
    "2019-07-31": {
        "Diluted EPS": -0.07,
        "Total Revenue": 0,
        "Gross Profit": 0,
        "Operating Income": 0,
        "EBIT": 0,
        "Net Income": 0
    },
    "2019-04-30": {
        "Diluted EPS": -0.09,
        "Total Revenue": 0,
        "Gross Profit": 0,
        "Operating Income": -1,
        "EBIT": -1,
        "Net Income": -1
    },
    "2019-01-31": {
        "Diluted EPS": -0.13,
        "Total Revenue": 0,
        "Gross Profit": 0,
        "Operating Income": -1,
        "EBIT": -1,
        "Net Income": -1
    },
    "2018-10-31": {
        "Diluted EPS": -0.08,
        "Total Revenue": 0,
        "Gross Profit": 0,
        "Operating Income": 0,
        "EBIT": 0,
        "Net Income": 0
    },
    "2018-07-31": {
        "Diluted EPS": -0.31,
        "Total Revenue": NaN,
        "Gross Profit": NaN,
        "Operating Income": -2,
        "EBIT": -2,
        "Net Income": -2
    },
    "2018-04-30": {
        "Diluted EPS": -0.02,
        "Total Revenue": NaN,
        "Gross Profit": NaN,
        "Operating Income": 0,
        "EBIT": 0,
        "Net Income": 0
    },
    "2018-01-31": {
        "Diluted EPS": -0.11,
        "Total Revenue": NaN,
        "Gross Profit": NaN,
        "Operating Income": -2,
        "EBIT": 0,
        "Net Income": -2
    },
    "2017-10-31": {
        "Diluted EPS": -0.01,
        "Total Revenue": NaN,
        "Gross Profit": NaN,
        "Operating Income": 0,
        "EBIT": 0,
        "Net Income": 0
    },
    "2017-07-31": {
        "Diluted EPS": 0.0,
        "Total Revenue": NaN,
        "Gross Profit": NaN,
        "Operating Income": 0,
        "EBIT": 0,
        "Net Income": 0
    },
    "2017-04-30": {
        "Diluted EPS": 0.0,
        "Total Revenue": NaN,
        "Gross Profit": NaN,
        "Operating Income": 0,
        "EBIT": 0,
        "Net Income": 0
    },
    "2017-01-31": {
        "Diluted EPS": -0.01,
        "Total Revenue": NaN,
        "Gross Profit": NaN,
        "Operating Income": 0,
        "EBIT": 0,
        "Net Income": 0
    },
    "2016-10-31": {
        "Diluted EPS": 0.0,
        "Total Revenue": NaN,
        "Gross Profit": NaN,
        "Operating Income": 0,
        "EBIT": 0,
        "Net Income": 0
    },
    "2016-07-31": {
        "Diluted EPS": -0.0,
        "Total Revenue": NaN,
        "Gross Profit": NaN,
        "Operating Income": 0,
        "EBIT": 0,
        "Net Income": 0
    },
    "2016-04-30": {
        "Diluted EPS": -0.0,
        "Total Revenue": NaN,
        "Gross Profit": NaN,
        "Operating Income": 0,
        "EBIT": 0,
        "Net Income": 0
    },
    "2016-01-31": {
        "Diluted EPS": 0.0,
        "Total Revenue": NaN,
        "Gross Profit": NaN,
        "Operating Income": NaN,
        "EBIT": NaN,
        "Net Income": NaN
    },
    "2015-10-31": {
        "Diluted EPS": -0.01,
        "Total Revenue": NaN,
        "Gross Profit": NaN,
        "Operating Income": 0,
        "EBIT": 0,
        "Net Income": 0
    },
    "2015-07-31": {
        "Diluted EPS": 0.0,
        "Total Revenue": NaN,
        "Gross Profit": NaN,
        "Operating Income": 0,
        "EBIT": 0,
        "Net Income": 0
    },
    "2023-07-31": {
        "Tax Effect Of Unusual Items": 0.0,
        "Tax Rate For Calcs": 0.0,
        "Normalized EBITDA": -744628.0,
        "Total Unusual Items": NaN,
        "Total Unusual Items Excluding Goodwill": NaN,
        "Net Income From Continuing Operation Net Minority Interest": -829173.0,
        "Reconciled Depreciation": 75310.0,
        "Reconciled Cost Of Revenue": 356256.0,
        "EBITDA": -744628.0,
        "EBIT": -819938.0,
        "Net Interest Income": -4985.0,
        "Interest Expense": 9235.0,
        "Interest Income": 4250.0,
        "Normalized Income": -829173.0,
        "Net Income From Continuing And Discontinued Operation": -829173.0,
        "Total Expenses": 1480116.0,
        "Total Operating Income As Reported": -824188.0,
        "Diluted Average Shares": 7833150.0,
        "Basic Average Shares": 7833150.0,
        "Diluted EPS": -0.11,
        "Basic EPS": -0.11,
        "Diluted NI Availto Com Stockholders": -829173.0,
        "Net Income Common Stockholders": -829173.0,
        "Otherunder Preferred Stock Dividend": NaN,
        "Net Income": -829173.0,
        "Net Income Including Noncontrolling Interests": -829173.0,
        "Net Income Continuous Operations": -829173.0,
        "Tax Provision": 0.0,
        "Pretax Income": -829173.0,
        "Other Income Expense": NaN,
        "Special Income Charges": NaN,
        "Other Special Charges": NaN,
        "Net Non Operating Interest Income Expense": -4985.0,
        "Interest Expense Non Operating": 9235.0,
        "Interest Income Non Operating": 4250.0,
        "Operating Income": -824188.0,
        "Operating Expense": 1123860.0,
        "Research And Development": 445122.0,
        "Selling General And Administration": 678738.0,
        "Gross Profit": 299672.0,
        "Cost Of Revenue": 356256.0,
        "Total Revenue": 655928.0,
        "Operating Revenue": 655928.0
    },
    "2023-10-31": {
        "Tax Effect Of Unusual Items": 0.0,
        "Tax Rate For Calcs": 0.0,
        "Normalized EBITDA": -1651875.0,
        "Total Unusual Items": NaN,
        "Total Unusual Items Excluding Goodwill": NaN,
        "Net Income From Continuing Operation Net Minority Interest": -1759946.0,
        "Reconciled Depreciation": 67871.0,
        "Reconciled Cost Of Revenue": 268920.0,
        "EBITDA": -1651875.0,
        "EBIT": -1719746.0,
        "Net Interest Income": -36435.0,
        "Interest Expense": 40200.0,
        "Interest Income": 3765.0,
        "Normalized Income": -1759946.0,
        "Net Income From Continuing And Discontinued Operation": -1759946.0,
        "Total Expenses": 2151352.0,
        "Total Operating Income As Reported": -1723511.0,
        "Diluted Average Shares": 7833150.0,
        "Basic Average Shares": 7833150.0,
        "Diluted EPS": -0.22,
        "Basic EPS": -0.22,
        "Diluted NI Availto Com Stockholders": -1759946.0,
        "Net Income Common Stockholders": -1759946.0,
        "Otherunder Preferred Stock Dividend": NaN,
        "Net Income": -1759946.0,
        "Net Income Including Noncontrolling Interests": -1759946.0,
        "Net Income Continuous Operations": -1759946.0,
        "Tax Provision": 0.0,
        "Pretax Income": -1759946.0,
        "Other Income Expense": NaN,
        "Special Income Charges": NaN,
        "Other Special Charges": NaN,
        "Net Non Operating Interest Income Expense": -36435.0,
        "Interest Expense Non Operating": 40200.0,
        "Interest Income Non Operating": 3765.0,
        "Operating Income": -1723511.0,
        "Operating Expense": 1882432.0,
        "Research And Development": 551503.0,
        "Selling General And Administration": 1330929.0,
        "Gross Profit": 158921.0,
        "Cost Of Revenue": 268920.0,
        "Total Revenue": 427841.0,
        "Operating Revenue": 427841.0
    },
    "2024-01-31": {
        "Tax Effect Of Unusual Items": 0.0,
        "Tax Rate For Calcs": 0.0,
        "Normalized EBITDA": -1788412.0,
        "Total Unusual Items": NaN,
        "Total Unusual Items Excluding Goodwill": NaN,
        "Net Income From Continuing Operation Net Minority Interest": -1880966.0,
        "Reconciled Depreciation": 69340.0,
        "Reconciled Cost Of Revenue": 343385.0,
        "EBITDA": -1788412.0,
        "EBIT": -1857752.0,
        "Net Interest Income": -20194.0,
        "Interest Expense": 23214.0,
        "Interest Income": 3020.0,
        "Normalized Income": -1880966.0,
        "Net Income From Continuing And Discontinued Operation": -1880966.0,
        "Total Expenses": 1830962.0,
        "Total Operating Income As Reported": -1306349.0,
        "Diluted Average Shares": NaN,
        "Basic Average Shares": NaN,
        "Diluted EPS": NaN,
        "Basic EPS": NaN,
        "Diluted NI Availto Com Stockholders": -1880966.0,
        "Net Income Common Stockholders": -1880966.0,
        "Otherunder Preferred Stock Dividend": NaN,
        "Net Income": -1880966.0,
        "Net Income Including Noncontrolling Interests": -1880966.0,
        "Net Income Continuous Operations": -1880966.0,
        "Tax Provision": 0.0,
        "Pretax Income": -1880966.0,
        "Other Income Expense": NaN,
        "Special Income Charges": NaN,
        "Other Special Charges": NaN,
        "Net Non Operating Interest Income Expense": -20194.0,
        "Interest Expense Non Operating": 23214.0,
        "Interest Income Non Operating": 3020.0,
        "Operating Income": -1306349.0,
        "Operating Expense": 1487577.0,
        "Research And Development": 563370.0,
        "Selling General And Administration": 924207.0,
        "Gross Profit": 181228.0,
        "Cost Of Revenue": 343385.0,
        "Total Revenue": 524613.0,
        "Operating Revenue": 524613.0
    },
    "2024-04-30": {
        "Tax Effect Of Unusual Items": 0.0,
        "Tax Rate For Calcs": 0.0,
        "Normalized EBITDA": -1820358.0,
        "Total Unusual Items": NaN,
        "Total Unusual Items Excluding Goodwill": NaN,
        "Net Income From Continuing Operation Net Minority Interest": -1898077.0,
        "Reconciled Depreciation": 69101.0,
        "Reconciled Cost Of Revenue": 243746.0,
        "EBITDA": -1820358.0,
        "EBIT": -1889459.0,
        "Net Interest Income": -8600.0,
        "Interest Expense": 8618.0,
        "Interest Income": 18.0,
        "Normalized Income": -1898077.0,
        "Net Income From Continuing And Discontinued Operation": -1898077.0,
        "Total Expenses": 2298009.0,
        "Total Operating Income As Reported": -1889477.0,
        "Diluted Average Shares": 9159869.0,
        "Basic Average Shares": 9159869.0,
        "Diluted EPS": -0.21,
        "Basic EPS": -0.21,
        "Diluted NI Availto Com Stockholders": -1898077.0,
        "Net Income Common Stockholders": -1898077.0,
        "Otherunder Preferred Stock Dividend": NaN,
        "Net Income": -1898077.0,
        "Net Income Including Noncontrolling Interests": -1898077.0,
        "Net Income Continuous Operations": -1898077.0,
        "Tax Provision": 0.0,
        "Pretax Income": -1898077.0,
        "Other Income Expense": NaN,
        "Special Income Charges": NaN,
        "Other Special Charges": NaN,
        "Net Non Operating Interest Income Expense": -8600.0,
        "Interest Expense Non Operating": 8618.0,
        "Interest Income Non Operating": 18.0,
        "Operating Income": -1889477.0,
        "Operating Expense": 2054263.0,
        "Research And Development": 974535.0,
        "Selling General And Administration": 1079728.0,
        "Gross Profit": 164786.0,
        "Cost Of Revenue": 243746.0,
        "Total Revenue": 408532.0,
        "Operating Revenue": 408532.0
    },
    "2024-07-31": {
        "Tax Effect Of Unusual Items": 0.0,
        "Tax Rate For Calcs": 0.0,
        "Normalized EBITDA": -1262461.0,
        "Total Unusual Items": -368036.0,
        "Total Unusual Items Excluding Goodwill": -368036.0,
        "Net Income From Continuing Operation Net Minority Interest": -1705465.0,
        "Reconciled Depreciation": 69949.0,
        "Reconciled Cost Of Revenue": 341272.0,
        "EBITDA": -1630497.0,
        "EBIT": -1700446.0,
        "Net Interest Income": 72313.0,
        "Interest Expense": 5019.0,
        "Interest Income": 77332.0,
        "Normalized Income": -1337429.0,
        "Net Income From Continuing And Discontinued Operation": -1705465.0,
        "Total Expenses": 1852572.0,
        "Total Operating Income As Reported": -1409742.0,
        "Diluted Average Shares": 11061725.0,
        "Basic Average Shares": 11061725.0,
        "Diluted EPS": -0.15,
        "Basic EPS": -0.15,
        "Diluted NI Availto Com Stockholders": -1705465.0,
        "Net Income Common Stockholders": -1705465.0,
        "Otherunder Preferred Stock Dividend": NaN,
        "Net Income": -1705465.0,
        "Net Income Including Noncontrolling Interests": -1705465.0,
        "Net Income Continuous Operations": -1705465.0,
        "Tax Provision": 0.0,
        "Pretax Income": -1705465.0,
        "Other Income Expense": -368036.0,
        "Special Income Charges": -368036.0,
        "Other Special Charges": 368036.0,
        "Net Non Operating Interest Income Expense": 72313.0,
        "Interest Expense Non Operating": 5019.0,
        "Interest Income Non Operating": 77332.0,
        "Operating Income": -1409742.0,
        "Operating Expense": 1511300.0,
        "Research And Development": 773975.0,
        "Selling General And Administration": 737325.0,
        "Gross Profit": 101558.0,
        "Cost Of Revenue": 341272.0,
        "Total Revenue": 442830.0,
        "Operating Revenue": 442830.0
    }
}