{
    "2023-06-30": {
        "Tax Effect Of Unusual Items": -9064900.0,
        "Tax Rate For Calcs": 0.247,
        "Total Unusual Items": -36700000.0,
        "Total Unusual Items Excluding Goodwill": -36700000.0,
        "Net Income From Continuing Operation Net Minority Interest": 331800000.0,
        "Reconciled Depreciation": 153200000.0,
        "Net Interest Income": 511500000.0,
        "Interest Expense": 1223500000.0,
        "Interest Income": 1735000000.0,
        "Normalized Income": 359435100.0,
        "Net Income From Continuing And Discontinued Operation": 331800000.0,
        "Diluted Average Shares": 207816015.0,
        "Basic Average Shares": 207638671.0,
        "Diluted EPS": 1.56,
        "Basic EPS": 1.56,
        "Diluted NI Availto Com Stockholders": 323700000.0,
        "Net Income Common Stockholders": 323700000.0,
        "Otherunder Preferred Stock Dividend": 3400000.0,
        "Preferred Stock Dividends": 4700000.0,
        "Net Income": 331800000.0,
        "Net Income Including Noncontrolling Interests": 331800000.0,
        "Net Income Continuous Operations": 331800000.0,
        "Tax Provision": 108900000.0,
        "Pretax Income": 440700000.0,
        "Special Income Charges": -36700000.0,
        "Other Special Charges": NaN,
        "Restructuring And Mergern Acquisition": 36700000.0,
        "Gain On Sale Of Security": 0.0,
        "Depreciation Amortization Depletion Income Statement": NaN,
        "Depreciation And Amortization In Income Statement": NaN,
        "Amortization": NaN,
        "Amortization Of Intangibles Income Statement": NaN,
        "Selling General And Administration": 705800000.0,
        "Selling And Marketing Expense": 21100000.0,
        "General And Administrative Expense": 684700000.0,
        "Insurance And Claims": 6600000.0,
        "Salaries And Wages": 678100000.0,
        "Total Revenue": 1752800000.0,
        "Operating Revenue": 1752800000.0,
        "Occupancy And Equipment": 283100000.0,
        "Other Non Interest Expense": 302000000.0
    },
    "2023-03-31": {
        "Tax Effect Of Unusual Items": NaN,
        "Tax Rate For Calcs": NaN,
        "Total Unusual Items": NaN,
        "Total Unusual Items Excluding Goodwill": NaN,
        "Net Income From Continuing Operation Net Minority Interest": NaN,
        "Reconciled Depreciation": NaN,
        "Net Interest Income": NaN,
        "Interest Expense": NaN,
        "Interest Income": NaN,
        "Normalized Income": NaN,
        "Net Income From Continuing And Discontinued Operation": NaN,
        "Diluted Average Shares": NaN,
        "Basic Average Shares": NaN,
        "Diluted EPS": NaN,
        "Basic EPS": NaN,
        "Diluted NI Availto Com Stockholders": NaN,
        "Net Income Common Stockholders": NaN,
        "Otherunder Preferred Stock Dividend": NaN,
        "Preferred Stock Dividends": NaN,
        "Net Income": NaN,
        "Net Income Including Noncontrolling Interests": NaN,
        "Net Income Continuous Operations": NaN,
        "Tax Provision": NaN,
        "Pretax Income": NaN,
        "Special Income Charges": NaN,
        "Other Special Charges": NaN,
        "Restructuring And Mergern Acquisition": NaN,
        "Gain On Sale Of Security": NaN,
        "Depreciation Amortization Depletion Income Statement": 3200000.0,
        "Depreciation And Amortization In Income Statement": 3200000.0,
        "Amortization": 3200000.0,
        "Amortization Of Intangibles Income Statement": 3200000.0,
        "Selling General And Administration": NaN,
        "Selling And Marketing Expense": NaN,
        "General And Administrative Expense": NaN,
        "Insurance And Claims": NaN,
        "Salaries And Wages": NaN,
        "Total Revenue": NaN,
        "Operating Revenue": NaN,
        "Occupancy And Equipment": NaN,
        "Other Non Interest Expense": NaN
    },
    "2022-12-31": {
        "Tax Effect Of Unusual Items": NaN,
        "Tax Rate For Calcs": NaN,
        "Total Unusual Items": NaN,
        "Total Unusual Items Excluding Goodwill": NaN,
        "Net Income From Continuing Operation Net Minority Interest": NaN,
        "Reconciled Depreciation": NaN,
        "Net Interest Income": NaN,
        "Interest Expense": NaN,
        "Interest Income": NaN,
        "Normalized Income": NaN,
        "Net Income From Continuing And Discontinued Operation": NaN,
        "Diluted Average Shares": NaN,
        "Basic Average Shares": NaN,
        "Diluted EPS": NaN,
        "Basic EPS": NaN,
        "Diluted NI Availto Com Stockholders": NaN,
        "Net Income Common Stockholders": NaN,
        "Otherunder Preferred Stock Dividend": NaN,
        "Preferred Stock Dividends": NaN,
        "Net Income": NaN,
        "Net Income Including Noncontrolling Interests": NaN,
        "Net Income Continuous Operations": NaN,
        "Tax Provision": NaN,
        "Pretax Income": NaN,
        "Special Income Charges": NaN,
        "Other Special Charges": NaN,
        "Restructuring And Mergern Acquisition": NaN,
        "Gain On Sale Of Security": NaN,
        "Depreciation Amortization Depletion Income Statement": 2200000.0,
        "Depreciation And Amortization In Income Statement": 2200000.0,
        "Amortization": 2200000.0,
        "Amortization Of Intangibles Income Statement": 2200000.0,
        "Selling General And Administration": NaN,
        "Selling And Marketing Expense": NaN,
        "General And Administrative Expense": NaN,
        "Insurance And Claims": NaN,
        "Salaries And Wages": NaN,
        "Total Revenue": NaN,
        "Operating Revenue": NaN,
        "Occupancy And Equipment": NaN,
        "Other Non Interest Expense": NaN
    },
    "2022-09-30": {
        "Tax Effect Of Unusual Items": NaN,
        "Tax Rate For Calcs": NaN,
        "Total Unusual Items": NaN,
        "Total Unusual Items Excluding Goodwill": NaN,
        "Net Income From Continuing Operation Net Minority Interest": NaN,
        "Reconciled Depreciation": NaN,
        "Net Interest Income": NaN,
        "Interest Expense": NaN,
        "Interest Income": NaN,
        "Normalized Income": NaN,
        "Net Income From Continuing And Discontinued Operation": NaN,
        "Diluted Average Shares": NaN,
        "Basic Average Shares": NaN,
        "Diluted EPS": NaN,
        "Basic EPS": NaN,
        "Diluted NI Availto Com Stockholders": NaN,
        "Net Income Common Stockholders": NaN,
        "Otherunder Preferred Stock Dividend": NaN,
        "Preferred Stock Dividends": NaN,
        "Net Income": NaN,
        "Net Income Including Noncontrolling Interests": NaN,
        "Net Income Continuous Operations": NaN,
        "Tax Provision": NaN,
        "Pretax Income": NaN,
        "Special Income Charges": NaN,
        "Other Special Charges": NaN,
        "Restructuring And Mergern Acquisition": NaN,
        "Gain On Sale Of Security": NaN,
        "Depreciation Amortization Depletion Income Statement": 2200000.0,
        "Depreciation And Amortization In Income Statement": 2200000.0,
        "Amortization": 2200000.0,
        "Amortization Of Intangibles Income Statement": 2200000.0,
        "Selling General And Administration": NaN,
        "Selling And Marketing Expense": NaN,
        "General And Administrative Expense": NaN,
        "Insurance And Claims": NaN,
        "Salaries And Wages": NaN,
        "Total Revenue": NaN,
        "Operating Revenue": NaN
    },
    "2022-06-30": {
        "Tax Effect Of Unusual Items": 0.0,
        "Tax Rate For Calcs": 0.267,
        "Total Unusual Items": NaN,
        "Total Unusual Items Excluding Goodwill": NaN,
        "Net Income From Continuing Operation Net Minority Interest": 396200000.0,
        "Reconciled Depreciation": 133600000.0,
        "Net Interest Income": 458700000.0,
        "Interest Expense": 66100000.0,
        "Interest Income": 524800000.0,
        "Normalized Income": 396200000.0,
        "Net Income From Continuing And Discontinued Operation": 396200000.0,
        "Diluted Average Shares": 208878350.0,
        "Basic Average Shares": 208383991.0,
        "Diluted EPS": 1.86,
        "Basic EPS": 1.86,
        "Diluted NI Availto Com Stockholders": 388300000.0,
        "Net Income Common Stockholders": 388300000.0,
        "Otherunder Preferred Stock Dividend": 3200000.0,
        "Preferred Stock Dividends": 4700000.0,
        "Net Income": 396200000.0,
        "Net Income Including Noncontrolling Interests": 396200000.0,
        "Net Income Continuous Operations": 396200000.0,
        "Tax Provision": 144400000.0,
        "Pretax Income": 540600000.0,
        "Special Income Charges": NaN,
        "Other Special Charges": NaN,
        "Restructuring And Mergern Acquisition": NaN,
        "Gain On Sale Of Security": 0.0,
        "Depreciation Amortization Depletion Income Statement": 2200000.0,
        "Depreciation And Amortization In Income Statement": 2200000.0,
        "Amortization": 2200000.0,
        "Amortization Of Intangibles Income Statement": 2200000.0,
        "Selling General And Administration": 666100000.0,
        "Selling And Marketing Expense": 18100000.0,
        "General And Administrative Expense": 666100000.0,
        "Insurance And Claims": 4600000.0,
        "Salaries And Wages": 666100000.0,
        "Total Revenue": 1768700000.0,
        "Operating Revenue": 1768700000.0
    },
    "2022-03-31": {
        "Diluted EPS": 1.77,
        "Total Revenue": NaN,
        "Gross Profit": NaN,
        "Operating Income": 511,
        "EBIT": NaN,
        "Net Income": 370
    },
    "2021-12-31": {
        "Diluted EPS": 1.92,
        "Total Revenue": NaN,
        "Gross Profit": NaN,
        "Operating Income": 510,
        "EBIT": NaN,
        "Net Income": 393
    },
    "2021-09-30": {
        "Diluted EPS": 1.8,
        "Total Revenue": NaN,
        "Gross Profit": NaN,
        "Operating Income": 518,
        "EBIT": NaN,
        "Net Income": 380
    },
    "2021-06-30": {
        "Diluted EPS": 1.72,
        "Total Revenue": NaN,
        "Gross Profit": NaN,
        "Operating Income": 487,
        "EBIT": NaN,
        "Net Income": 363
    },
    "2021-03-31": {
        "Diluted EPS": 1.7,
        "Total Revenue": NaN,
        "Gross Profit": NaN,
        "Operating Income": 496,
        "EBIT": NaN,
        "Net Income": 355
    },
    "2020-12-31": {
        "Diluted EPS": 1.13,
        "Total Revenue": NaN,
        "Gross Profit": NaN,
        "Operating Income": 373,
        "EBIT": NaN,
        "Net Income": 228
    },
    "2020-09-30": {
        "Diluted EPS": 1.32,
        "Total Revenue": NaN,
        "Gross Profit": NaN,
        "Operating Income": 390,
        "EBIT": NaN,
        "Net Income": 278
    },
    "2020-06-30": {
        "Diluted EPS": 1.46,
        "Total Revenue": NaN,
        "Gross Profit": NaN,
        "Operating Income": 403,
        "EBIT": NaN,
        "Net Income": 309
    },
    "2020-03-31": {
        "Diluted EPS": 1.55,
        "Total Revenue": NaN,
        "Gross Profit": NaN,
        "Operating Income": 461,
        "EBIT": NaN,
        "Net Income": 326
    },
    "2019-12-31": {
        "Diluted EPS": 1.71,
        "Total Revenue": NaN,
        "Gross Profit": NaN,
        "Operating Income": 476,
        "EBIT": NaN,
        "Net Income": 348
    },
    "2019-09-30": {
        "Diluted EPS": 1.69,
        "Total Revenue": NaN,
        "Gross Profit": NaN,
        "Operating Income": 509,
        "EBIT": NaN,
        "Net Income": 367
    },
    "2019-06-30": {
        "Diluted EPS": 1.75,
        "Total Revenue": NaN,
        "Gross Profit": NaN,
        "Operating Income": 507,
        "EBIT": NaN,
        "Net Income": 384
    },
    "2019-03-31": {
        "Diluted EPS": 1.48,
        "Total Revenue": NaN,
        "Gross Profit": NaN,
        "Operating Income": 452,
        "EBIT": NaN,
        "Net Income": 330
    },
    "2018-12-31": {
        "Diluted EPS": 1.8,
        "Total Revenue": NaN,
        "Gross Profit": NaN,
        "Operating Income": 486,
        "EBIT": NaN,
        "Net Income": 404
    },
    "2018-09-30": {
        "Diluted EPS": 1.58,
        "Total Revenue": NaN,
        "Gross Profit": NaN,
        "Operating Income": 481,
        "EBIT": NaN,
        "Net Income": 357
    },
    "2018-06-30": {
        "Diluted EPS": 1.68,
        "Total Revenue": NaN,
        "Gross Profit": NaN,
        "Operating Income": 507,
        "EBIT": NaN,
        "Net Income": 385
    },
    "2018-03-31": {
        "Diluted EPS": 1.58,
        "Total Revenue": NaN,
        "Gross Profit": NaN,
        "Operating Income": 484,
        "EBIT": NaN,
        "Net Income": 364
    },
    "2017-12-31": {
        "Diluted EPS": 1.51,
        "Total Revenue": NaN,
        "Gross Profit": NaN,
        "Operating Income": 436,
        "EBIT": NaN,
        "Net Income": 336
    },
    "2017-09-30": {
        "Diluted EPS": 1.2,
        "Total Revenue": NaN,
        "Gross Profit": NaN,
        "Operating Income": 417,
        "EBIT": NaN,
        "Net Income": 281
    },
    "2017-06-30": {
        "Diluted EPS": 1.12,
        "Total Revenue": NaN,
        "Gross Profit": NaN,
        "Operating Income": 391,
        "EBIT": NaN,
        "Net Income": 262
    },
    "2017-03-31": {
        "Diluted EPS": 1.09,
        "Total Revenue": NaN,
        "Gross Profit": NaN,
        "Operating Income": 391,
        "EBIT": NaN,
        "Net Income": 251
    },
    "2016-12-31": {
        "Diluted EPS": 1.11,
        "Total Revenue": NaN,
        "Gross Profit": NaN,
        "Operating Income": 390,
        "EBIT": NaN,
        "Net Income": 246
    },
    "2016-09-30": {
        "Diluted EPS": 1.08,
        "Total Revenue": NaN,
        "Gross Profit": NaN,
        "Operating Income": 374,
        "EBIT": NaN,
        "Net Income": 252
    },
    "2016-06-30": {
        "Diluted EPS": 1.1,
        "Total Revenue": NaN,
        "Gross Profit": NaN,
        "Operating Income": 395,
        "EBIT": NaN,
        "Net Income": 257
    },
    "2016-03-31": {
        "Diluted EPS": 1.03,
        "Total Revenue": NaN,
        "Gross Profit": NaN,
        "Operating Income": 359,
        "EBIT": NaN,
        "Net Income": 235
    },
    "2015-12-31": {
        "Diluted EPS": 0.99,
        "Total Revenue": NaN,
        "Gross Profit": NaN,
        "Operating Income": 350,
        "EBIT": NaN,
        "Net Income": 218
    },
    "2015-09-30": {
        "Diluted EPS": 0.96,
        "Total Revenue": NaN,
        "Gross Profit": NaN,
        "Operating Income": 353,
        "EBIT": NaN,
        "Net Income": 229
    },
    "2015-06-30": {
        "Diluted EPS": 1.1,
        "Total Revenue": NaN,
        "Gross Profit": NaN,
        "Operating Income": 411,
        "EBIT": NaN,
        "Net Income": 263
    },
    "2015-03-31": {
        "Diluted EPS": 0.94,
        "Total Revenue": NaN,
        "Gross Profit": NaN,
        "Operating Income": 350,
        "EBIT": NaN,
        "Net Income": 225
    },
    "2014-12-31": {
        "Diluted EPS": 0.98,
        "Total Revenue": NaN,
        "Gross Profit": NaN,
        "Operating Income": 346,
        "EBIT": NaN,
        "Net Income": 221
    },
    "2014-09-30": {
        "Diluted EPS": 0.84,
        "Total Revenue": NaN,
        "Gross Profit": NaN,
        "Operating Income": 304,
        "EBIT": NaN,
        "Net Income": 205
    },
    "2014-06-30": {
        "Diluted EPS": 0.75,
        "Total Revenue": NaN,
        "Gross Profit": NaN,
        "Operating Income": 271,
        "EBIT": NaN,
        "Net Income": 182
    },
    "2014-03-31": {
        "Diluted EPS": 0.75,
        "Total Revenue": NaN,
        "Gross Profit": NaN,
        "Operating Income": 270,
        "EBIT": NaN,
        "Net Income": 181
    },
    "2013-12-31": {
        "Diluted EPS": 0.7,
        "Total Revenue": NaN,
        "Gross Profit": NaN,
        "Operating Income": 246,
        "EBIT": NaN,
        "Net Income": 161
    },
    "2013-09-30": {
        "Diluted EPS": 0.84,
        "Total Revenue": NaN,
        "Gross Profit": NaN,
        "Operating Income": 302,
        "EBIT": NaN,
        "Net Income": 207
    },
    "2013-06-30": {
        "Diluted EPS": 0.78,
        "Total Revenue": NaN,
        "Gross Profit": NaN,
        "Operating Income": 286,
        "EBIT": NaN,
        "Net Income": 188
    },
    "2013-03-31": {
        "Diluted EPS": 0.67,
        "Total Revenue": NaN,
        "Gross Profit": 976,
        "Operating Income": 243,
        "EBIT": NaN,
        "Net Income": 164
    },
    "2012-12-31": {
        "Diluted EPS": 0.69,
        "Total Revenue": NaN,
        "Gross Profit": 970,
        "Operating Income": 223,
        "EBIT": NaN,
        "Net Income": 165
    },
    "2012-09-30": {
        "Diluted EPS": 0.73,
        "Total Revenue": NaN,
        "Gross Profit": 973,
        "Operating Income": 266,
        "EBIT": NaN,
        "Net Income": 176
    },
    "2012-06-30": {
        "Diluted EPS": 0.73,
        "Total Revenue": NaN,
        "Gross Profit": 989,
        "Operating Income": 266,
        "EBIT": NaN,
        "Net Income": 177
    },
    "2012-03-31": {
        "Diluted EPS": 0.66,
        "Total Revenue": NaN,
        "Gross Profit": 965,
        "Operating Income": 237,
        "EBIT": NaN,
        "Net Income": 159
    },
    "2011-12-31": {
        "Diluted EPS": 0.54,
        "Total Revenue": NaN,
        "Gross Profit": 956,
        "Operating Income": 171,
        "EBIT": NaN,
        "Net Income": 129
    },
    "2011-09-30": {
        "Diluted EPS": 0.7,
        "Total Revenue": NaN,
        "Gross Profit": 972,
        "Operating Income": 253,
        "EBIT": NaN,
        "Net Income": 168
    },
    "2011-06-30": {
        "Diluted EPS": 0.62,
        "Total Revenue": NaN,
        "Gross Profit": 945,
        "Operating Income": 230,
        "EBIT": NaN,
        "Net Income": 150
    },
    "2011-03-31": {
        "Diluted EPS": 0.61,
        "Total Revenue": NaN,
        "Gross Profit": 898,
        "Operating Income": 230,
        "EBIT": NaN,
        "Net Income": 149
    },
    "2010-12-31": {
        "Diluted EPS": 0.64,
        "Total Revenue": NaN,
        "Gross Profit": 896,
        "Operating Income": 214,
        "EBIT": NaN,
        "Net Income": 152
    },
    "2010-09-30": {
        "Diluted EPS": 0.64,
        "Total Revenue": 986,
        "Gross Profit": 890,
        "Operating Income": 237,
        "EBIT": NaN,
        "Net Income": 156
    },
    "2010-06-30": {
        "Diluted EPS": 0.82,
        "Total Revenue": NaN,
        "Gross Profit": 964,
        "Operating Income": 300,
        "EBIT": NaN,
        "Net Income": 200
    },
    "2010-03-31": {
        "Diluted EPS": 0.64,
        "Total Revenue": 982,
        "Gross Profit": 898,
        "Operating Income": 238,
        "EBIT": NaN,
        "Net Income": 157
    },
    "2009-12-31": {
        "Diluted EPS": 0.83,
        "Total Revenue": NaN,
        "Gross Profit": 940,
        "Operating Income": 279,
        "EBIT": NaN,
        "Net Income": 200
    },
    "2009-09-30": {
        "Diluted EPS": 0.77,
        "Total Revenue": NaN,
        "Gross Profit": 918,
        "Operating Income": 259,
        "EBIT": NaN,
        "Net Income": 188
    },
    "2009-06-30": {
        "Diluted EPS": 0.95,
        "Total Revenue": NaN,
        "Gross Profit": NaN,
        "Operating Income": 473,
        "EBIT": NaN,
        "Net Income": 226
    },
    "2009-03-31": {
        "Diluted EPS": 0.61,
        "Total Revenue": NaN,
        "Gross Profit": 894,
        "Operating Income": 245,
        "EBIT": NaN,
        "Net Income": 139
    },
    "2023-09-30": {
        "Tax Effect Of Unusual Items": 0.0,
        "Tax Rate For Calcs": 0.245,
        "Total Unusual Items": NaN,
        "Total Unusual Items Excluding Goodwill": NaN,
        "Net Income From Continuing Operation Net Minority Interest": 327800000.0,
        "Reconciled Depreciation": 157500000.0,
        "Net Interest Income": 456200000.0,
        "Interest Expense": 1478800000.0,
        "Interest Income": 1935000000.0,
        "Normalized Income": 327800000.0,
        "Net Income From Continuing And Discontinued Operation": 327800000.0,
        "Diluted Average Shares": 207252992.0,
        "Basic Average Shares": 207021554.0,
        "Diluted EPS": 1.49,
        "Basic EPS": 1.49,
        "Diluted NI Availto Com Stockholders": 311600000.0,
        "Net Income Common Stockholders": 311600000.0,
        "Otherunder Preferred Stock Dividend": NaN,
        "Preferred Stock Dividends": 16200000.0,
        "Net Income": 327800000.0,
        "Net Income Including Noncontrolling Interests": 327800000.0,
        "Net Income Continuous Operations": 327800000.0,
        "Tax Provision": 106500000.0,
        "Pretax Income": 434300000.0,
        "Special Income Charges": NaN,
        "Other Special Charges": NaN,
        "Restructuring And Mergern Acquisition": NaN,
        "Gain On Sale Of Security": 0.0,
        "Depreciation Amortization Depletion Income Statement": NaN,
        "Depreciation And Amortization In Income Statement": NaN,
        "Amortization": NaN,
        "Amortization Of Intangibles Income Statement": NaN,
        "Selling General And Administration": 694400000.0,
        "Selling And Marketing Expense": 16200000.0,
        "General And Administrative Expense": 678200000.0,
        "Insurance And Claims": 8300000.0,
        "Salaries And Wages": 669900000.0,
        "Total Revenue": 1726500000.0,
        "Operating Revenue": 1726500000.0,
        "Occupancy And Equipment": 291200000.0,
        "Other Non Interest Expense": 292600000.0
    },
    "2023-12-31": {
        "Tax Effect Of Unusual Items": 0.0,
        "Tax Rate For Calcs": 0.22428,
        "Total Unusual Items": 0.0,
        "Total Unusual Items Excluding Goodwill": 0.0,
        "Net Income From Continuing Operation Net Minority Interest": 113100000.0,
        "Reconciled Depreciation": 169000000.0,
        "Net Interest Income": 483100000.0,
        "Interest Expense": 1716500000.0,
        "Interest Income": 2199600000.0,
        "Normalized Income": 113100000.0,
        "Net Income From Continuing And Discontinued Operation": 113100000.0,
        "Diluted Average Shares": 206484000.0,
        "Basic Average Shares": 206170000.0,
        "Diluted EPS": 0.52,
        "Basic EPS": 0.52,
        "Diluted NI Availto Com Stockholders": 96800000.0,
        "Net Income Common Stockholders": 96800000.0,
        "Otherunder Preferred Stock Dividend": NaN,
        "Preferred Stock Dividends": 4700000.0,
        "Net Income": 113100000.0,
        "Net Income Including Noncontrolling Interests": 113100000.0,
        "Net Income Continuous Operations": 113100000.0,
        "Tax Provision": 32700000.0,
        "Pretax Income": 145800000.0,
        "Special Income Charges": 0.0,
        "Other Special Charges": NaN,
        "Restructuring And Mergern Acquisition": 0.0,
        "Gain On Sale Of Security": -176400000.0,
        "Depreciation Amortization Depletion Income Statement": NaN,
        "Depreciation And Amortization In Income Statement": NaN,
        "Amortization": NaN,
        "Amortization Of Intangibles Income Statement": NaN,
        "Selling General And Administration": 785500000.0,
        "Selling And Marketing Expense": 21300000.0,
        "General And Administrative Expense": 764200000.0,
        "Insurance And Claims": 90900000.0,
        "Salaries And Wages": 673300000.0,
        "Total Revenue": 1545300000.0,
        "Operating Revenue": 1545300000.0,
        "Occupancy And Equipment": 310500000.0,
        "Other Non Interest Expense": 292500000.0
    },
    "2024-03-31": {
        "Tax Effect Of Unusual Items": -3262500.0,
        "Tax Rate For Calcs": 0.261,
        "Total Unusual Items": -12500000.0,
        "Total Unusual Items Excluding Goodwill": -12500000.0,
        "Net Income From Continuing Operation Net Minority Interest": 214700000.0,
        "Reconciled Depreciation": 170300000.0,
        "Net Interest Income": 528100000.0,
        "Interest Expense": 1917500000.0,
        "Interest Income": 2445600000.0,
        "Normalized Income": 223937500.0,
        "Net Income From Continuing And Discontinued Operation": 214700000.0,
        "Diluted Average Shares": 205134845.0,
        "Basic Average Shares": 204628796.0,
        "Diluted EPS": 0.96,
        "Basic EPS": 0.96,
        "Diluted NI Availto Com Stockholders": 198500000.0,
        "Net Income Common Stockholders": 198500000.0,
        "Otherunder Preferred Stock Dividend": NaN,
        "Preferred Stock Dividends": 16200000.0,
        "Net Income": 214700000.0,
        "Net Income Including Noncontrolling Interests": 214700000.0,
        "Net Income Continuous Operations": 214700000.0,
        "Tax Provision": 75900000.0,
        "Pretax Income": 290600000.0,
        "Special Income Charges": -12500000.0,
        "Other Special Charges": 12500000.0,
        "Restructuring And Mergern Acquisition": NaN,
        "Gain On Sale Of Security": -189400000.0,
        "Depreciation Amortization Depletion Income Statement": NaN,
        "Depreciation And Amortization In Income Statement": NaN,
        "Amortization": NaN,
        "Amortization Of Intangibles Income Statement": NaN,
        "Selling General And Administration": 765300000.0,
        "Selling And Marketing Expense": 16700000.0,
        "General And Administrative Expense": 748600000.0,
        "Insurance And Claims": 6200000.0,
        "Salaries And Wages": 742400000.0,
        "Total Revenue": 1646800000.0,
        "Operating Revenue": 1646800000.0,
        "Occupancy And Equipment": 306800000.0,
        "Other Non Interest Expense": 280100000.0
    },
    "2024-06-30": {
        "Tax Effect Of Unusual Items": -19304800.0,
        "Tax Rate For Calcs": 0.236,
        "Total Unusual Items": -81800000.0,
        "Total Unusual Items Excluding Goodwill": -81800000.0,
        "Net Income From Continuing Operation Net Minority Interest": 896100000.0,
        "Reconciled Depreciation": 180500000.0,
        "Net Interest Income": 522900000.0,
        "Interest Expense": 1983600000.0,
        "Interest Income": 2506500000.0,
        "Normalized Income": 958595200.0,
        "Net Income From Continuing And Discontinued Operation": 896100000.0,
        "Diluted Average Shares": 203738670.0,
        "Basic Average Shares": 203306236.0,
        "Diluted EPS": 4.34,
        "Basic EPS": 4.35,
        "Diluted NI Availto Com Stockholders": 884300000.0,
        "Net Income Common Stockholders": 884300000.0,
        "Otherunder Preferred Stock Dividend": 7100000.0,
        "Preferred Stock Dividends": 4700000.0,
        "Net Income": 896100000.0,
        "Net Income Including Noncontrolling Interests": 896100000.0,
        "Net Income Continuous Operations": 896100000.0,
        "Tax Provision": 277500000.0,
        "Pretax Income": 1173600000.0,
        "Special Income Charges": -81800000.0,
        "Other Special Charges": NaN,
        "Restructuring And Mergern Acquisition": 81800000.0,
        "Gain On Sale Of Security": 286900000.0,
        "Depreciation Amortization Depletion Income Statement": NaN,
        "Depreciation And Amortization In Income Statement": NaN,
        "Amortization": NaN,
        "Amortization Of Intangibles Income Statement": NaN,
        "Selling General And Administration": 722400000.0,
        "Selling And Marketing Expense": 20800000.0,
        "General And Administrative Expense": 701600000.0,
        "Insurance And Claims": 9800000.0,
        "Salaries And Wages": 691800000.0,
        "Total Revenue": 2715500000.0,
        "Operating Revenue": 2715500000.0,
        "Occupancy And Equipment": 332300000.0,
        "Other Non Interest Expense": 397400000.0
    }
}