{
    "2023-06-30": {
        "Tax Effect Of Unusual Items": NaN,
        "Tax Rate For Calcs": NaN,
        "Normalized EBITDA": NaN,
        "Total Unusual Items": NaN,
        "Total Unusual Items Excluding Goodwill": NaN,
        "Net Income From Continuing Operation Net Minority Interest": NaN,
        "Reconciled Depreciation": NaN,
        "Reconciled Cost Of Revenue": NaN,
        "EBITDA": NaN,
        "EBIT": NaN,
        "Net Interest Income": NaN,
        "Interest Expense": 60806000.0,
        "Interest Income": 56208000.0,
        "Normalized Income": NaN,
        "Net Income From Continuing And Discontinued Operation": NaN,
        "Total Expenses": NaN,
        "Diluted Average Shares": NaN,
        "Basic Average Shares": NaN,
        "Diluted EPS": NaN,
        "Basic EPS": NaN,
        "Diluted NI Availto Com Stockholders": NaN,
        "Average Dilution Earnings": 16000.0,
        "Net Income Common Stockholders": NaN,
        "Otherunder Preferred Stock Dividend": 6029000.0,
        "Net Income": NaN,
        "Minority Interests": NaN,
        "Net Income Including Noncontrolling Interests": NaN,
        "Net Income Continuous Operations": NaN,
        "Tax Provision": NaN,
        "Pretax Income": NaN,
        "Other Income Expense": NaN,
        "Special Income Charges": NaN,
        "Write Off": NaN,
        "Earnings From Equity Interest": NaN,
        "Net Non Operating Interest Income Expense": NaN,
        "Total Other Finance Cost": NaN,
        "Interest Expense Non Operating": 60806000.0,
        "Interest Income Non Operating": 56208000.0,
        "Operating Income": NaN,
        "Operating Expense": NaN,
        "Selling General And Administration": NaN,
        "Gross Profit": NaN,
        "Cost Of Revenue": NaN,
        "Total Revenue": NaN,
        "Operating Revenue": NaN
    },
    "2023-03-31": {
        "Tax Effect Of Unusual Items": NaN,
        "Tax Rate For Calcs": NaN,
        "Normalized EBITDA": NaN,
        "Net Income From Continuing Operation Net Minority Interest": NaN,
        "Reconciled Depreciation": NaN,
        "Reconciled Cost Of Revenue": NaN,
        "EBITDA": NaN,
        "EBIT": NaN,
        "Net Interest Income": NaN,
        "Interest Expense": 62682000.0,
        "Interest Income": 52499000.0,
        "Normalized Income": NaN,
        "Net Income From Continuing And Discontinued Operation": NaN,
        "Total Expenses": NaN,
        "Diluted Average Shares": NaN,
        "Basic Average Shares": NaN,
        "Diluted EPS": NaN,
        "Basic EPS": NaN,
        "Diluted NI Availto Com Stockholders": NaN,
        "Average Dilution Earnings": 21000.0,
        "Net Income Common Stockholders": NaN,
        "Otherunder Preferred Stock Dividend": 3413000.0,
        "Net Income": NaN,
        "Minority Interests": NaN,
        "Net Income Including Noncontrolling Interests": NaN,
        "Net Income Continuous Operations": NaN,
        "Tax Provision": NaN,
        "Pretax Income": NaN,
        "Other Income Expense": NaN,
        "Earnings From Equity Interest": NaN,
        "Net Non Operating Interest Income Expense": NaN,
        "Total Other Finance Cost": NaN,
        "Interest Expense Non Operating": 62682000.0,
        "Interest Income Non Operating": 52499000.0,
        "Operating Income": NaN,
        "Operating Expense": NaN,
        "Selling General And Administration": NaN,
        "Gross Profit": NaN,
        "Cost Of Revenue": NaN,
        "Total Revenue": NaN,
        "Operating Revenue": NaN
    },
    "2022-12-31": {
        "Tax Effect Of Unusual Items": NaN,
        "Tax Rate For Calcs": NaN,
        "Normalized EBITDA": NaN,
        "Total Unusual Items": -101756000.0,
        "Total Unusual Items Excluding Goodwill": -101756000.0,
        "Net Income From Continuing Operation Net Minority Interest": NaN,
        "Reconciled Depreciation": NaN,
        "Reconciled Cost Of Revenue": NaN,
        "EBITDA": NaN,
        "EBIT": NaN,
        "Net Interest Income": NaN,
        "Interest Expense": 56752000.0,
        "Interest Income": 29781000.0,
        "Normalized Income": NaN,
        "Net Income From Continuing And Discontinued Operation": NaN,
        "Total Expenses": NaN,
        "Diluted Average Shares": NaN,
        "Basic Average Shares": NaN,
        "Diluted EPS": NaN,
        "Basic EPS": NaN,
        "Diluted NI Availto Com Stockholders": NaN,
        "Average Dilution Earnings": NaN,
        "Net Income Common Stockholders": NaN,
        "Otherunder Preferred Stock Dividend": 4934000.0,
        "Net Income": NaN,
        "Minority Interests": NaN,
        "Net Income Including Noncontrolling Interests": NaN,
        "Net Income Continuous Operations": NaN,
        "Tax Provision": NaN,
        "Pretax Income": NaN,
        "Other Income Expense": NaN,
        "Special Income Charges": -101756000.0,
        "Write Off": 101756000.0,
        "Earnings From Equity Interest": NaN,
        "Net Non Operating Interest Income Expense": NaN,
        "Total Other Finance Cost": NaN,
        "Interest Expense Non Operating": 56752000.0,
        "Interest Income Non Operating": 29781000.0,
        "Operating Income": NaN,
        "Operating Expense": NaN,
        "Selling General And Administration": NaN,
        "Gross Profit": NaN,
        "Cost Of Revenue": NaN,
        "Total Revenue": NaN,
        "Operating Revenue": NaN
    },
    "2022-09-30": {
        "Tax Effect Of Unusual Items": NaN,
        "Tax Rate For Calcs": NaN,
        "Normalized EBITDA": NaN,
        "Total Unusual Items": 0.0,
        "Total Unusual Items Excluding Goodwill": 0.0,
        "Net Income From Continuing Operation Net Minority Interest": NaN,
        "Reconciled Depreciation": NaN,
        "Reconciled Cost Of Revenue": NaN,
        "EBITDA": NaN,
        "EBIT": NaN,
        "Net Interest Income": NaN,
        "Interest Expense": 54569000.0,
        "Interest Income": 12222000.0,
        "Normalized Income": NaN,
        "Net Income From Continuing And Discontinued Operation": NaN,
        "Total Expenses": NaN,
        "Diluted Average Shares": NaN,
        "Basic Average Shares": NaN,
        "Diluted EPS": NaN,
        "Basic EPS": NaN,
        "Diluted NI Availto Com Stockholders": NaN,
        "Average Dilution Earnings": 21000.0,
        "Net Income Common Stockholders": NaN,
        "Otherunder Preferred Stock Dividend": 6893000.0,
        "Net Income": NaN,
        "Minority Interests": NaN,
        "Net Income Including Noncontrolling Interests": NaN,
        "Net Income Continuous Operations": NaN,
        "Tax Provision": NaN,
        "Pretax Income": NaN,
        "Other Income Expense": NaN,
        "Special Income Charges": 0.0,
        "Write Off": 0.0,
        "Earnings From Equity Interest": NaN,
        "Net Non Operating Interest Income Expense": NaN,
        "Total Other Finance Cost": 42347000.0,
        "Interest Expense Non Operating": 54569000.0,
        "Interest Income Non Operating": 12222000.0,
        "Operating Income": NaN,
        "Operating Expense": NaN,
        "Selling General And Administration": NaN,
        "Gross Profit": NaN,
        "Cost Of Revenue": NaN,
        "Total Revenue": NaN,
        "Operating Revenue": NaN
    },
    "2022-06-30": {
        "Tax Effect Of Unusual Items": 0.0,
        "Tax Rate For Calcs": 0.218647,
        "Normalized EBITDA": 3795813000.0,
        "Total Unusual Items": 0.0,
        "Total Unusual Items Excluding Goodwill": 0.0,
        "Net Income From Continuing Operation Net Minority Interest": 2561233000.0,
        "Reconciled Depreciation": 247648000.0,
        "Reconciled Cost Of Revenue": 7690211000.0,
        "EBITDA": 3795813000.0,
        "EBIT": 3548165000.0,
        "Net Interest Income": -57763000.0,
        "Interest Expense": 57763000.0,
        "Interest Income": 5751000.0,
        "Normalized Income": 2561233000.0,
        "Net Income From Continuing And Discontinued Operation": 2561233000.0,
        "Total Expenses": 8253422000.0,
        "Diluted Average Shares": 263719000.0,
        "Basic Average Shares": 263221000.0,
        "Diluted EPS": 9.67,
        "Basic EPS": 9.69,
        "Diluted NI Availto Com Stockholders": 2561233000.0,
        "Average Dilution Earnings": 44000.0,
        "Net Income Common Stockholders": 2561233000.0,
        "Otherunder Preferred Stock Dividend": 11041000.0,
        "Net Income": 2561233000.0,
        "Minority Interests": -166004000.0,
        "Net Income Including Noncontrolling Interests": 2727237000.0,
        "Net Income Continuous Operations": 2727237000.0,
        "Tax Provision": 763165000.0,
        "Pretax Income": 3490402000.0,
        "Other Income Expense": 7113000.0,
        "Special Income Charges": 0.0,
        "Write Off": 0.0,
        "Earnings From Equity Interest": 7113000.0,
        "Net Non Operating Interest Income Expense": -57763000.0,
        "Interest Expense Non Operating": 57763000.0,
        "Interest Income Non Operating": 5751000.0,
        "Operating Income": 3541052000.0,
        "Operating Expense": 563211000.0,
        "Selling General And Administration": 563211000.0,
        "Gross Profit": 4104263000.0,
        "Cost Of Revenue": 7690211000.0,
        "Total Revenue": 11794474000.0,
        "Operating Revenue": 11794474000.0
    },
    "2022-03-31": {
        "Diluted EPS": 7.67,
        "Total Revenue": NaN,
        "Gross Profit": NaN,
        "Operating Income": NaN,
        "EBIT": NaN,
        "Net Income": NaN
    },
    "2021-12-31": {
        "Diluted EPS": 7.74,
        "Total Revenue": NaN,
        "Gross Profit": NaN,
        "Operating Income": NaN,
        "EBIT": NaN,
        "Net Income": NaN
    },
    "2021-09-30": {
        "Diluted EPS": 7.28,
        "Total Revenue": NaN,
        "Gross Profit": NaN,
        "Operating Income": NaN,
        "EBIT": NaN,
        "Net Income": NaN
    },
    "2021-06-30": {
        "Diluted EPS": 5.04,
        "Total Revenue": NaN,
        "Gross Profit": NaN,
        "Operating Income": NaN,
        "EBIT": NaN,
        "Net Income": NaN
    },
    "2021-03-31": {
        "Diluted EPS": 3.1,
        "Total Revenue": NaN,
        "Gross Profit": NaN,
        "Operating Income": NaN,
        "EBIT": NaN,
        "Net Income": 937
    },
    "2020-12-31": {
        "Diluted EPS": 1.3,
        "Total Revenue": NaN,
        "Gross Profit": 719,
        "Operating Income": 250,
        "EBIT": 447,
        "Net Income": 397
    },
    "2020-09-30": {
        "Diluted EPS": 0.63,
        "Total Revenue": NaN,
        "Gross Profit": 502,
        "Operating Income": 330,
        "EBIT": 527,
        "Net Income": 192
    },
    "2020-06-30": {
        "Diluted EPS": 0.36,
        "Total Revenue": NaN,
        "Gross Profit": 378,
        "Operating Income": 231,
        "EBIT": 426,
        "Net Income": 108
    },
    "2020-03-31": {
        "Diluted EPS": 0.07,
        "Total Revenue": NaN,
        "Gross Profit": 629,
        "Operating Income": 188,
        "EBIT": 385,
        "Net Income": 20
    },
    "2019-12-31": {
        "Diluted EPS": 0.35,
        "Total Revenue": NaN,
        "Gross Profit": 435,
        "Operating Income": 206,
        "EBIT": 398,
        "Net Income": 107
    },
    "2019-09-30": {
        "Diluted EPS": 0.9,
        "Total Revenue": NaN,
        "Gross Profit": 573,
        "Operating Income": 413,
        "EBIT": 591,
        "Net Income": 273
    },
    "2019-06-30": {
        "Diluted EPS": 1.26,
        "Total Revenue": NaN,
        "Gross Profit": 775,
        "Operating Income": 567,
        "EBIT": 752,
        "Net Income": 384
    },
    "2019-03-31": {
        "Diluted EPS": 1.63,
        "Total Revenue": NaN,
        "Gross Profit": 896,
        "Operating Income": 715,
        "EBIT": 895,
        "Net Income": 500
    },
    "2018-12-31": {
        "Diluted EPS": 2.06,
        "Total Revenue": NaN,
        "Gross Profit": NaN,
        "Operating Income": 903,
        "EBIT": NaN,
        "Net Income": 644
    },
    "2018-09-30": {
        "Diluted EPS": 2.13,
        "Total Revenue": NaN,
        "Gross Profit": NaN,
        "Operating Income": 946,
        "EBIT": NaN,
        "Net Income": 674
    },
    "2018-06-30": {
        "Diluted EPS": 2.13,
        "Total Revenue": NaN,
        "Gross Profit": NaN,
        "Operating Income": 932,
        "EBIT": NaN,
        "Net Income": 680
    },
    "2018-03-31": {
        "Diluted EPS": 1.1,
        "Total Revenue": NaN,
        "Gross Profit": 726,
        "Operating Income": 543,
        "EBIT": 725,
        "Net Income": 353
    },
    "2017-12-31": {
        "Diluted EPS": 1.2,
        "Total Revenue": NaN,
        "Gross Profit": 521,
        "Operating Income": 352,
        "EBIT": 536,
        "Net Income": 383
    },
    "2017-09-30": {
        "Diluted EPS": 0.79,
        "Total Revenue": NaN,
        "Gross Profit": 579,
        "Operating Income": 406,
        "EBIT": 586,
        "Net Income": 254
    },
    "2017-06-30": {
        "Diluted EPS": 1.0,
        "Total Revenue": NaN,
        "Gross Profit": 710,
        "Operating Income": 539,
        "EBIT": 722,
        "Net Income": 322
    },
    "2017-03-31": {
        "Diluted EPS": 1.11,
        "Total Revenue": NaN,
        "Gross Profit": 760,
        "Operating Income": 584,
        "EBIT": 765,
        "Net Income": 356
    },
    "2016-12-31": {
        "Diluted EPS": 0.5,
        "Total Revenue": NaN,
        "Gross Profit": 443,
        "Operating Income": 287,
        "EBIT": 461,
        "Net Income": 158
    },
    "2016-09-30": {
        "Diluted EPS": 0.95,
        "Total Revenue": NaN,
        "Gross Profit": 682,
        "Operating Income": 513,
        "EBIT": 685,
        "Net Income": 304
    },
    "2016-06-30": {
        "Diluted EPS": 0.76,
        "Total Revenue": NaN,
        "Gross Profit": 585,
        "Operating Income": 424,
        "EBIT": 595,
        "Net Income": 244
    },
    "2016-03-31": {
        "Diluted EPS": 0.27,
        "Total Revenue": NaN,
        "Gross Profit": 315,
        "Operating Income": 205,
        "EBIT": 376,
        "Net Income": 87
    },
    "2015-12-31": {
        "Diluted EPS": -1.06,
        "Total Revenue": NaN,
        "Gross Profit": -85,
        "Operating Income": -411,
        "EBIT": -236,
        "Net Income": -339
    },
    "2015-09-30": {
        "Diluted EPS": 0.71,
        "Total Revenue": NaN,
        "Gross Profit": 524,
        "Operating Income": 399,
        "EBIT": 573,
        "Net Income": 226
    },
    "2015-06-30": {
        "Diluted EPS": 0.39,
        "Total Revenue": NaN,
        "Gross Profit": 386,
        "Operating Income": 258,
        "EBIT": 433,
        "Net Income": 124
    },
    "2015-03-31": {
        "Diluted EPS": 0.21,
        "Total Revenue": NaN,
        "Gross Profit": 288,
        "Operating Income": 164,
        "EBIT": 340,
        "Net Income": 67
    },
    "2014-12-31": {
        "Diluted EPS": 0.54,
        "Total Revenue": NaN,
        "Gross Profit": 457,
        "Operating Income": 329,
        "EBIT": 513,
        "Net Income": 175
    },
    "2014-09-30": {
        "Diluted EPS": 0.76,
        "Total Revenue": NaN,
        "Gross Profit": 600,
        "Operating Income": 447,
        "EBIT": 625,
        "Net Income": 245
    },
    "2014-06-30": {
        "Diluted EPS": 0.46,
        "Total Revenue": NaN,
        "Gross Profit": 416,
        "Operating Income": 283,
        "EBIT": 466,
        "Net Income": 147
    },
    "2014-03-31": {
        "Diluted EPS": 0.35,
        "Total Revenue": NaN,
        "Gross Profit": 377,
        "Operating Income": 244,
        "EBIT": 424,
        "Net Income": 111
    },
    "2013-12-31": {
        "Diluted EPS": 0.53,
        "Total Revenue": NaN,
        "Gross Profit": 386,
        "Operating Income": 268,
        "EBIT": 432,
        "Net Income": 170
    },
    "2013-09-30": {
        "Diluted EPS": 0.46,
        "Total Revenue": NaN,
        "Gross Profit": 409,
        "Operating Income": 283,
        "EBIT": 434,
        "Net Income": 147
    },
    "2013-06-30": {
        "Diluted EPS": 0.27,
        "Total Revenue": NaN,
        "Gross Profit": 313,
        "Operating Income": 190,
        "EBIT": 336,
        "Net Income": 85
    },
    "2013-03-31": {
        "Diluted EPS": 0.26,
        "Total Revenue": NaN,
        "Gross Profit": 303,
        "Operating Income": 187,
        "EBIT": 336,
        "Net Income": 84
    },
    "2012-12-31": {
        "Diluted EPS": 0.42,
        "Total Revenue": NaN,
        "Gross Profit": 384,
        "Operating Income": 263,
        "EBIT": 422,
        "Net Income": 136
    },
    "2012-09-30": {
        "Diluted EPS": 0.35,
        "Total Revenue": NaN,
        "Gross Profit": 349,
        "Operating Income": 234,
        "EBIT": 388,
        "Net Income": 110
    },
    "2012-06-30": {
        "Diluted EPS": 0.35,
        "Total Revenue": NaN,
        "Gross Profit": 400,
        "Operating Income": 257,
        "EBIT": 404,
        "Net Income": 112
    },
    "2012-03-31": {
        "Diluted EPS": 0.46,
        "Total Revenue": NaN,
        "Gross Profit": 381,
        "Operating Income": 273,
        "EBIT": 421,
        "Net Income": 145
    },
    "2011-12-31": {
        "Diluted EPS": 0.44,
        "Total Revenue": NaN,
        "Gross Profit": 350,
        "Operating Income": 260,
        "EBIT": 407,
        "Net Income": 137
    },
    "2011-09-30": {
        "Diluted EPS": 0.57,
        "Total Revenue": NaN,
        "Gross Profit": 458,
        "Operating Income": 336,
        "EBIT": 488,
        "Net Income": 181
    },
    "2011-06-30": {
        "Diluted EPS": 0.94,
        "Total Revenue": NaN,
        "Gross Profit": 649,
        "Operating Income": 519,
        "EBIT": 665,
        "Net Income": 299
    },
    "2011-03-31": {
        "Diluted EPS": 0.5,
        "Total Revenue": NaN,
        "Gross Profit": 424,
        "Operating Income": 313,
        "EBIT": 458,
        "Net Income": 159
    },
    "2010-12-31": {
        "Diluted EPS": -0.04,
        "Total Revenue": NaN,
        "Gross Profit": 73,
        "Operating Income": 30,
        "EBIT": 175,
        "Net Income": -12
    },
    "2010-09-30": {
        "Diluted EPS": 0.07,
        "Total Revenue": NaN,
        "Gross Profit": 190,
        "Operating Income": 101,
        "EBIT": 249,
        "Net Income": 23
    },
    "2010-06-30": {
        "Diluted EPS": 0.29,
        "Total Revenue": NaN,
        "Gross Profit": 308,
        "Operating Income": 200,
        "EBIT": 345,
        "Net Income": 91
    },
    "2010-03-31": {
        "Diluted EPS": 0.1,
        "Total Revenue": NaN,
        "Gross Profit": 213,
        "Operating Income": 120,
        "EBIT": 266,
        "Net Income": 30
    },
    "2009-12-31": {
        "Diluted EPS": 0.19,
        "Total Revenue": NaN,
        "Gross Profit": 221,
        "Operating Income": 139,
        "EBIT": 283,
        "Net Income": 58
    },
    "2009-09-30": {
        "Diluted EPS": -0.1,
        "Total Revenue": NaN,
        "Gross Profit": 119,
        "Operating Income": 23,
        "EBIT": 167,
        "Net Income": -30
    },
    "2009-06-30": {
        "Diluted EPS": -0.43,
        "Total Revenue": NaN,
        "Gross Profit": -62,
        "Operating Income": -147,
        "EBIT": -6,
        "Net Income": -134
    },
    "2009-03-31": {
        "Diluted EPS": -0.6,
        "Total Revenue": NaN,
        "Gross Profit": -124,
        "Operating Income": -211,
        "EBIT": -74,
        "Net Income": -190
    },
    "2023-09-30": {
        "Tax Effect Of Unusual Items": 0.0,
        "Tax Rate For Calcs": 0.211,
        "Normalized EBITDA": 1902097000.0,
        "Total Unusual Items": 0.0,
        "Total Unusual Items Excluding Goodwill": 0.0,
        "Net Income From Continuing Operation Net Minority Interest": 1141506000.0,
        "Reconciled Depreciation": 290787000.0,
        "Reconciled Cost Of Revenue": 6854934000.0,
        "EBITDA": 1902097000.0,
        "EBIT": 1611310000.0,
        "Net Interest Income": 14133000.0,
        "Interest Expense": 63228000.0,
        "Interest Income": 77361000.0,
        "Normalized Income": 1141506000.0,
        "Net Income From Continuing And Discontinued Operation": 1141506000.0,
        "Total Expenses": 7240702000.0,
        "Diluted Average Shares": 248916000.0,
        "Basic Average Shares": 248504000.0,
        "Diluted EPS": 4.57,
        "Basic EPS": 4.58,
        "Diluted NI Availto Com Stockholders": 1137018000.0,
        "Average Dilution Earnings": 13000.0,
        "Net Income Common Stockholders": 1137005000.0,
        "Otherunder Preferred Stock Dividend": 4501000.0,
        "Net Income": 1141506000.0,
        "Minority Interests": -79749000.0,
        "Net Income Including Noncontrolling Interests": 1221255000.0,
        "Net Income Continuous Operations": 1221255000.0,
        "Tax Provision": 326827000.0,
        "Pretax Income": 1548082000.0,
        "Other Income Expense": -1083000.0,
        "Special Income Charges": 0.0,
        "Write Off": 0.0,
        "Earnings From Equity Interest": -1083000.0,
        "Net Non Operating Interest Income Expense": 14133000.0,
        "Total Other Finance Cost": -14133000.0,
        "Interest Expense Non Operating": 63228000.0,
        "Interest Income Non Operating": 77361000.0,
        "Operating Income": 1535032000.0,
        "Operating Expense": 385768000.0,
        "Selling General And Administration": 385768000.0,
        "Gross Profit": 1920800000.0,
        "Cost Of Revenue": 6854934000.0,
        "Total Revenue": 8775734000.0,
        "Operating Revenue": 8775734000.0
    },
    "2023-12-31": {
        "Tax Effect Of Unusual Items": 0.0,
        "Tax Rate For Calcs": 0.190405,
        "Normalized EBITDA": 1638547000.0,
        "Total Unusual Items": NaN,
        "Total Unusual Items Excluding Goodwill": NaN,
        "Net Income From Continuing Operation Net Minority Interest": 785399000.0,
        "Reconciled Depreciation": 311461000.0,
        "Reconciled Cost Of Revenue": 6310813000.0,
        "EBITDA": 1638547000.0,
        "EBIT": 1327086000.0,
        "Net Interest Income": 30280000.0,
        "Interest Expense": NaN,
        "Interest Income": NaN,
        "Normalized Income": 785399000.0,
        "Net Income From Continuing And Discontinued Operation": 785399000.0,
        "Total Expenses": 6665814000.0,
        "Diluted Average Shares": 247249000.0,
        "Basic Average Shares": 246868000.0,
        "Diluted EPS": 3.16,
        "Basic EPS": 3.17,
        "Diluted NI Availto Com Stockholders": 768502000.0,
        "Average Dilution Earnings": NaN,
        "Net Income Common Stockholders": 768453000.0,
        "Otherunder Preferred Stock Dividend": NaN,
        "Net Income": 785399000.0,
        "Minority Interests": -87433000.0,
        "Net Income Including Noncontrolling Interests": 872832000.0,
        "Net Income Continuous Operations": 872832000.0,
        "Tax Provision": 205277000.0,
        "Pretax Income": 1078109000.0,
        "Other Income Expense": 9112000.0,
        "Special Income Charges": NaN,
        "Write Off": NaN,
        "Earnings From Equity Interest": 9112000.0,
        "Net Non Operating Interest Income Expense": 30280000.0,
        "Total Other Finance Cost": NaN,
        "Interest Expense Non Operating": NaN,
        "Interest Income Non Operating": NaN,
        "Operating Income": 1038717000.0,
        "Operating Expense": 355001000.0,
        "Selling General And Administration": 355001000.0,
        "Gross Profit": 1393718000.0,
        "Cost Of Revenue": 6310813000.0,
        "Total Revenue": 7704531000.0,
        "Operating Revenue": 7704531000.0
    },
    "2024-03-31": {
        "Tax Effect Of Unusual Items": 0.0,
        "Tax Rate For Calcs": 0.217,
        "Normalized EBITDA": 1584449000.0,
        "Total Unusual Items": NaN,
        "Total Unusual Items Excluding Goodwill": NaN,
        "Net Income From Continuing Operation Net Minority Interest": 844841000.0,
        "Reconciled Depreciation": 315621000.0,
        "Reconciled Cost Of Revenue": 6613903000.0,
        "EBITDA": 1584449000.0,
        "EBIT": 1268828000.0,
        "Net Interest Income": 37787000.0,
        "Interest Expense": 43487000.0,
        "Interest Income": 81274000.0,
        "Normalized Income": 844841000.0,
        "Net Income From Continuing And Discontinued Operation": 844841000.0,
        "Total Expenses": 6959298000.0,
        "Diluted Average Shares": 243497000.0,
        "Basic Average Shares": 243098000.0,
        "Diluted EPS": 3.46,
        "Basic EPS": 3.46,
        "Diluted NI Availto Com Stockholders": 841628000.0,
        "Average Dilution Earnings": 8000.0,
        "Net Income Common Stockholders": 841620000.0,
        "Otherunder Preferred Stock Dividend": 3221000.0,
        "Net Income": 844841000.0,
        "Minority Interests": -114121000.0,
        "Net Income Including Noncontrolling Interests": 958962000.0,
        "Net Income Continuous Operations": 958962000.0,
        "Tax Provision": 266379000.0,
        "Pretax Income": 1225341000.0,
        "Other Income Expense": 9769000.0,
        "Special Income Charges": NaN,
        "Write Off": NaN,
        "Earnings From Equity Interest": 9769000.0,
        "Net Non Operating Interest Income Expense": 37787000.0,
        "Total Other Finance Cost": NaN,
        "Interest Expense Non Operating": 43487000.0,
        "Interest Income Non Operating": 81274000.0,
        "Operating Income": 1177785000.0,
        "Operating Expense": 345395000.0,
        "Selling General And Administration": 345395000.0,
        "Gross Profit": 1523180000.0,
        "Cost Of Revenue": 6613903000.0,
        "Total Revenue": 8137083000.0,
        "Operating Revenue": 8137083000.0
    },
    "2024-06-30": {
        "Tax Effect Of Unusual Items": 0.0,
        "Tax Rate For Calcs": 0.207,
        "Normalized EBITDA": 1296870000.0,
        "Total Unusual Items": NaN,
        "Total Unusual Items Excluding Goodwill": NaN,
        "Net Income From Continuing Operation Net Minority Interest": 645217000.0,
        "Reconciled Depreciation": 331855000.0,
        "Reconciled Cost Of Revenue": 6883117000.0,
        "EBITDA": 1296870000.0,
        "EBIT": 965015000.0,
        "Net Interest Income": 2306000.0,
        "Interest Expense": 66852000.0,
        "Interest Income": 69158000.0,
        "Normalized Income": 645217000.0,
        "Net Income From Continuing And Discontinued Operation": 645217000.0,
        "Total Expenses": 7190347000.0,
        "Diluted Average Shares": 239935000.0,
        "Basic Average Shares": 239580000.0,
        "Diluted EPS": 2.68,
        "Basic EPS": 2.68,
        "Diluted NI Availto Com Stockholders": 642169000.0,
        "Average Dilution Earnings": 5000.0,
        "Net Income Common Stockholders": 642164000.0,
        "Otherunder Preferred Stock Dividend": 3053000.0,
        "Net Income": 645217000.0,
        "Minority Interests": -66926000.0,
        "Net Income Including Noncontrolling Interests": 712143000.0,
        "Net Income Continuous Operations": 712143000.0,
        "Tax Provision": 186020000.0,
        "Pretax Income": 898163000.0,
        "Other Income Expense": 9032000.0,
        "Special Income Charges": NaN,
        "Write Off": NaN,
        "Earnings From Equity Interest": 9032000.0,
        "Net Non Operating Interest Income Expense": 2306000.0,
        "Total Other Finance Cost": NaN,
        "Interest Expense Non Operating": 66852000.0,
        "Interest Income Non Operating": 69158000.0,
        "Operating Income": 886825000.0,
        "Operating Expense": 307230000.0,
        "Selling General And Administration": 307230000.0,
        "Gross Profit": 1194055000.0,
        "Cost Of Revenue": 6883117000.0,
        "Total Revenue": 8077172000.0,
        "Operating Revenue": 8077172000.0
    },
    "2024-09-30": {
        "Tax Effect Of Unusual Items": -27060000.0,
        "Tax Rate For Calcs": 0.22,
        "Normalized EBITDA": 927110000.0,
        "Total Unusual Items": -123000000.0,
        "Total Unusual Items Excluding Goodwill": -123000000.0,
        "Net Income From Continuing Operation Net Minority Interest": 249910000.0,
        "Reconciled Depreciation": 350461000.0,
        "Reconciled Cost Of Revenue": 6686226000.0,
        "EBITDA": 804110000.0,
        "EBIT": 453649000.0,
        "Net Interest Income": -7282000.0,
        "Interest Expense": 65376000.0,
        "Interest Income": 58094000.0,
        "Normalized Income": 345850000.0,
        "Net Income From Continuing And Discontinued Operation": 249910000.0,
        "Total Expenses": 6930883000.0,
        "Diluted Average Shares": 236768000.0,
        "Basic Average Shares": 236462000.0,
        "Diluted EPS": 1.05,
        "Basic EPS": 1.05,
        "Diluted NI Availto Com Stockholders": 248793000.0,
        "Average Dilution Earnings": 0.0,
        "Net Income Common Stockholders": 248793000.0,
        "Otherunder Preferred Stock Dividend": 1117000.0,
        "Net Income": 249910000.0,
        "Minority Interests": -52915000.0,
        "Net Income Including Noncontrolling Interests": 302825000.0,
        "Net Income Continuous Operations": 302825000.0,
        "Tax Provision": 85448000.0,
        "Pretax Income": 388273000.0,
        "Other Income Expense": -117722000.0,
        "Special Income Charges": -123000000.0,
        "Write Off": 123000000.0,
        "Earnings From Equity Interest": 5278000.0,
        "Net Non Operating Interest Income Expense": -7282000.0,
        "Total Other Finance Cost": NaN,
        "Interest Expense Non Operating": 65376000.0,
        "Interest Income Non Operating": 58094000.0,
        "Operating Income": 513277000.0,
        "Operating Expense": 244657000.0,
        "Selling General And Administration": 244657000.0,
        "Gross Profit": 757934000.0,
        "Cost Of Revenue": 6686226000.0,
        "Total Revenue": 7444160000.0,
        "Operating Revenue": 7444160000.0
    }
}