{
    "2023-06-30": {
        "Tax Effect Of Unusual Items": 0.0,
        "Tax Rate For Calcs": 0.0,
        "Normalized EBITDA": -1613233.0,
        "Net Income From Continuing Operation Net Minority Interest": -1537029.0,
        "Reconciled Depreciation": 10222.0,
        "Reconciled Cost Of Revenue": 536486.0,
        "EBITDA": -1613233.0,
        "EBIT": -1623455.0,
        "Net Interest Income": NaN,
        "Interest Income": NaN,
        "Normalized Income": -1537029.0,
        "Net Income From Continuing And Discontinued Operation": -1537029.0,
        "Total Expenses": 3279199.0,
        "Total Operating Income As Reported": -1623455.0,
        "Diluted Average Shares": 985719.0,
        "Basic Average Shares": 985719.0,
        "Diluted EPS": -1.52,
        "Basic EPS": -1.52,
        "Diluted NI Availto Com Stockholders": -1537029.0,
        "Net Income Common Stockholders": -1537029.0,
        "Net Income": -1537029.0,
        "Net Income Including Noncontrolling Interests": -1537029.0,
        "Net Income Continuous Operations": -1537029.0,
        "Pretax Income": -1537029.0,
        "Other Income Expense": 86426.0,
        "Other Non Operating Income Expenses": 86426.0,
        "Net Non Operating Interest Income Expense": NaN,
        "Interest Income Non Operating": NaN,
        "Operating Income": -1623455.0,
        "Operating Expense": 2742713.0,
        "Research And Development": 753509.0,
        "Selling General And Administration": 1989204.0,
        "Selling And Marketing Expense": 744963.0,
        "General And Administrative Expense": 1244241.0,
        "Other Gand A": 1244241.0,
        "Gross Profit": 1119258.0,
        "Cost Of Revenue": 536486.0,
        "Total Revenue": 1655744.0,
        "Operating Revenue": 1655744.0
    },
    "2023-03-31": {
        "Tax Effect Of Unusual Items": 0.0,
        "Tax Rate For Calcs": 0.0,
        "Normalized EBITDA": -1699847.0,
        "Net Income From Continuing Operation Net Minority Interest": -1574174.0,
        "Reconciled Depreciation": 10222.0,
        "Reconciled Cost Of Revenue": 526372.0,
        "EBITDA": -1699847.0,
        "EBIT": -1710069.0,
        "Net Interest Income": NaN,
        "Interest Income": NaN,
        "Normalized Income": -1574174.0,
        "Net Income From Continuing And Discontinued Operation": -1574174.0,
        "Total Expenses": 3434840.0,
        "Total Operating Income As Reported": -1710069.0,
        "Diluted Average Shares": 961153.0,
        "Basic Average Shares": 961153.0,
        "Diluted EPS": -1.6,
        "Basic EPS": -1.6,
        "Diluted NI Availto Com Stockholders": -1574174.0,
        "Net Income Common Stockholders": -1574174.0,
        "Net Income": -1574174.0,
        "Net Income Including Noncontrolling Interests": -1574174.0,
        "Net Income Continuous Operations": -1574174.0,
        "Pretax Income": -1574174.0,
        "Other Income Expense": 135895.0,
        "Other Non Operating Income Expenses": 135895.0,
        "Net Non Operating Interest Income Expense": NaN,
        "Interest Income Non Operating": NaN,
        "Operating Income": -1710069.0,
        "Operating Expense": 2908468.0,
        "Research And Development": 699425.0,
        "Selling General And Administration": 2209043.0,
        "Selling And Marketing Expense": 815872.0,
        "General And Administrative Expense": 1393171.0,
        "Other Gand A": 1393171.0,
        "Gross Profit": 1198399.0,
        "Cost Of Revenue": 526372.0,
        "Total Revenue": 1724771.0,
        "Operating Revenue": 1724771.0
    },
    "2022-12-31": {
        "Tax Effect Of Unusual Items": 0.0,
        "Tax Rate For Calcs": 0.0,
        "Normalized EBITDA": -846246.0,
        "Net Income From Continuing Operation Net Minority Interest": -691870.0,
        "Reconciled Depreciation": 10221.0,
        "Reconciled Cost Of Revenue": 617267.0,
        "EBITDA": -846246.0,
        "EBIT": -856467.0,
        "Net Interest Income": NaN,
        "Interest Income": NaN,
        "Normalized Income": -691870.0,
        "Net Income From Continuing And Discontinued Operation": -691870.0,
        "Total Expenses": 2703845.0,
        "Total Operating Income As Reported": -856467.0,
        "Diluted Average Shares": 973219.0,
        "Basic Average Shares": 973219.0,
        "Diluted EPS": -0.710909,
        "Basic EPS": -0.710909,
        "Diluted NI Availto Com Stockholders": -691870.0,
        "Net Income Common Stockholders": -691870.0,
        "Net Income": -691870.0,
        "Net Income Including Noncontrolling Interests": -691870.0,
        "Net Income Continuous Operations": -691870.0,
        "Pretax Income": -691870.0,
        "Other Income Expense": NaN,
        "Other Non Operating Income Expenses": NaN,
        "Net Non Operating Interest Income Expense": NaN,
        "Interest Income Non Operating": NaN,
        "Operating Income": -856467.0,
        "Operating Expense": 2086578.0,
        "Research And Development": 538395.0,
        "Selling General And Administration": 1548183.0,
        "Selling And Marketing Expense": 629969.0,
        "General And Administrative Expense": 918214.0,
        "Other Gand A": 918214.0,
        "Gross Profit": 1230111.0,
        "Cost Of Revenue": 617267.0,
        "Total Revenue": 1847378.0,
        "Operating Revenue": 1847378.0
    },
    "2022-09-30": {
        "Tax Effect Of Unusual Items": 0.0,
        "Tax Rate For Calcs": 0.0,
        "Normalized EBITDA": -1700098.0,
        "Net Income From Continuing Operation Net Minority Interest": -1606254.0,
        "Reconciled Depreciation": 12893.0,
        "Reconciled Cost Of Revenue": 693571.0,
        "EBITDA": -1700098.0,
        "EBIT": -1712991.0,
        "Net Interest Income": NaN,
        "Interest Income": NaN,
        "Normalized Income": -1606254.0,
        "Net Income From Continuing And Discontinued Operation": -1606254.0,
        "Total Expenses": 3680994.0,
        "Total Operating Income As Reported": -1712991.0,
        "Diluted Average Shares": 7011438.0,
        "Basic Average Shares": 7011438.0,
        "Diluted EPS": -0.23,
        "Basic EPS": -0.23,
        "Diluted NI Availto Com Stockholders": -1606254.0,
        "Net Income Common Stockholders": -1606254.0,
        "Net Income": -1606254.0,
        "Net Income Including Noncontrolling Interests": -1606254.0,
        "Net Income Continuous Operations": -1606254.0,
        "Pretax Income": -1606254.0,
        "Other Income Expense": 106737.0,
        "Other Non Operating Income Expenses": 106737.0,
        "Net Non Operating Interest Income Expense": NaN,
        "Interest Income Non Operating": NaN,
        "Operating Income": -1712991.0,
        "Operating Expense": 2987423.0,
        "Research And Development": 1074954.0,
        "Selling General And Administration": 1912469.0,
        "Selling And Marketing Expense": 810209.0,
        "General And Administrative Expense": 1102260.0,
        "Other Gand A": 1102260.0,
        "Gross Profit": 1274432.0,
        "Cost Of Revenue": 693571.0,
        "Total Revenue": 1968003.0,
        "Operating Revenue": 1968003.0
    },
    "2022-06-30": {
        "Tax Effect Of Unusual Items": 0.0,
        "Tax Rate For Calcs": 0.0,
        "Normalized EBITDA": -1196918.0,
        "Net Income From Continuing Operation Net Minority Interest": -1159923.0,
        "Reconciled Depreciation": 13400.0,
        "Reconciled Cost Of Revenue": 686121.0,
        "EBITDA": -1196918.0,
        "EBIT": -1210318.0,
        "Normalized Income": -1159923.0,
        "Net Income From Continuing And Discontinued Operation": -1159923.0,
        "Total Expenses": 3348619.0,
        "Total Operating Income As Reported": -1210318.0,
        "Diluted Average Shares": 6995959.0,
        "Basic Average Shares": 6995959.0,
        "Diluted EPS": -0.17,
        "Basic EPS": -0.17,
        "Diluted NI Availto Com Stockholders": -1159923.0,
        "Net Income Common Stockholders": -1159923.0,
        "Net Income": -1159923.0,
        "Net Income Including Noncontrolling Interests": -1159923.0,
        "Net Income Continuous Operations": -1159923.0,
        "Pretax Income": -1159923.0,
        "Other Income Expense": 50395.0,
        "Other Non Operating Income Expenses": 50395.0,
        "Operating Income": -1210318.0,
        "Operating Expense": 2662498.0,
        "Research And Development": 915799.0,
        "Selling General And Administration": 1746699.0,
        "Selling And Marketing Expense": 566598.0,
        "General And Administrative Expense": 1180101.0,
        "Other Gand A": 1180101.0,
        "Gross Profit": 1452180.0,
        "Cost Of Revenue": 686121.0,
        "Total Revenue": 2138301.0,
        "Operating Revenue": 2138301.0
    },
    "2022-03-31": {
        "Diluted EPS": -0.14,
        "Total Revenue": 2,
        "Gross Profit": 2,
        "Operating Income": -1,
        "EBIT": -1,
        "Net Income": -1
    },
    "2021-12-31": {
        "Diluted EPS": -0.18,
        "Total Revenue": 2,
        "Gross Profit": 1,
        "Operating Income": -1,
        "EBIT": -1,
        "Net Income": -1
    },
    "2021-09-30": {
        "Diluted EPS": -0.12,
        "Total Revenue": 2,
        "Gross Profit": 1,
        "Operating Income": -1,
        "EBIT": -1,
        "Net Income": -1
    },
    "2021-06-30": {
        "Diluted EPS": -0.13,
        "Total Revenue": 2,
        "Gross Profit": 2,
        "Operating Income": -1,
        "EBIT": 0,
        "Net Income": -1
    },
    "2021-03-31": {
        "Diluted EPS": -0.02,
        "Total Revenue": 2,
        "Gross Profit": 2,
        "Operating Income": 0,
        "EBIT": 0,
        "Net Income": 0
    },
    "2020-12-31": {
        "Diluted EPS": 0.11,
        "Total Revenue": 2,
        "Gross Profit": 1,
        "Operating Income": 0,
        "EBIT": 0,
        "Net Income": 0
    },
    "2020-09-30": {
        "Diluted EPS": -0.07,
        "Total Revenue": 2,
        "Gross Profit": 1,
        "Operating Income": 0,
        "EBIT": 0,
        "Net Income": 0
    },
    "2020-06-30": {
        "Diluted EPS": -0.28,
        "Total Revenue": 1,
        "Gross Profit": 1,
        "Operating Income": -1,
        "EBIT": -1,
        "Net Income": -1
    },
    "2020-03-31": {
        "Diluted EPS": -0.45,
        "Total Revenue": 2,
        "Gross Profit": 2,
        "Operating Income": -1,
        "EBIT": -1,
        "Net Income": -1
    },
    "2019-12-31": {
        "Diluted EPS": -0.21,
        "Total Revenue": 2,
        "Gross Profit": 1,
        "Operating Income": -2,
        "EBIT": -2,
        "Net Income": -1
    },
    "2019-09-30": {
        "Diluted EPS": -1.44,
        "Total Revenue": 2,
        "Gross Profit": 1,
        "Operating Income": -1,
        "EBIT": -1,
        "Net Income": -1
    },
    "2019-06-30": {
        "Diluted EPS": -3.72,
        "Total Revenue": 2,
        "Gross Profit": -1,
        "Operating Income": -5,
        "EBIT": -5,
        "Net Income": -3
    },
    "2019-03-31": {
        "Diluted EPS": 1.47,
        "Total Revenue": 3,
        "Gross Profit": 1,
        "Operating Income": -4,
        "EBIT": -4,
        "Net Income": 2
    },
    "2018-12-31": {
        "Diluted EPS": -1.98,
        "Total Revenue": 4,
        "Gross Profit": 2,
        "Operating Income": -3,
        "EBIT": -3,
        "Net Income": -3
    },
    "2018-09-30": {
        "Diluted EPS": 0.8,
        "Total Revenue": 4,
        "Gross Profit": 2,
        "Operating Income": -3,
        "EBIT": -3,
        "Net Income": 1
    },
    "2018-06-30": {
        "Diluted EPS": 0.4,
        "Total Revenue": 4,
        "Gross Profit": 2,
        "Operating Income": -3,
        "EBIT": -3,
        "Net Income": 1
    },
    "2018-03-31": {
        "Diluted EPS": 0.8,
        "Total Revenue": 5,
        "Gross Profit": 2,
        "Operating Income": -4,
        "EBIT": -4,
        "Net Income": 1
    },
    "2017-12-31": {
        "Diluted EPS": 12.72,
        "Total Revenue": 5,
        "Gross Profit": 2,
        "Operating Income": -3,
        "EBIT": -3,
        "Net Income": -3
    },
    "2017-09-30": {
        "Diluted EPS": -31.1,
        "Total Revenue": 4,
        "Gross Profit": 2,
        "Operating Income": -4,
        "EBIT": -3,
        "Net Income": -6
    },
    "2017-06-30": {
        "Diluted EPS": -24.9,
        "Total Revenue": 4,
        "Gross Profit": 2,
        "Operating Income": -3,
        "EBIT": -3,
        "Net Income": -3
    },
    "2017-03-31": {
        "Diluted EPS": -72.7,
        "Total Revenue": 4,
        "Gross Profit": 2,
        "Operating Income": -3,
        "EBIT": -3,
        "Net Income": -7
    },
    "2016-12-31": {
        "Diluted EPS": -11.2,
        "Total Revenue": 4,
        "Gross Profit": 2,
        "Operating Income": -3,
        "EBIT": -3,
        "Net Income": -3
    },
    "2016-09-30": {
        "Diluted EPS": -61.1,
        "Total Revenue": 3,
        "Gross Profit": 1,
        "Operating Income": -4,
        "EBIT": -4,
        "Net Income": -4
    },
    "2016-06-30": {
        "Diluted EPS": -429.8,
        "Total Revenue": 3,
        "Gross Profit": 1,
        "Operating Income": -4,
        "EBIT": -4,
        "Net Income": -24
    },
    "2016-03-31": {
        "Diluted EPS": -80.0,
        "Total Revenue": 2,
        "Gross Profit": 1,
        "Operating Income": -4,
        "EBIT": -4,
        "Net Income": -4
    },
    "2015-12-31": {
        "Diluted EPS": -289.6,
        "Total Revenue": 3,
        "Gross Profit": 1,
        "Operating Income": -3,
        "EBIT": -3,
        "Net Income": -11
    },
    "2015-09-30": {
        "Diluted EPS": -84.8,
        "Total Revenue": 2,
        "Gross Profit": 1,
        "Operating Income": -3,
        "EBIT": -3,
        "Net Income": -3
    },
    "2015-06-30": {
        "Diluted EPS": -165.6,
        "Total Revenue": 1,
        "Gross Profit": 1,
        "Operating Income": -3,
        "EBIT": -3,
        "Net Income": -5
    },
    "2015-03-31": {
        "Diluted EPS": -80.0,
        "Total Revenue": 1,
        "Gross Profit": 1,
        "Operating Income": -3,
        "EBIT": -3,
        "Net Income": -2
    },
    "2014-12-31": {
        "Diluted EPS": -92.0,
        "Total Revenue": 1,
        "Gross Profit": 1,
        "Operating Income": -2,
        "EBIT": -2,
        "Net Income": -3
    },
    "2014-09-30": {
        "Diluted EPS": -60.8,
        "Total Revenue": 1,
        "Gross Profit": 1,
        "Operating Income": -2,
        "EBIT": -2,
        "Net Income": -1
    },
    "2014-06-30": {
        "Diluted EPS": -272.0,
        "Total Revenue": 1,
        "Gross Profit": 1,
        "Operating Income": -3,
        "EBIT": -3,
        "Net Income": -5
    },
    "2014-03-31": {
        "Diluted EPS": -67.2,
        "Total Revenue": 1,
        "Gross Profit": 1,
        "Operating Income": -2,
        "EBIT": -2,
        "Net Income": -1
    },
    "2013-12-31": {
        "Diluted EPS": -265.6,
        "Total Revenue": 1,
        "Gross Profit": 1,
        "Operating Income": -1,
        "EBIT": -1,
        "Net Income": -4
    },
    "2013-09-30": {
        "Diluted EPS": -83.2,
        "Total Revenue": 1,
        "Gross Profit": 1,
        "Operating Income": -2,
        "EBIT": -2,
        "Net Income": -1
    },
    "2013-06-30": {
        "Diluted EPS": -294.4,
        "Total Revenue": 1,
        "Gross Profit": 1,
        "Operating Income": -2,
        "EBIT": -2,
        "Net Income": -2
    },
    "2013-03-31": {
        "Diluted EPS": -339.2,
        "Total Revenue": 1,
        "Gross Profit": 1,
        "Operating Income": -2,
        "EBIT": -2,
        "Net Income": -2
    },
    "2012-12-31": {
        "Diluted EPS": -214.4,
        "Total Revenue": 2,
        "Gross Profit": 1,
        "Operating Income": -2,
        "EBIT": -2,
        "Net Income": -2
    },
    "2012-09-30": {
        "Diluted EPS": -396.8,
        "Total Revenue": 2,
        "Gross Profit": 1,
        "Operating Income": -3,
        "EBIT": -2,
        "Net Income": -3
    },
    "2012-06-30": {
        "Diluted EPS": -422.4,
        "Total Revenue": 2,
        "Gross Profit": 1,
        "Operating Income": -3,
        "EBIT": -3,
        "Net Income": -3
    },
    "2012-03-31": {
        "Diluted EPS": -636.8,
        "Total Revenue": 2,
        "Gross Profit": 1,
        "Operating Income": -3,
        "EBIT": -3,
        "Net Income": -3
    },
    "2011-12-31": {
        "Diluted EPS": NaN,
        "Total Revenue": 2,
        "Gross Profit": 1,
        "Operating Income": -2,
        "EBIT": -2,
        "Net Income": -2
    },
    "2011-09-30": {
        "Diluted EPS": NaN,
        "Total Revenue": 3,
        "Gross Profit": 1,
        "Operating Income": -2,
        "EBIT": -2,
        "Net Income": -2
    },
    "2011-06-30": {
        "Diluted EPS": NaN,
        "Total Revenue": 3,
        "Gross Profit": 1,
        "Operating Income": -2,
        "EBIT": -2,
        "Net Income": -2
    },
    "2011-03-31": {
        "Diluted EPS": NaN,
        "Total Revenue": 3,
        "Gross Profit": 2,
        "Operating Income": -3,
        "EBIT": -3,
        "Net Income": -3
    },
    "2010-12-31": {
        "Diluted EPS": NaN,
        "Total Revenue": 3,
        "Gross Profit": 0,
        "Operating Income": -4,
        "EBIT": -4,
        "Net Income": -4
    },
    "2010-09-30": {
        "Diluted EPS": NaN,
        "Total Revenue": 3,
        "Gross Profit": 2,
        "Operating Income": -4,
        "EBIT": -3,
        "Net Income": -3
    },
    "2010-06-30": {
        "Diluted EPS": NaN,
        "Total Revenue": 4,
        "Gross Profit": 2,
        "Operating Income": -5,
        "EBIT": -4,
        "Net Income": -5
    },
    "2010-03-31": {
        "Diluted EPS": NaN,
        "Total Revenue": 4,
        "Gross Profit": 2,
        "Operating Income": -5,
        "EBIT": -5,
        "Net Income": -5
    },
    "2009-12-31": {
        "Diluted EPS": 919.6,
        "Total Revenue": 6,
        "Gross Profit": 4,
        "Operating Income": -2,
        "EBIT": -2,
        "Net Income": 0
    },
    "2009-09-30": {
        "Diluted EPS": NaN,
        "Total Revenue": 6,
        "Gross Profit": 4,
        "Operating Income": -2,
        "EBIT": -2,
        "Net Income": -9
    },
    "2009-06-30": {
        "Diluted EPS": NaN,
        "Total Revenue": 7,
        "Gross Profit": 5,
        "Operating Income": -2,
        "EBIT": -2,
        "Net Income": -2
    },
    "2009-03-31": {
        "Diluted EPS": NaN,
        "Total Revenue": 7,
        "Gross Profit": 5,
        "Operating Income": -1,
        "EBIT": -1,
        "Net Income": -1
    },
    "2023-09-30": {
        "Tax Effect Of Unusual Items": 0.0,
        "Tax Rate For Calcs": 0.0,
        "Normalized EBITDA": -1950385.0,
        "Net Income From Continuing Operation Net Minority Interest": -1768737.0,
        "Reconciled Depreciation": 10513.0,
        "Reconciled Cost Of Revenue": 421382.0,
        "EBITDA": -1950385.0,
        "EBIT": -1960898.0,
        "Net Interest Income": 25378.0,
        "Interest Income": 25378.0,
        "Normalized Income": -1768737.0,
        "Net Income From Continuing And Discontinued Operation": -1768737.0,
        "Total Expenses": 3164062.0,
        "Total Operating Income As Reported": -1960898.0,
        "Diluted Average Shares": 1065003.0,
        "Basic Average Shares": 1065003.0,
        "Diluted EPS": -1.68,
        "Basic EPS": -1.68,
        "Diluted NI Availto Com Stockholders": -1768737.0,
        "Net Income Common Stockholders": -1768737.0,
        "Net Income": -1768737.0,
        "Net Income Including Noncontrolling Interests": -1768737.0,
        "Net Income Continuous Operations": -1768737.0,
        "Pretax Income": -1768737.0,
        "Other Income Expense": 166783.0,
        "Other Non Operating Income Expenses": 166783.0,
        "Net Non Operating Interest Income Expense": 25378.0,
        "Interest Income Non Operating": 25378.0,
        "Operating Income": -1960898.0,
        "Operating Expense": 2742680.0,
        "Research And Development": 592654.0,
        "Selling General And Administration": 2150026.0,
        "Selling And Marketing Expense": 943795.0,
        "General And Administrative Expense": 1206231.0,
        "Other Gand A": 1206231.0,
        "Gross Profit": 781782.0,
        "Cost Of Revenue": 421382.0,
        "Total Revenue": 1203164.0,
        "Operating Revenue": 1203164.0
    },
    "2023-12-31": {
        "Tax Effect Of Unusual Items": 0.0,
        "Tax Rate For Calcs": 0.0,
        "Normalized EBITDA": -1832344.0,
        "Net Income From Continuing Operation Net Minority Interest": -1649547.0,
        "Reconciled Depreciation": 24755.0,
        "Reconciled Cost Of Revenue": 469772.0,
        "EBITDA": -1832344.0,
        "EBIT": -1857099.0,
        "Net Interest Income": 9406.0,
        "Interest Income": 9406.0,
        "Normalized Income": -1649547.0,
        "Net Income From Continuing And Discontinued Operation": -1649547.0,
        "Total Expenses": 3174845.0,
        "Total Operating Income As Reported": -1857099.0,
        "Diluted Average Shares": NaN,
        "Basic Average Shares": NaN,
        "Diluted EPS": NaN,
        "Basic EPS": NaN,
        "Diluted NI Availto Com Stockholders": -1649547.0,
        "Net Income Common Stockholders": -1649547.0,
        "Net Income": -1649547.0,
        "Net Income Including Noncontrolling Interests": -1649547.0,
        "Net Income Continuous Operations": -1649547.0,
        "Pretax Income": -1649547.0,
        "Other Income Expense": 198146.0,
        "Other Non Operating Income Expenses": 198146.0,
        "Net Non Operating Interest Income Expense": 9406.0,
        "Interest Income Non Operating": 9406.0,
        "Operating Income": -1857099.0,
        "Operating Expense": 2705073.0,
        "Research And Development": 732372.0,
        "Selling General And Administration": 1972701.0,
        "Selling And Marketing Expense": 860635.0,
        "General And Administrative Expense": 1112066.0,
        "Other Gand A": 1112066.0,
        "Gross Profit": 847974.0,
        "Cost Of Revenue": 469772.0,
        "Total Revenue": 1317746.0,
        "Operating Revenue": 1317746.0
    }
}