{
    "2023-03-31": {
        "Tax Effect Of Unusual Items": NaN,
        "Tax Rate For Calcs": NaN,
        "Normalized EBITDA": NaN,
        "Total Unusual Items": NaN,
        "Total Unusual Items Excluding Goodwill": NaN,
        "Net Income From Continuing Operation Net Minority Interest": NaN,
        "Reconciled Depreciation": NaN,
        "Reconciled Cost Of Revenue": NaN,
        "EBITDA": NaN,
        "EBIT": NaN,
        "Net Interest Income": NaN,
        "Interest Expense": NaN,
        "Normalized Income": NaN,
        "Net Income From Continuing And Discontinued Operation": NaN,
        "Total Expenses": NaN,
        "Total Operating Income As Reported": NaN,
        "Diluted Average Shares": NaN,
        "Basic Average Shares": NaN,
        "Diluted EPS": NaN,
        "Basic EPS": NaN,
        "Diluted NI Availto Com Stockholders": NaN,
        "Net Income Common Stockholders": NaN,
        "Net Income": NaN,
        "Minority Interests": NaN,
        "Net Income Including Noncontrolling Interests": NaN,
        "Net Income Continuous Operations": NaN,
        "Tax Provision": NaN,
        "Pretax Income": NaN,
        "Other Income Expense": NaN,
        "Other Non Operating Income Expenses": NaN,
        "Special Income Charges": NaN,
        "Write Off": NaN,
        "Impairment Of Capital Assets": NaN,
        "Restructuring And Mergern Acquisition": NaN,
        "Gain On Sale Of Security": NaN,
        "Net Non Operating Interest Income Expense": NaN,
        "Interest Expense Non Operating": NaN,
        "Operating Income": NaN,
        "Operating Expense": NaN,
        "Other Operating Expenses": 217266.0,
        "Selling General And Administration": NaN,
        "General And Administrative Expense": NaN,
        "Other Gand A": NaN,
        "Salaries And Wages": NaN,
        "Gross Profit": NaN,
        "Cost Of Revenue": NaN,
        "Total Revenue": NaN,
        "Operating Revenue": NaN
    },
    "2022-12-31": {
        "Tax Effect Of Unusual Items": NaN,
        "Tax Rate For Calcs": NaN,
        "Normalized EBITDA": NaN,
        "Total Unusual Items": NaN,
        "Total Unusual Items Excluding Goodwill": NaN,
        "Net Income From Continuing Operation Net Minority Interest": NaN,
        "Reconciled Depreciation": NaN,
        "Reconciled Cost Of Revenue": NaN,
        "EBITDA": NaN,
        "EBIT": NaN,
        "Net Interest Income": NaN,
        "Interest Expense": NaN,
        "Normalized Income": NaN,
        "Net Income From Continuing And Discontinued Operation": NaN,
        "Total Expenses": NaN,
        "Total Operating Income As Reported": NaN,
        "Diluted Average Shares": NaN,
        "Basic Average Shares": NaN,
        "Diluted EPS": NaN,
        "Basic EPS": NaN,
        "Diluted NI Availto Com Stockholders": NaN,
        "Net Income Common Stockholders": NaN,
        "Net Income": NaN,
        "Minority Interests": NaN,
        "Net Income Including Noncontrolling Interests": NaN,
        "Net Income Continuous Operations": NaN,
        "Tax Provision": NaN,
        "Pretax Income": NaN,
        "Other Income Expense": NaN,
        "Other Non Operating Income Expenses": NaN,
        "Special Income Charges": 10331537.0,
        "Write Off": NaN,
        "Impairment Of Capital Assets": -10331537.0,
        "Restructuring And Mergern Acquisition": 0.0,
        "Gain On Sale Of Security": NaN,
        "Net Non Operating Interest Income Expense": NaN,
        "Interest Expense Non Operating": NaN,
        "Operating Income": NaN,
        "Operating Expense": NaN,
        "Other Operating Expenses": NaN,
        "Selling General And Administration": NaN,
        "General And Administrative Expense": NaN,
        "Other Gand A": NaN,
        "Salaries And Wages": NaN,
        "Gross Profit": NaN,
        "Cost Of Revenue": NaN,
        "Total Revenue": NaN,
        "Operating Revenue": NaN
    },
    "2022-09-30": {
        "Tax Effect Of Unusual Items": NaN,
        "Tax Rate For Calcs": NaN,
        "Normalized EBITDA": NaN,
        "Total Unusual Items": NaN,
        "Total Unusual Items Excluding Goodwill": NaN,
        "Net Income From Continuing Operation Net Minority Interest": NaN,
        "Reconciled Depreciation": NaN,
        "Reconciled Cost Of Revenue": NaN,
        "EBITDA": NaN,
        "EBIT": NaN,
        "Net Interest Income": NaN,
        "Interest Expense": NaN,
        "Normalized Income": NaN,
        "Net Income From Continuing And Discontinued Operation": NaN,
        "Total Expenses": NaN,
        "Total Operating Income As Reported": NaN,
        "Diluted Average Shares": NaN,
        "Basic Average Shares": NaN,
        "Diluted EPS": NaN,
        "Basic EPS": NaN,
        "Diluted NI Availto Com Stockholders": NaN,
        "Net Income Common Stockholders": NaN,
        "Net Income": NaN,
        "Minority Interests": NaN,
        "Net Income Including Noncontrolling Interests": NaN,
        "Net Income Continuous Operations": NaN,
        "Tax Provision": NaN,
        "Pretax Income": NaN,
        "Other Income Expense": NaN,
        "Other Non Operating Income Expenses": NaN,
        "Special Income Charges": -398135038.0,
        "Impairment Of Capital Assets": 398135038.0,
        "Restructuring And Mergern Acquisition": 0.0,
        "Gain On Sale Of Security": NaN,
        "Net Non Operating Interest Income Expense": NaN,
        "Interest Expense Non Operating": NaN,
        "Operating Income": NaN,
        "Operating Expense": NaN,
        "Other Operating Expenses": NaN,
        "Selling General And Administration": NaN,
        "General And Administrative Expense": NaN,
        "Other Gand A": NaN,
        "Salaries And Wages": NaN,
        "Gross Profit": NaN,
        "Cost Of Revenue": NaN,
        "Total Revenue": NaN,
        "Operating Revenue": NaN
    },
    "2022-06-30": {
        "Tax Effect Of Unusual Items": -979187.832,
        "Tax Rate For Calcs": 0.252,
        "Normalized EBITDA": 9210721.0,
        "Total Unusual Items": -3885666.0,
        "Total Unusual Items Excluding Goodwill": -3885666.0,
        "Net Income From Continuing Operation Net Minority Interest": -19395752.0,
        "Reconciled Depreciation": 5300310.0,
        "Reconciled Cost Of Revenue": 53055407.0,
        "EBITDA": 5325055.0,
        "EBIT": 24745.0,
        "Net Interest Income": -3849629.0,
        "Interest Expense": 3849629.0,
        "Normalized Income": -16489273.832,
        "Net Income From Continuing And Discontinued Operation": -19395752.0,
        "Total Expenses": 55540744.0,
        "Total Operating Income As Reported": -1378477.0,
        "Diluted Average Shares": 646370173.0,
        "Basic Average Shares": 646370173.0,
        "Diluted EPS": -0.03,
        "Basic EPS": -0.03,
        "Diluted NI Availto Com Stockholders": -19395752.0,
        "Net Income Common Stockholders": -19395752.0,
        "Net Income": -19395752.0,
        "Minority Interests": 4082418.0,
        "Net Income Including Noncontrolling Interests": -23478170.0,
        "Net Income Continuous Operations": -23478170.0,
        "Tax Provision": 19653286.0,
        "Pretax Income": -3824884.0,
        "Other Income Expense": -2482444.0,
        "Other Non Operating Income Expenses": 1403222.0,
        "Special Income Charges": -3885666.0,
        "Impairment Of Capital Assets": NaN,
        "Restructuring And Mergern Acquisition": 3885666.0,
        "Net Non Operating Interest Income Expense": -3849629.0,
        "Interest Expense Non Operating": 3849629.0,
        "Operating Income": 2507189.0,
        "Operating Expense": 2485337.0,
        "Other Operating Expenses": NaN,
        "Selling General And Administration": 2485337.0,
        "General And Administrative Expense": 2485337.0,
        "Other Gand A": 2485337.0,
        "Salaries And Wages": NaN,
        "Gross Profit": 4992526.0,
        "Cost Of Revenue": 53055407.0,
        "Total Revenue": 58047933.0,
        "Operating Revenue": 58047933.0
    },
    "2022-03-31": {
        "Diluted EPS": 0.04,
        "Total Revenue": 79,
        "Gross Profit": 36,
        "Operating Income": 29,
        "EBIT": 32,
        "Net Income": 21
    },
    "2021-12-31": {
        "Diluted EPS": 0.32,
        "Total Revenue": 149,
        "Gross Profit": 74,
        "Operating Income": 72,
        "EBIT": 74,
        "Net Income": 56
    },
    "2021-09-30": {
        "Diluted EPS": 0.09,
        "Total Revenue": 118,
        "Gross Profit": 76,
        "Operating Income": 74,
        "EBIT": 76,
        "Net Income": 54
    },
    "2021-06-30": {
        "Diluted EPS": 0.05,
        "Total Revenue": 63,
        "Gross Profit": 29,
        "Operating Income": 28,
        "EBIT": 32,
        "Net Income": 27
    },
    "2021-03-31": {
        "Diluted EPS": -0.24,
        "Total Revenue": 2,
        "Gross Profit": 0,
        "Operating Income": -4,
        "EBIT": -4,
        "Net Income": -4
    },
    "2020-12-31": {
        "Diluted EPS": 0.03,
        "Total Revenue": 273,
        "Gross Profit": 157,
        "Operating Income": 152,
        "EBIT": 157,
        "Net Income": 105
    },
    "2020-09-30": {
        "Diluted EPS": 0.34,
        "Total Revenue": 0,
        "Gross Profit": 0,
        "Operating Income": 2,
        "EBIT": 2,
        "Net Income": 2
    },
    "2020-06-30": {
        "Diluted EPS": 0.05,
        "Total Revenue": 0,
        "Gross Profit": 0,
        "Operating Income": 1,
        "EBIT": 1,
        "Net Income": 0
    },
    "2020-03-31": {
        "Diluted EPS": -0.24,
        "Total Revenue": 0,
        "Gross Profit": 0,
        "Operating Income": -1,
        "EBIT": -1,
        "Net Income": -1
    },
    "2019-12-31": {
        "Diluted EPS": -0.92,
        "Total Revenue": 1,
        "Gross Profit": 0,
        "Operating Income": -4,
        "EBIT": -3,
        "Net Income": -4
    },
    "2019-09-30": {
        "Diluted EPS": -0.22,
        "Total Revenue": 0,
        "Gross Profit": 0,
        "Operating Income": -1,
        "EBIT": -1,
        "Net Income": -1
    },
    "2019-06-30": {
        "Diluted EPS": -0.44,
        "Total Revenue": 0,
        "Gross Profit": 0,
        "Operating Income": -1,
        "EBIT": -1,
        "Net Income": -2
    },
    "2019-03-31": {
        "Diluted EPS": -0.38,
        "Total Revenue": 0,
        "Gross Profit": 0,
        "Operating Income": -1,
        "EBIT": -1,
        "Net Income": -1
    },
    "2018-12-31": {
        "Diluted EPS": 11.53,
        "Total Revenue": 1,
        "Gross Profit": 1,
        "Operating Income": 0,
        "EBIT": 0,
        "Net Income": 1
    },
    "2018-09-30": {
        "Diluted EPS": -2.09,
        "Total Revenue": 0,
        "Gross Profit": 0,
        "Operating Income": 0,
        "EBIT": 0,
        "Net Income": -1
    },
    "2018-06-30": {
        "Diluted EPS": -5.0,
        "Total Revenue": 0,
        "Gross Profit": 0,
        "Operating Income": 0,
        "EBIT": 0,
        "Net Income": -1
    },
    "2018-03-31": {
        "Diluted EPS": -5.0,
        "Total Revenue": 0,
        "Gross Profit": 0,
        "Operating Income": 0,
        "EBIT": 0,
        "Net Income": -1
    },
    "2017-12-31": {
        "Diluted EPS": -10.0,
        "Total Revenue": 0,
        "Gross Profit": 0,
        "Operating Income": -4,
        "EBIT": -4,
        "Net Income": -4
    },
    "2017-09-30": {
        "Diluted EPS": 30.0,
        "Total Revenue": 0,
        "Gross Profit": 0,
        "Operating Income": -1,
        "EBIT": 0,
        "Net Income": 6
    },
    "2017-06-30": {
        "Diluted EPS": -15.0,
        "Total Revenue": 0,
        "Gross Profit": 0,
        "Operating Income": -1,
        "EBIT": -1,
        "Net Income": -2
    },
    "2017-03-31": {
        "Diluted EPS": 0.0,
        "Total Revenue": 0,
        "Gross Profit": 0,
        "Operating Income": 0,
        "EBIT": 0,
        "Net Income": 0
    },
    "2016-12-31": {
        "Diluted EPS": 0.0,
        "Total Revenue": NaN,
        "Gross Profit": NaN,
        "Operating Income": -1,
        "EBIT": 0,
        "Net Income": -7
    },
    "2016-09-30": {
        "Diluted EPS": 0.0,
        "Total Revenue": NaN,
        "Gross Profit": NaN,
        "Operating Income": 0,
        "EBIT": 0,
        "Net Income": 0
    },
    "2016-06-30": {
        "Diluted EPS": 0.0,
        "Total Revenue": NaN,
        "Gross Profit": NaN,
        "Operating Income": 0,
        "EBIT": 0,
        "Net Income": 0
    },
    "2016-03-31": {
        "Diluted EPS": -0.01,
        "Total Revenue": 0,
        "Gross Profit": 0,
        "Operating Income": 0,
        "EBIT": 0,
        "Net Income": 0
    },
    "2015-12-31": {
        "Diluted EPS": 0.0,
        "Total Revenue": NaN,
        "Gross Profit": NaN,
        "Operating Income": NaN,
        "EBIT": NaN,
        "Net Income": NaN
    },
    "2015-09-30": {
        "Diluted EPS": 0.0,
        "Total Revenue": 0,
        "Gross Profit": 0,
        "Operating Income": 0,
        "EBIT": 0,
        "Net Income": 0
    },
    "2015-06-30": {
        "Diluted EPS": -0.01,
        "Total Revenue": 0,
        "Gross Profit": 0,
        "Operating Income": 0,
        "EBIT": 0,
        "Net Income": 0
    },
    "2015-03-31": {
        "Diluted EPS": 0.0,
        "Total Revenue": NaN,
        "Gross Profit": NaN,
        "Operating Income": NaN,
        "EBIT": NaN,
        "Net Income": NaN
    },
    "2023-06-30": {
        "Tax Effect Of Unusual Items": NaN,
        "Tax Rate For Calcs": NaN,
        "Normalized EBITDA": NaN,
        "Total Unusual Items": NaN,
        "Total Unusual Items Excluding Goodwill": NaN,
        "Net Income From Continuing Operation Net Minority Interest": NaN,
        "Reconciled Depreciation": NaN,
        "Reconciled Cost Of Revenue": NaN,
        "EBITDA": NaN,
        "EBIT": NaN,
        "Net Interest Income": NaN,
        "Interest Expense": NaN,
        "Normalized Income": NaN,
        "Net Income From Continuing And Discontinued Operation": NaN,
        "Total Expenses": NaN,
        "Total Operating Income As Reported": NaN,
        "Diluted Average Shares": NaN,
        "Basic Average Shares": NaN,
        "Diluted EPS": NaN,
        "Basic EPS": NaN,
        "Diluted NI Availto Com Stockholders": NaN,
        "Net Income Common Stockholders": NaN,
        "Net Income": NaN,
        "Minority Interests": NaN,
        "Net Income Including Noncontrolling Interests": NaN,
        "Net Income Continuous Operations": NaN,
        "Tax Provision": NaN,
        "Pretax Income": NaN,
        "Other Income Expense": NaN,
        "Other Non Operating Income Expenses": NaN,
        "Special Income Charges": 0.0,
        "Write Off": 0.0,
        "Impairment Of Capital Assets": 0.0,
        "Restructuring And Mergern Acquisition": 0.0,
        "Gain On Sale Of Security": NaN,
        "Net Non Operating Interest Income Expense": NaN,
        "Interest Expense Non Operating": NaN,
        "Operating Income": NaN,
        "Operating Expense": NaN,
        "Other Operating Expenses": NaN,
        "Selling General And Administration": NaN,
        "General And Administrative Expense": NaN,
        "Other Gand A": NaN,
        "Salaries And Wages": NaN,
        "Gross Profit": NaN,
        "Cost Of Revenue": NaN,
        "Total Revenue": NaN,
        "Operating Revenue": NaN
    },
    "2023-09-30": {
        "Tax Effect Of Unusual Items": -3056.994828,
        "Tax Rate For Calcs": 0.070334,
        "Normalized EBITDA": 4021385.0,
        "Total Unusual Items": -43464.0,
        "Total Unusual Items Excluding Goodwill": -43464.0,
        "Net Income From Continuing Operation Net Minority Interest": -5542391.0,
        "Reconciled Depreciation": 4745941.0,
        "Reconciled Cost Of Revenue": 55656759.0,
        "EBITDA": 3977921.0,
        "EBIT": -768020.0,
        "Net Interest Income": -4098179.0,
        "Interest Expense": 4098179.0,
        "Normalized Income": -5501983.994828,
        "Net Income From Continuing And Discontinued Operation": -5542391.0,
        "Total Expenses": 63500734.0,
        "Total Operating Income As Reported": -821226.0,
        "Diluted Average Shares": 4433704.0,
        "Basic Average Shares": 4433704.0,
        "Diluted EPS": -1.25,
        "Basic EPS": -1.25,
        "Diluted NI Availto Com Stockholders": -5542391.0,
        "Net Income Common Stockholders": -5542391.0,
        "Net Income": -5542391.0,
        "Minority Interests": -1018451.0,
        "Net Income Including Noncontrolling Interests": -4523940.0,
        "Net Income Continuous Operations": -4523940.0,
        "Tax Provision": -342259.0,
        "Pretax Income": -4866199.0,
        "Other Income Expense": 9742.0,
        "Other Non Operating Income Expenses": 53206.0,
        "Special Income Charges": -43464.0,
        "Write Off": 0.0,
        "Impairment Of Capital Assets": 0.0,
        "Restructuring And Mergern Acquisition": 43464.0,
        "Gain On Sale Of Security": NaN,
        "Net Non Operating Interest Income Expense": -4098179.0,
        "Interest Expense Non Operating": 4098179.0,
        "Operating Income": -777762.0,
        "Operating Expense": 7843975.0,
        "Other Operating Expenses": NaN,
        "Selling General And Administration": 7843975.0,
        "General And Administrative Expense": 7843975.0,
        "Other Gand A": 7794808.0,
        "Salaries And Wages": 49167.0,
        "Gross Profit": 7066213.0,
        "Cost Of Revenue": 55656759.0,
        "Total Revenue": 62722972.0,
        "Operating Revenue": 62722972.0
    },
    "2023-12-31": {
        "Tax Effect Of Unusual Items": -2950864.940996,
        "Tax Rate For Calcs": 0.097641,
        "Normalized EBITDA": 8430866.0,
        "Total Unusual Items": -30221500.0,
        "Total Unusual Items Excluding Goodwill": -30221500.0,
        "Net Income From Continuing Operation Net Minority Interest": -31617897.0,
        "Reconciled Depreciation": 4682724.0,
        "Reconciled Cost Of Revenue": 56456161.0,
        "EBITDA": -21790634.0,
        "EBIT": -26473358.0,
        "Net Interest Income": -4236553.0,
        "Interest Expense": 4236553.0,
        "Normalized Income": -4347261.940996,
        "Net Income From Continuing And Discontinued Operation": -31617897.0,
        "Total Expenses": 65592870.0,
        "Total Operating Income As Reported": -26144897.0,
        "Diluted Average Shares": 4215720.0,
        "Basic Average Shares": 4215720.0,
        "Diluted EPS": -7.5,
        "Basic EPS": -7.5,
        "Diluted NI Availto Com Stockholders": -31617897.0,
        "Net Income Common Stockholders": -31617897.0,
        "Net Income": -31617897.0,
        "Minority Interests": -3906540.0,
        "Net Income Including Noncontrolling Interests": -27711357.0,
        "Net Income Continuous Operations": -27711357.0,
        "Tax Provision": -2998554.0,
        "Pretax Income": -30709911.0,
        "Other Income Expense": -30549961.0,
        "Other Non Operating Income Expenses": -328461.0,
        "Special Income Charges": -30221500.0,
        "Write Off": NaN,
        "Impairment Of Capital Assets": 30221500.0,
        "Restructuring And Mergern Acquisition": 0.0,
        "Gain On Sale Of Security": NaN,
        "Net Non Operating Interest Income Expense": -4236553.0,
        "Interest Expense Non Operating": 4236553.0,
        "Operating Income": 4076603.0,
        "Operating Expense": 9136709.0,
        "Other Operating Expenses": 0.0,
        "Selling General And Administration": 9136709.0,
        "General And Administrative Expense": 9136709.0,
        "Other Gand A": 8499550.0,
        "Salaries And Wages": 637159.0,
        "Gross Profit": 13213312.0,
        "Cost Of Revenue": 56456161.0,
        "Total Revenue": 69669473.0,
        "Operating Revenue": 69669473.0
    },
    "2024-03-31": {
        "Tax Effect Of Unusual Items": 369306.074,
        "Tax Rate For Calcs": 0.142,
        "Normalized EBITDA": 5876995.0,
        "Total Unusual Items": 2600747.0,
        "Total Unusual Items Excluding Goodwill": 2600747.0,
        "Net Income From Continuing Operation Net Minority Interest": -364075.0,
        "Reconciled Depreciation": 4186202.0,
        "Reconciled Cost Of Revenue": 57296609.0,
        "EBITDA": 8477742.0,
        "EBIT": 4291540.0,
        "Net Interest Income": -4444362.0,
        "Interest Expense": 4444362.0,
        "Normalized Income": -2595515.926,
        "Net Income From Continuing And Discontinued Operation": -364075.0,
        "Total Expenses": 66004186.0,
        "Total Operating Income As Reported": 1449601.0,
        "Diluted Average Shares": 323282.0,
        "Basic Average Shares": 323282.0,
        "Diluted EPS": -1.5,
        "Basic EPS": -1.5,
        "Diluted NI Availto Com Stockholders": -364075.0,
        "Net Income Common Stockholders": -364075.0,
        "Net Income": -364075.0,
        "Minority Interests": 178412.0,
        "Net Income Including Noncontrolling Interests": -542487.0,
        "Net Income Continuous Operations": -542487.0,
        "Tax Provision": 389665.0,
        "Pretax Income": -152822.0,
        "Other Income Expense": 2841939.0,
        "Other Non Operating Income Expenses": 241192.0,
        "Special Income Charges": NaN,
        "Write Off": NaN,
        "Impairment Of Capital Assets": NaN,
        "Restructuring And Mergern Acquisition": NaN,
        "Gain On Sale Of Security": 2600747.0,
        "Net Non Operating Interest Income Expense": -4444362.0,
        "Interest Expense Non Operating": 4444362.0,
        "Operating Income": 1449601.0,
        "Operating Expense": 8707577.0,
        "Other Operating Expenses": NaN,
        "Selling General And Administration": 8707577.0,
        "General And Administrative Expense": 8707577.0,
        "Other Gand A": 8658410.0,
        "Salaries And Wages": 49167.0,
        "Gross Profit": 10157178.0,
        "Cost Of Revenue": 57296609.0,
        "Total Revenue": 67453787.0,
        "Operating Revenue": 67453787.0
    },
    "2024-06-30": {
        "Tax Effect Of Unusual Items": -826902.97,
        "Tax Rate For Calcs": 0.229,
        "Normalized EBITDA": 17102388.0,
        "Total Unusual Items": -3610930.0,
        "Total Unusual Items Excluding Goodwill": -3610930.0,
        "Net Income From Continuing Operation Net Minority Interest": -364048.0,
        "Reconciled Depreciation": 4532804.0,
        "Reconciled Cost Of Revenue": 53521030.0,
        "EBITDA": 13491458.0,
        "EBIT": 8958654.0,
        "Net Interest Income": -5054532.0,
        "Interest Expense": 5054532.0,
        "Normalized Income": 2419979.03,
        "Net Income From Continuing And Discontinued Operation": -364048.0,
        "Total Expenses": 64112179.0,
        "Total Operating Income As Reported": 5299056.0,
        "Diluted Average Shares": 4909481.0,
        "Basic Average Shares": 4909481.0,
        "Diluted EPS": -0.07,
        "Basic EPS": -0.07,
        "Diluted NI Availto Com Stockholders": -364048.0,
        "Net Income Common Stockholders": -364048.0,
        "Net Income": -364048.0,
        "Minority Interests": -3374278.0,
        "Net Income Including Noncontrolling Interests": 3010230.0,
        "Net Income Continuous Operations": 3010230.0,
        "Tax Provision": 893892.0,
        "Pretax Income": 3904122.0,
        "Other Income Expense": -3011428.0,
        "Other Non Operating Income Expenses": 599502.0,
        "Special Income Charges": -6671026.0,
        "Write Off": 3473635.0,
        "Impairment Of Capital Assets": 3197391.0,
        "Restructuring And Mergern Acquisition": NaN,
        "Gain On Sale Of Security": 3060096.0,
        "Net Non Operating Interest Income Expense": -5054532.0,
        "Interest Expense Non Operating": 5054532.0,
        "Operating Income": 11970082.0,
        "Operating Expense": 10591149.0,
        "Other Operating Expenses": NaN,
        "Selling General And Administration": 10591149.0,
        "General And Administrative Expense": 10591149.0,
        "Other Gand A": 10652390.0,
        "Salaries And Wages": -61241.0,
        "Gross Profit": 22561231.0,
        "Cost Of Revenue": 53521030.0,
        "Total Revenue": 76082261.0,
        "Operating Revenue": 76082261.0
    },
    "2024-09-30": {
        "Tax Effect Of Unusual Items": -1503342.33,
        "Tax Rate For Calcs": 0.21,
        "Normalized EBITDA": 14931799.0,
        "Total Unusual Items": -7158773.0,
        "Total Unusual Items Excluding Goodwill": -7158773.0,
        "Net Income From Continuing Operation Net Minority Interest": -8788313.0,
        "Reconciled Depreciation": 4972478.0,
        "Reconciled Cost Of Revenue": 56878055.0,
        "EBITDA": 7773026.0,
        "EBIT": 2800548.0,
        "Net Interest Income": -5381040.0,
        "Interest Expense": 5381040.0,
        "Normalized Income": -3132882.33,
        "Net Income From Continuing And Discontinued Operation": -8788313.0,
        "Total Expenses": 68706903.0,
        "Total Operating Income As Reported": 9662745.0,
        "Diluted Average Shares": 5100030.0,
        "Basic Average Shares": 5100030.0,
        "Diluted EPS": -1.72,
        "Basic EPS": -1.72,
        "Diluted NI Availto Com Stockholders": -8788313.0,
        "Net Income Common Stockholders": -8788313.0,
        "Net Income": -8788313.0,
        "Minority Interests": -1623303.0,
        "Net Income Including Noncontrolling Interests": -7165010.0,
        "Net Income Continuous Operations": -7165010.0,
        "Tax Provision": 4584518.0,
        "Pretax Income": -2580492.0,
        "Other Income Expense": -7287418.0,
        "Other Non Operating Income Expenses": -128645.0,
        "Special Income Charges": -425221.0,
        "Write Off": 425221.0,
        "Impairment Of Capital Assets": 0.0,
        "Restructuring And Mergern Acquisition": 0.0,
        "Gain On Sale Of Security": -6733552.0,
        "Net Non Operating Interest Income Expense": -5381040.0,
        "Interest Expense Non Operating": 5381040.0,
        "Operating Income": 10087966.0,
        "Operating Expense": 11828848.0,
        "Other Operating Expenses": NaN,
        "Selling General And Administration": 11828848.0,
        "General And Administrative Expense": 11828848.0,
        "Other Gand A": 9865330.0,
        "Salaries And Wages": 1963518.0,
        "Gross Profit": 21916814.0,
        "Cost Of Revenue": 56878055.0,
        "Total Revenue": 78794869.0,
        "Operating Revenue": 78794869.0
    }
}