{
    "2023-03-31": {
        "Tax Effect Of Unusual Items": NaN,
        "Tax Rate For Calcs": NaN,
        "Normalized EBITDA": NaN,
        "Total Unusual Items": NaN,
        "Total Unusual Items Excluding Goodwill": NaN,
        "Net Income From Continuing Operation Net Minority Interest": NaN,
        "Reconciled Depreciation": NaN,
        "Reconciled Cost Of Revenue": NaN,
        "EBITDA": NaN,
        "EBIT": NaN,
        "Net Interest Income": NaN,
        "Interest Expense": NaN,
        "Interest Income": NaN,
        "Normalized Income": NaN,
        "Net Income From Continuing And Discontinued Operation": NaN,
        "Total Expenses": NaN,
        "Total Operating Income As Reported": NaN,
        "Diluted Average Shares": NaN,
        "Basic Average Shares": NaN,
        "Diluted EPS": NaN,
        "Basic EPS": NaN,
        "Diluted NI Availto Com Stockholders": NaN,
        "Net Income Common Stockholders": NaN,
        "Net Income": NaN,
        "Net Income Including Noncontrolling Interests": NaN,
        "Net Income Continuous Operations": NaN,
        "Tax Provision": NaN,
        "Pretax Income": NaN,
        "Other Income Expense": NaN,
        "Other Non Operating Income Expenses": NaN,
        "Gain On Sale Of Security": NaN,
        "Net Non Operating Interest Income Expense": NaN,
        "Interest Expense Non Operating": NaN,
        "Interest Income Non Operating": NaN,
        "Operating Income": NaN,
        "Operating Expense": NaN,
        "Research And Development": NaN,
        "Selling General And Administration": NaN,
        "General And Administrative Expense": 7734000.0,
        "Other Gand A": 7734000.0,
        "Gross Profit": NaN,
        "Cost Of Revenue": NaN,
        "Total Revenue": NaN,
        "Operating Revenue": NaN
    },
    "2022-12-31": {
        "Tax Effect Of Unusual Items": NaN,
        "Tax Rate For Calcs": NaN,
        "Normalized EBITDA": NaN,
        "Total Unusual Items": NaN,
        "Total Unusual Items Excluding Goodwill": NaN,
        "Net Income From Continuing Operation Net Minority Interest": NaN,
        "Reconciled Depreciation": NaN,
        "EBITDA": NaN,
        "EBIT": NaN,
        "Net Interest Income": NaN,
        "Interest Income": NaN,
        "Normalized Income": NaN,
        "Net Income From Continuing And Discontinued Operation": NaN,
        "Total Expenses": NaN,
        "Total Operating Income As Reported": NaN,
        "Diluted Average Shares": 218497000.0,
        "Basic Average Shares": 218497000.0,
        "Diluted EPS": -0.1,
        "Basic EPS": -0.1,
        "Diluted NI Availto Com Stockholders": NaN,
        "Net Income Common Stockholders": NaN,
        "Net Income": NaN,
        "Net Income Including Noncontrolling Interests": NaN,
        "Net Income Continuous Operations": NaN,
        "Tax Provision": NaN,
        "Pretax Income": NaN,
        "Other Income Expense": NaN,
        "Other Non Operating Income Expenses": NaN,
        "Gain On Sale Of Security": NaN,
        "Net Non Operating Interest Income Expense": NaN,
        "Interest Income Non Operating": NaN,
        "Operating Income": NaN,
        "Operating Expense": NaN,
        "Research And Development": NaN,
        "Selling General And Administration": NaN,
        "General And Administrative Expense": NaN,
        "Other Gand A": NaN,
        "Total Revenue": NaN,
        "Operating Revenue": NaN
    },
    "2022-09-30": {
        "Tax Effect Of Unusual Items": 0.0,
        "Tax Rate For Calcs": 0.0,
        "Normalized EBITDA": -29553000.0,
        "Total Unusual Items": 271000.0,
        "Total Unusual Items Excluding Goodwill": 271000.0,
        "Net Income From Continuing Operation Net Minority Interest": -27203000.0,
        "Reconciled Depreciation": 56000.0,
        "EBITDA": -29282000.0,
        "EBIT": -29338000.0,
        "Net Interest Income": 2127000.0,
        "Interest Income": 2127000.0,
        "Normalized Income": -27474000.0,
        "Net Income From Continuing And Discontinued Operation": -27203000.0,
        "Total Expenses": 29338000.0,
        "Total Operating Income As Reported": -29338000.0,
        "Diluted Average Shares": 218300000.0,
        "Basic Average Shares": 218300000.0,
        "Diluted EPS": -0.12,
        "Basic EPS": -0.12,
        "Diluted NI Availto Com Stockholders": -27203000.0,
        "Net Income Common Stockholders": -27203000.0,
        "Net Income": -27203000.0,
        "Net Income Including Noncontrolling Interests": -27203000.0,
        "Net Income Continuous Operations": -27203000.0,
        "Tax Provision": 0.0,
        "Pretax Income": -27203000.0,
        "Other Income Expense": 8000.0,
        "Other Non Operating Income Expenses": -263000.0,
        "Gain On Sale Of Security": 271000.0,
        "Net Non Operating Interest Income Expense": 2127000.0,
        "Interest Income Non Operating": 2127000.0,
        "Operating Income": -29338000.0,
        "Operating Expense": 29338000.0,
        "Research And Development": 21294000.0,
        "Selling General And Administration": 8044000.0,
        "General And Administrative Expense": 8044000.0,
        "Other Gand A": 8044000.0,
        "Total Revenue": 0.0,
        "Operating Revenue": 0.0
    },
    "2022-06-30": {
        "Tax Effect Of Unusual Items": 0.0,
        "Tax Rate For Calcs": 0.0,
        "Normalized EBITDA": -40208000.0,
        "Total Unusual Items": 2386000.0,
        "Total Unusual Items Excluding Goodwill": 2386000.0,
        "Net Income From Continuing Operation Net Minority Interest": -34858000.0,
        "Reconciled Depreciation": 48000.0,
        "EBITDA": -37822000.0,
        "EBIT": -37870000.0,
        "Net Interest Income": 841000.0,
        "Interest Income": 841000.0,
        "Normalized Income": -37244000.0,
        "Net Income From Continuing And Discontinued Operation": -34858000.0,
        "Total Expenses": 37870000.0,
        "Total Operating Income As Reported": -37870000.0,
        "Diluted Average Shares": 216603000.0,
        "Basic Average Shares": 216603000.0,
        "Diluted EPS": -0.16,
        "Basic EPS": -0.16,
        "Diluted NI Availto Com Stockholders": -34858000.0,
        "Net Income Common Stockholders": -34858000.0,
        "Net Income": -34858000.0,
        "Net Income Including Noncontrolling Interests": -34858000.0,
        "Net Income Continuous Operations": -34858000.0,
        "Tax Provision": 0.0,
        "Pretax Income": -34858000.0,
        "Other Income Expense": 2171000.0,
        "Other Non Operating Income Expenses": -215000.0,
        "Gain On Sale Of Security": 2386000.0,
        "Net Non Operating Interest Income Expense": 841000.0,
        "Interest Income Non Operating": 841000.0,
        "Operating Income": -37870000.0,
        "Operating Expense": 37870000.0,
        "Research And Development": 28922000.0,
        "Selling General And Administration": 8948000.0,
        "General And Administrative Expense": 8948000.0,
        "Other Gand A": 8948000.0,
        "Total Revenue": 0.0,
        "Operating Revenue": 0.0
    },
    "2022-03-31": {
        "Diluted EPS": -0.1,
        "Total Revenue": NaN,
        "Gross Profit": NaN,
        "Operating Income": -28,
        "EBIT": -28,
        "Net Income": -21
    },
    "2021-12-31": {
        "Diluted EPS": -0.12,
        "Total Revenue": NaN,
        "Gross Profit": NaN,
        "Operating Income": -30,
        "EBIT": -30,
        "Net Income": -25
    },
    "2021-09-30": {
        "Diluted EPS": -0.11,
        "Total Revenue": NaN,
        "Gross Profit": NaN,
        "Operating Income": -23,
        "EBIT": -23,
        "Net Income": -22
    },
    "2021-06-30": {
        "Diluted EPS": -0.09,
        "Total Revenue": NaN,
        "Gross Profit": NaN,
        "Operating Income": -20,
        "EBIT": -20,
        "Net Income": -19
    },
    "2021-03-31": {
        "Diluted EPS": -0.12,
        "Total Revenue": NaN,
        "Gross Profit": NaN,
        "Operating Income": -20,
        "EBIT": -20,
        "Net Income": -20
    },
    "2020-12-31": {
        "Diluted EPS": -0.11,
        "Total Revenue": NaN,
        "Gross Profit": NaN,
        "Operating Income": -14,
        "EBIT": -14,
        "Net Income": -13
    },
    "2020-09-30": {
        "Diluted EPS": -0.12,
        "Total Revenue": NaN,
        "Gross Profit": NaN,
        "Operating Income": -12,
        "EBIT": -12,
        "Net Income": -11
    },
    "2020-06-30": {
        "Diluted EPS": -0.1,
        "Total Revenue": NaN,
        "Gross Profit": NaN,
        "Operating Income": -9,
        "EBIT": -9,
        "Net Income": -9
    },
    "2020-03-31": {
        "Diluted EPS": -0.1,
        "Total Revenue": NaN,
        "Gross Profit": NaN,
        "Operating Income": -9,
        "EBIT": -9,
        "Net Income": -9
    },
    "2019-09-30": {
        "Diluted EPS": -0.2,
        "Total Revenue": NaN,
        "Gross Profit": NaN,
        "Operating Income": -1,
        "EBIT": -1,
        "Net Income": -1
    },
    "2023-06-30": {
        "Tax Effect Of Unusual Items": NaN,
        "Tax Rate For Calcs": NaN,
        "Normalized EBITDA": NaN,
        "Total Unusual Items": NaN,
        "Total Unusual Items Excluding Goodwill": NaN,
        "Net Income From Continuing Operation Net Minority Interest": NaN,
        "Reconciled Depreciation": NaN,
        "Reconciled Cost Of Revenue": NaN,
        "EBITDA": NaN,
        "EBIT": NaN,
        "Net Interest Income": NaN,
        "Interest Expense": 0.0,
        "Interest Income": NaN,
        "Normalized Income": NaN,
        "Net Income From Continuing And Discontinued Operation": NaN,
        "Total Expenses": NaN,
        "Total Operating Income As Reported": NaN,
        "Diluted Average Shares": 218848000.0,
        "Basic Average Shares": 218848000.0,
        "Diluted EPS": -0.09,
        "Basic EPS": -0.09,
        "Diluted NI Availto Com Stockholders": NaN,
        "Net Income Common Stockholders": NaN,
        "Net Income": NaN,
        "Net Income Including Noncontrolling Interests": NaN,
        "Net Income Continuous Operations": NaN,
        "Tax Provision": NaN,
        "Pretax Income": NaN,
        "Other Income Expense": NaN,
        "Other Non Operating Income Expenses": NaN,
        "Gain On Sale Of Security": NaN,
        "Net Non Operating Interest Income Expense": NaN,
        "Interest Expense Non Operating": 0.0,
        "Interest Income Non Operating": NaN,
        "Operating Income": NaN,
        "Operating Expense": NaN,
        "Research And Development": NaN,
        "Selling General And Administration": NaN,
        "General And Administrative Expense": 7541000.0,
        "Other Gand A": 7541000.0,
        "Gross Profit": 0.0,
        "Cost Of Revenue": NaN,
        "Total Revenue": NaN,
        "Operating Revenue": NaN
    },
    "2023-09-30": {
        "Tax Effect Of Unusual Items": 0.0,
        "Tax Rate For Calcs": 0.0,
        "Normalized EBITDA": -19989000.0,
        "Total Unusual Items": 395000.0,
        "Total Unusual Items Excluding Goodwill": 395000.0,
        "Net Income From Continuing Operation Net Minority Interest": -19649000.0,
        "Reconciled Depreciation": 55000.0,
        "Reconciled Cost Of Revenue": NaN,
        "EBITDA": -19594000.0,
        "EBIT": -19649000.0,
        "Net Interest Income": 6523000.0,
        "Interest Expense": 0.0,
        "Interest Income": 6523000.0,
        "Normalized Income": -20044000.0,
        "Net Income From Continuing And Discontinued Operation": -19649000.0,
        "Total Expenses": 26339000.0,
        "Total Operating Income As Reported": -26339000.0,
        "Diluted Average Shares": 218935000.0,
        "Basic Average Shares": 218935000.0,
        "Diluted EPS": -0.09,
        "Basic EPS": -0.09,
        "Diluted NI Availto Com Stockholders": -19649000.0,
        "Net Income Common Stockholders": -19649000.0,
        "Net Income": -19649000.0,
        "Net Income Including Noncontrolling Interests": -19649000.0,
        "Net Income Continuous Operations": -19649000.0,
        "Tax Provision": 0.0,
        "Pretax Income": -19649000.0,
        "Other Income Expense": 167000.0,
        "Other Non Operating Income Expenses": -228000.0,
        "Gain On Sale Of Security": 395000.0,
        "Net Non Operating Interest Income Expense": 6523000.0,
        "Interest Expense Non Operating": 0.0,
        "Interest Income Non Operating": 6523000.0,
        "Operating Income": -26339000.0,
        "Operating Expense": 26339000.0,
        "Research And Development": 18561000.0,
        "Selling General And Administration": 7778000.0,
        "General And Administrative Expense": 7778000.0,
        "Other Gand A": 7778000.0,
        "Gross Profit": 0.0,
        "Cost Of Revenue": NaN,
        "Total Revenue": 0.0,
        "Operating Revenue": 0.0
    },
    "2023-12-31": {
        "Tax Effect Of Unusual Items": 0.0,
        "Tax Rate For Calcs": 0.0,
        "Normalized EBITDA": -21057000.0,
        "Total Unusual Items": 281000.0,
        "Total Unusual Items Excluding Goodwill": 281000.0,
        "Net Income From Continuing Operation Net Minority Interest": -13787000.0,
        "Reconciled Depreciation": 55000.0,
        "Reconciled Cost Of Revenue": NaN,
        "EBITDA": -20776000.0,
        "EBIT": -20831000.0,
        "Net Interest Income": 7023000.0,
        "Interest Expense": NaN,
        "Interest Income": 7023000.0,
        "Normalized Income": -14068000.0,
        "Net Income From Continuing And Discontinued Operation": -13787000.0,
        "Total Expenses": 20831000.0,
        "Total Operating Income As Reported": -20831000.0,
        "Diluted Average Shares": NaN,
        "Basic Average Shares": NaN,
        "Diluted EPS": NaN,
        "Basic EPS": NaN,
        "Diluted NI Availto Com Stockholders": -13787000.0,
        "Net Income Common Stockholders": -13787000.0,
        "Net Income": -13787000.0,
        "Net Income Including Noncontrolling Interests": -13787000.0,
        "Net Income Continuous Operations": -13787000.0,
        "Tax Provision": 0.0,
        "Pretax Income": -13787000.0,
        "Other Income Expense": 21000.0,
        "Other Non Operating Income Expenses": -260000.0,
        "Gain On Sale Of Security": 281000.0,
        "Net Non Operating Interest Income Expense": 7023000.0,
        "Interest Expense Non Operating": NaN,
        "Interest Income Non Operating": 7023000.0,
        "Operating Income": -20831000.0,
        "Operating Expense": 20831000.0,
        "Research And Development": 15351000.0,
        "Selling General And Administration": 5480000.0,
        "General And Administrative Expense": 5480000.0,
        "Other Gand A": 5480000.0,
        "Gross Profit": NaN,
        "Cost Of Revenue": NaN,
        "Total Revenue": 0.0,
        "Operating Revenue": 0.0
    },
    "2024-03-31": {
        "Tax Effect Of Unusual Items": 0.0,
        "Tax Rate For Calcs": 0.0,
        "Normalized EBITDA": -18683000.0,
        "Total Unusual Items": -1458000.0,
        "Total Unusual Items Excluding Goodwill": -1458000.0,
        "Net Income From Continuing Operation Net Minority Interest": -14792000.0,
        "Reconciled Depreciation": 58000.0,
        "Reconciled Cost Of Revenue": NaN,
        "EBITDA": -20141000.0,
        "EBIT": -20199000.0,
        "Net Interest Income": 7130000.0,
        "Interest Expense": NaN,
        "Interest Income": 7130000.0,
        "Normalized Income": -13334000.0,
        "Net Income From Continuing And Discontinued Operation": -14792000.0,
        "Total Expenses": 20199000.0,
        "Total Operating Income As Reported": -20199000.0,
        "Diluted Average Shares": 219048000.0,
        "Basic Average Shares": 219048000.0,
        "Diluted EPS": -0.07,
        "Basic EPS": -0.07,
        "Diluted NI Availto Com Stockholders": -14792000.0,
        "Net Income Common Stockholders": -14792000.0,
        "Net Income": -14792000.0,
        "Net Income Including Noncontrolling Interests": -14792000.0,
        "Net Income Continuous Operations": -14792000.0,
        "Tax Provision": 0.0,
        "Pretax Income": -14792000.0,
        "Other Income Expense": -1723000.0,
        "Other Non Operating Income Expenses": -265000.0,
        "Gain On Sale Of Security": -1458000.0,
        "Net Non Operating Interest Income Expense": 7130000.0,
        "Interest Expense Non Operating": NaN,
        "Interest Income Non Operating": 7130000.0,
        "Operating Income": -20199000.0,
        "Operating Expense": 20199000.0,
        "Research And Development": 12842000.0,
        "Selling General And Administration": 7357000.0,
        "General And Administrative Expense": 7357000.0,
        "Other Gand A": 7357000.0,
        "Gross Profit": NaN,
        "Cost Of Revenue": NaN,
        "Total Revenue": 0.0,
        "Operating Revenue": 0.0
    },
    "2024-06-30": {
        "Tax Effect Of Unusual Items": 0.0,
        "Tax Rate For Calcs": 0.0,
        "Normalized EBITDA": -463244000.0,
        "Total Unusual Items": 1128000.0,
        "Total Unusual Items Excluding Goodwill": 1128000.0,
        "Net Income From Continuing Operation Net Minority Interest": -462492000.0,
        "Reconciled Depreciation": 244000.0,
        "Reconciled Cost Of Revenue": 1347000.0,
        "EBITDA": -462116000.0,
        "EBIT": -462360000.0,
        "Net Interest Income": 7012000.0,
        "Interest Expense": 132000.0,
        "Interest Income": 7144000.0,
        "Normalized Income": -463620000.0,
        "Net Income From Continuing And Discontinued Operation": -462492000.0,
        "Total Expenses": 471820000.0,
        "Total Operating Income As Reported": -470385000.0,
        "Diluted Average Shares": 244738000.0,
        "Basic Average Shares": 244738000.0,
        "Diluted EPS": -1.89,
        "Basic EPS": -1.89,
        "Diluted NI Availto Com Stockholders": -462492000.0,
        "Net Income Common Stockholders": -462492000.0,
        "Net Income": -462492000.0,
        "Net Income Including Noncontrolling Interests": -462492000.0,
        "Net Income Continuous Operations": -462492000.0,
        "Tax Provision": 0.0,
        "Pretax Income": -462492000.0,
        "Other Income Expense": 881000.0,
        "Other Non Operating Income Expenses": -247000.0,
        "Gain On Sale Of Security": 1128000.0,
        "Net Non Operating Interest Income Expense": 7012000.0,
        "Interest Expense Non Operating": 132000.0,
        "Interest Income Non Operating": 7144000.0,
        "Operating Income": -470385000.0,
        "Operating Expense": 470473000.0,
        "Research And Development": 454317000.0,
        "Selling General And Administration": 16156000.0,
        "General And Administrative Expense": NaN,
        "Other Gand A": NaN,
        "Gross Profit": 88000.0,
        "Cost Of Revenue": 1347000.0,
        "Total Revenue": 1435000.0,
        "Operating Revenue": 1435000.0
    },
    "2024-09-30": {
        "Tax Effect Of Unusual Items": 0.0,
        "Tax Rate For Calcs": 0.0,
        "Normalized EBITDA": -41450000.0,
        "Total Unusual Items": 522000.0,
        "Total Unusual Items Excluding Goodwill": 522000.0,
        "Net Income From Continuing Operation Net Minority Interest": -41210000.0,
        "Reconciled Depreciation": 162000.0,
        "Reconciled Cost Of Revenue": 1515000.0,
        "EBITDA": -40928000.0,
        "EBIT": -41090000.0,
        "Net Interest Income": 6606000.0,
        "Interest Expense": 120000.0,
        "Interest Income": 6726000.0,
        "Normalized Income": -41732000.0,
        "Net Income From Continuing And Discontinued Operation": -41210000.0,
        "Total Expenses": 48828000.0,
        "Total Operating Income As Reported": -48101000.0,
        "Diluted Average Shares": 273565000.0,
        "Basic Average Shares": 273565000.0,
        "Diluted EPS": -0.15,
        "Basic EPS": -0.15,
        "Diluted NI Availto Com Stockholders": -41210000.0,
        "Net Income Common Stockholders": -41210000.0,
        "Net Income": -41210000.0,
        "Net Income Including Noncontrolling Interests": -41210000.0,
        "Net Income Continuous Operations": -41210000.0,
        "Tax Provision": 0.0,
        "Pretax Income": -41210000.0,
        "Other Income Expense": 285000.0,
        "Other Non Operating Income Expenses": -237000.0,
        "Gain On Sale Of Security": 522000.0,
        "Net Non Operating Interest Income Expense": 6606000.0,
        "Interest Expense Non Operating": 120000.0,
        "Interest Income Non Operating": 6726000.0,
        "Operating Income": -48101000.0,
        "Operating Expense": 47313000.0,
        "Research And Development": 27731000.0,
        "Selling General And Administration": 19582000.0,
        "General And Administrative Expense": NaN,
        "Other Gand A": NaN,
        "Gross Profit": -788000.0,
        "Cost Of Revenue": 1515000.0,
        "Total Revenue": 727000.0,
        "Operating Revenue": 727000.0
    }
}