{
    "2023-03-31": {
        "Tax Effect Of Unusual Items": -302000.0,
        "Tax Rate For Calcs": 0.4,
        "Normalized EBITDA": -5010000.0,
        "Total Unusual Items": -755000.0,
        "Total Unusual Items Excluding Goodwill": -755000.0,
        "Net Income From Continuing Operation Net Minority Interest": -6485000.0,
        "Reconciled Depreciation": 86000.0,
        "Reconciled Cost Of Revenue": 759000.0,
        "EBIT": -5851000.0,
        "Net Interest Income": NaN,
        "Interest Expense": NaN,
        "Normalized Income": -6032000.0,
        "Net Income From Continuing And Discontinued Operation": -6485000.0,
        "Total Expenses": 7677000.0,
        "Total Operating Income As Reported": -5851000.0,
        "Diluted Average Shares": 1126000.0,
        "Basic Average Shares": 1126000.0,
        "Diluted EPS": -5.76,
        "Basic EPS": -5.76,
        "Diluted NI Availto Com Stockholders": -6485000.0,
        "Net Income Common Stockholders": -6485000.0,
        "Net Income": -6485000.0,
        "Net Income Including Noncontrolling Interests": -6485000.0,
        "Net Income Continuous Operations": -6485000.0,
        "Tax Provision": 2000.0,
        "Pretax Income": -6483000.0,
        "Other Income Expense": -632000.0,
        "Other Non Operating Income Expenses": 123000.0,
        "Gain On Sale Of Security": -755000.0,
        "Net Non Operating Interest Income Expense": NaN,
        "Interest Expense Non Operating": NaN,
        "Operating Income": -5851000.0,
        "Operating Expense": 6918000.0,
        "Research And Development": 1428000.0,
        "Selling General And Administration": 5490000.0,
        "Gross Profit": 1067000.0,
        "Cost Of Revenue": 759000.0,
        "Total Revenue": 1826000.0,
        "Operating Revenue": 1826000.0
    },
    "2022-12-31": {
        "Tax Effect Of Unusual Items": 4730800.0,
        "Tax Rate For Calcs": 0.4,
        "Normalized EBITDA": -4473000.0,
        "Total Unusual Items": 11827000.0,
        "Total Unusual Items Excluding Goodwill": 11827000.0,
        "Net Income From Continuing Operation Net Minority Interest": -1896000.0,
        "Reconciled Depreciation": 71000.0,
        "Reconciled Cost Of Revenue": 1008000.0,
        "EBIT": 7354000.0,
        "Net Interest Income": -9247000.0,
        "Interest Expense": 9247000.0,
        "Normalized Income": -8992200.0,
        "Net Income From Continuing And Discontinued Operation": -1896000.0,
        "Total Expenses": 6873000.0,
        "Total Operating Income As Reported": -4534000.0,
        "Diluted Average Shares": 379000.0,
        "Basic Average Shares": 379000.0,
        "Diluted EPS": -5.0,
        "Basic EPS": -5.0,
        "Diluted NI Availto Com Stockholders": -1896000.0,
        "Net Income Common Stockholders": -1896000.0,
        "Net Income": -1896000.0,
        "Net Income Including Noncontrolling Interests": -1896000.0,
        "Net Income Continuous Operations": -1896000.0,
        "Tax Provision": 3000.0,
        "Pretax Income": -1893000.0,
        "Other Income Expense": 11888000.0,
        "Other Non Operating Income Expenses": 61000.0,
        "Gain On Sale Of Security": 11827000.0,
        "Net Non Operating Interest Income Expense": -9247000.0,
        "Interest Expense Non Operating": 9247000.0,
        "Operating Income": -4534000.0,
        "Operating Expense": 5865000.0,
        "Research And Development": 1201000.0,
        "Selling General And Administration": 4664000.0,
        "Gross Profit": 1331000.0,
        "Cost Of Revenue": 1008000.0,
        "Total Revenue": 2339000.0,
        "Operating Revenue": 2339000.0
    },
    "2022-09-30": {
        "Tax Effect Of Unusual Items": 0.0,
        "Tax Rate For Calcs": 0.4,
        "Normalized EBITDA": -3825000.0,
        "Total Unusual Items": NaN,
        "Total Unusual Items Excluding Goodwill": NaN,
        "Net Income From Continuing Operation Net Minority Interest": -3870000.0,
        "Reconciled Depreciation": 95000.0,
        "Reconciled Cost Of Revenue": 806000.0,
        "EBIT": -3920000.0,
        "Net Interest Income": NaN,
        "Interest Expense": NaN,
        "Normalized Income": -3870000.0,
        "Net Income From Continuing And Discontinued Operation": -3870000.0,
        "Total Expenses": 5985000.0,
        "Total Operating Income As Reported": -3920000.0,
        "Diluted Average Shares": 105380.0,
        "Basic Average Shares": 105380.0,
        "Diluted EPS": -37.0,
        "Basic EPS": -37.0,
        "Diluted NI Availto Com Stockholders": -3870000.0,
        "Net Income Common Stockholders": -3870000.0,
        "Net Income": -3870000.0,
        "Net Income Including Noncontrolling Interests": -3870000.0,
        "Net Income Continuous Operations": -3870000.0,
        "Tax Provision": 2000.0,
        "Pretax Income": -3868000.0,
        "Other Income Expense": 52000.0,
        "Other Non Operating Income Expenses": 52000.0,
        "Gain On Sale Of Security": NaN,
        "Net Non Operating Interest Income Expense": NaN,
        "Interest Expense Non Operating": NaN,
        "Operating Income": -3920000.0,
        "Operating Expense": 5179000.0,
        "Research And Development": 928000.0,
        "Selling General And Administration": 4251000.0,
        "Gross Profit": 1259000.0,
        "Cost Of Revenue": 806000.0,
        "Total Revenue": 2065000.0,
        "Operating Revenue": 2065000.0
    },
    "2022-06-30": {
        "Tax Effect Of Unusual Items": 0.0,
        "Tax Rate For Calcs": 0.4,
        "Normalized EBITDA": -4200000.0,
        "Total Unusual Items": NaN,
        "Total Unusual Items Excluding Goodwill": NaN,
        "Net Income From Continuing Operation Net Minority Interest": -4286000.0,
        "Reconciled Depreciation": 101000.0,
        "Reconciled Cost Of Revenue": 1150000.0,
        "EBIT": -4301000.0,
        "Net Interest Income": NaN,
        "Interest Expense": NaN,
        "Normalized Income": -4286000.0,
        "Net Income From Continuing And Discontinued Operation": -4286000.0,
        "Total Expenses": 6514000.0,
        "Total Operating Income As Reported": -4301000.0,
        "Diluted Average Shares": 105000.0,
        "Basic Average Shares": 105000.0,
        "Diluted EPS": -40.67,
        "Basic EPS": -40.67,
        "Diluted NI Availto Com Stockholders": -4286000.0,
        "Net Income Common Stockholders": -4286000.0,
        "Net Income": -4286000.0,
        "Net Income Including Noncontrolling Interests": -4286000.0,
        "Net Income Continuous Operations": -4286000.0,
        "Tax Provision": 2000.0,
        "Pretax Income": -4284000.0,
        "Other Income Expense": 17000.0,
        "Other Non Operating Income Expenses": 17000.0,
        "Gain On Sale Of Security": NaN,
        "Net Non Operating Interest Income Expense": NaN,
        "Interest Expense Non Operating": NaN,
        "Operating Income": -4301000.0,
        "Operating Expense": 5364000.0,
        "Research And Development": 1107000.0,
        "Selling General And Administration": 4257000.0,
        "Gross Profit": 1063000.0,
        "Cost Of Revenue": 1150000.0,
        "Total Revenue": 2213000.0,
        "Operating Revenue": 2213000.0
    },
    "2022-03-31": {
        "Diluted EPS": -42.45,
        "Total Revenue": 2,
        "Gross Profit": 1,
        "Operating Income": -4,
        "EBIT": -4,
        "Net Income": -4
    },
    "2021-12-31": {
        "Diluted EPS": 23.64,
        "Total Revenue": 2,
        "Gross Profit": 1,
        "Operating Income": -4,
        "EBIT": -4,
        "Net Income": -4
    },
    "2021-09-30": {
        "Diluted EPS": -75.0,
        "Total Revenue": 2,
        "Gross Profit": 1,
        "Operating Income": -5,
        "EBIT": -5,
        "Net Income": -5
    },
    "2021-06-30": {
        "Diluted EPS": -72.0,
        "Total Revenue": 3,
        "Gross Profit": 2,
        "Operating Income": -5,
        "EBIT": -5,
        "Net Income": -5
    },
    "2021-03-31": {
        "Diluted EPS": -162.0,
        "Total Revenue": 2,
        "Gross Profit": 1,
        "Operating Income": -5,
        "EBIT": -5,
        "Net Income": -5
    },
    "2020-12-31": {
        "Diluted EPS": 605.0,
        "Total Revenue": 2,
        "Gross Profit": 1,
        "Operating Income": -4,
        "EBIT": -4,
        "Net Income": -3
    },
    "2020-09-30": {
        "Diluted EPS": -208.0,
        "Total Revenue": 2,
        "Gross Profit": 1,
        "Operating Income": -4,
        "EBIT": -4,
        "Net Income": -4
    },
    "2020-06-30": {
        "Diluted EPS": -310.0,
        "Total Revenue": 2,
        "Gross Profit": 1,
        "Operating Income": -4,
        "EBIT": -4,
        "Net Income": -4
    },
    "2020-03-31": {
        "Diluted EPS": NaN,
        "Total Revenue": 2,
        "Gross Profit": 1,
        "Operating Income": -5,
        "EBIT": -5,
        "Net Income": -6
    },
    "2019-12-31": {
        "Diluted EPS": NaN,
        "Total Revenue": 1,
        "Gross Profit": 1,
        "Operating Income": -4,
        "EBIT": -4,
        "Net Income": -4
    },
    "2019-09-30": {
        "Diluted EPS": NaN,
        "Total Revenue": 1,
        "Gross Profit": 1,
        "Operating Income": -5,
        "EBIT": -4,
        "Net Income": -5
    },
    "2019-06-30": {
        "Diluted EPS": NaN,
        "Total Revenue": 2,
        "Gross Profit": 1,
        "Operating Income": -4,
        "EBIT": -4,
        "Net Income": -4
    },
    "2019-03-31": {
        "Diluted EPS": NaN,
        "Total Revenue": 1,
        "Gross Profit": 1,
        "Operating Income": -5,
        "EBIT": -5,
        "Net Income": -9
    },
    "2018-12-31": {
        "Diluted EPS": NaN,
        "Total Revenue": 1,
        "Gross Profit": 1,
        "Operating Income": -4,
        "EBIT": -4,
        "Net Income": -4
    },
    "2018-09-30": {
        "Diluted EPS": NaN,
        "Total Revenue": 1,
        "Gross Profit": 0,
        "Operating Income": -4,
        "EBIT": -4,
        "Net Income": -4
    },
    "2018-06-30": {
        "Diluted EPS": NaN,
        "Total Revenue": 1,
        "Gross Profit": 0,
        "Operating Income": -4,
        "EBIT": -4,
        "Net Income": -4
    },
    "2018-03-31": {
        "Diluted EPS": NaN,
        "Total Revenue": 1,
        "Gross Profit": 0,
        "Operating Income": -4,
        "EBIT": -4,
        "Net Income": -4
    },
    "2017-12-31": {
        "Diluted EPS": NaN,
        "Total Revenue": 1,
        "Gross Profit": 0,
        "Operating Income": -7,
        "EBIT": -3,
        "Net Income": -19
    },
    "2017-09-30": {
        "Diluted EPS": NaN,
        "Total Revenue": 1,
        "Gross Profit": 0,
        "Operating Income": -3,
        "EBIT": -3,
        "Net Income": -3
    },
    "2017-06-30": {
        "Diluted EPS": NaN,
        "Total Revenue": 1,
        "Gross Profit": 0,
        "Operating Income": -2,
        "EBIT": -2,
        "Net Income": -2
    },
    "2017-03-31": {
        "Diluted EPS": NaN,
        "Total Revenue": 1,
        "Gross Profit": 0,
        "Operating Income": -2,
        "EBIT": -2,
        "Net Income": -1
    },
    "2016-12-31": {
        "Diluted EPS": NaN,
        "Total Revenue": 1,
        "Gross Profit": 0,
        "Operating Income": -3,
        "EBIT": -3,
        "Net Income": -5
    },
    "2016-09-30": {
        "Diluted EPS": NaN,
        "Total Revenue": 1,
        "Gross Profit": 0,
        "Operating Income": -4,
        "EBIT": -4,
        "Net Income": -4
    },
    "2016-06-30": {
        "Diluted EPS": -6.83,
        "Total Revenue": NaN,
        "Gross Profit": NaN,
        "Operating Income": -4,
        "EBIT": -4,
        "Net Income": -4
    },
    "2016-03-31": {
        "Diluted EPS": -7.82,
        "Total Revenue": NaN,
        "Gross Profit": NaN,
        "Operating Income": -5,
        "EBIT": -4,
        "Net Income": -5
    },
    "2015-12-31": {
        "Diluted EPS": -42.9,
        "Total Revenue": NaN,
        "Gross Profit": NaN,
        "Operating Income": -6,
        "EBIT": -6,
        "Net Income": -7
    },
    "2015-09-30": {
        "Diluted EPS": -0.36,
        "Total Revenue": NaN,
        "Gross Profit": NaN,
        "Operating Income": -6,
        "EBIT": -6,
        "Net Income": -7
    },
    "2015-06-30": {
        "Diluted EPS": -0.35,
        "Total Revenue": NaN,
        "Gross Profit": NaN,
        "Operating Income": -6,
        "EBIT": -6,
        "Net Income": -6
    },
    "2015-03-31": {
        "Diluted EPS": -0.4,
        "Total Revenue": 0,
        "Gross Profit": 0,
        "Operating Income": -7,
        "EBIT": -7,
        "Net Income": -7
    },
    "2014-12-31": {
        "Diluted EPS": -0.39,
        "Total Revenue": 0,
        "Gross Profit": 0,
        "Operating Income": -7,
        "EBIT": -7,
        "Net Income": -7
    },
    "2014-09-30": {
        "Diluted EPS": -0.36,
        "Total Revenue": 0,
        "Gross Profit": 0,
        "Operating Income": -6,
        "EBIT": -6,
        "Net Income": -6
    },
    "2014-06-30": {
        "Diluted EPS": -0.38,
        "Total Revenue": NaN,
        "Gross Profit": NaN,
        "Operating Income": -7,
        "EBIT": -7,
        "Net Income": -6
    },
    "2014-03-31": {
        "Diluted EPS": -0.38,
        "Total Revenue": 0,
        "Gross Profit": 0,
        "Operating Income": -6,
        "EBIT": -6,
        "Net Income": -6
    },
    "2013-12-31": {
        "Diluted EPS": -0.42,
        "Total Revenue": NaN,
        "Gross Profit": NaN,
        "Operating Income": -7,
        "EBIT": -7,
        "Net Income": -7
    },
    "2013-09-30": {
        "Diluted EPS": -0.47,
        "Total Revenue": 0,
        "Gross Profit": 0,
        "Operating Income": -6,
        "EBIT": -6,
        "Net Income": -6
    },
    "2013-06-30": {
        "Diluted EPS": -0.35,
        "Total Revenue": NaN,
        "Gross Profit": NaN,
        "Operating Income": -5,
        "EBIT": -5,
        "Net Income": -4
    },
    "2013-03-31": {
        "Diluted EPS": -0.47,
        "Total Revenue": NaN,
        "Gross Profit": NaN,
        "Operating Income": -4,
        "EBIT": -4,
        "Net Income": -4
    },
    "2012-12-31": {
        "Diluted EPS": -0.48,
        "Total Revenue": NaN,
        "Gross Profit": NaN,
        "Operating Income": -4,
        "EBIT": -4,
        "Net Income": -4
    },
    "2012-09-30": {
        "Diluted EPS": -0.42,
        "Total Revenue": NaN,
        "Gross Profit": NaN,
        "Operating Income": -3,
        "EBIT": -3,
        "Net Income": -3
    },
    "2012-06-30": {
        "Diluted EPS": -0.42,
        "Total Revenue": NaN,
        "Gross Profit": NaN,
        "Operating Income": -3,
        "EBIT": -3,
        "Net Income": -3
    },
    "2012-03-31": {
        "Diluted EPS": -0.66,
        "Total Revenue": NaN,
        "Gross Profit": NaN,
        "Operating Income": -4,
        "EBIT": -4,
        "Net Income": -4
    },
    "2011-12-31": {
        "Diluted EPS": -0.91,
        "Total Revenue": NaN,
        "Gross Profit": NaN,
        "Operating Income": -5,
        "EBIT": -5,
        "Net Income": -5
    },
    "2011-09-30": {
        "Diluted EPS": -0.84,
        "Total Revenue": NaN,
        "Gross Profit": NaN,
        "Operating Income": -5,
        "EBIT": -5,
        "Net Income": -5
    },
    "2011-06-30": {
        "Diluted EPS": -0.68,
        "Total Revenue": NaN,
        "Gross Profit": NaN,
        "Operating Income": -4,
        "EBIT": -4,
        "Net Income": -3
    },
    "2011-03-31": {
        "Diluted EPS": -0.55,
        "Total Revenue": NaN,
        "Gross Profit": NaN,
        "Operating Income": -3,
        "EBIT": -3,
        "Net Income": -3
    },
    "2010-12-31": {
        "Diluted EPS": 0.0,
        "Total Revenue": NaN,
        "Gross Profit": NaN,
        "Operating Income": NaN,
        "EBIT": NaN,
        "Net Income": NaN
    },
    "2023-06-30": {
        "Tax Effect Of Unusual Items": 0.0,
        "Tax Rate For Calcs": 0.4,
        "Normalized EBITDA": -4939000.0,
        "Total Unusual Items": NaN,
        "Total Unusual Items Excluding Goodwill": NaN,
        "Net Income From Continuing Operation Net Minority Interest": -4845000.0,
        "Reconciled Depreciation": 83000.0,
        "Reconciled Cost Of Revenue": 928000.0,
        "EBIT": -5022000.0,
        "Net Interest Income": NaN,
        "Interest Expense": NaN,
        "Normalized Income": -4845000.0,
        "Net Income From Continuing And Discontinued Operation": -4845000.0,
        "Total Expenses": 7097000.0,
        "Total Operating Income As Reported": -5022000.0,
        "Diluted Average Shares": 1328000.0,
        "Basic Average Shares": 1328000.0,
        "Diluted EPS": -3.65,
        "Basic EPS": -3.65,
        "Diluted NI Availto Com Stockholders": -4845000.0,
        "Net Income Common Stockholders": -4845000.0,
        "Net Income": -4845000.0,
        "Net Income Including Noncontrolling Interests": -4845000.0,
        "Net Income Continuous Operations": -4845000.0,
        "Tax Provision": 2000.0,
        "Pretax Income": -4843000.0,
        "Other Income Expense": 179000.0,
        "Other Non Operating Income Expenses": 179000.0,
        "Gain On Sale Of Security": NaN,
        "Net Non Operating Interest Income Expense": NaN,
        "Interest Expense Non Operating": NaN,
        "Operating Income": -5022000.0,
        "Operating Expense": 6169000.0,
        "Research And Development": 1505000.0,
        "Selling General And Administration": 4664000.0,
        "Gross Profit": 1147000.0,
        "Cost Of Revenue": 928000.0,
        "Total Revenue": 2075000.0,
        "Operating Revenue": 2075000.0
    }
}