{
    "2023-03-31": {
        "Tax Effect Of Unusual Items": NaN,
        "Tax Rate For Calcs": NaN,
        "Normalized EBITDA": NaN,
        "Net Income From Continuing Operation Net Minority Interest": NaN,
        "Reconciled Depreciation": NaN,
        "Reconciled Cost Of Revenue": NaN,
        "EBITDA": NaN,
        "EBIT": NaN,
        "Net Interest Income": NaN,
        "Normalized Income": NaN,
        "Net Income From Continuing And Discontinued Operation": NaN,
        "Total Expenses": NaN,
        "Total Operating Income As Reported": NaN,
        "Diluted Average Shares": 702862.0,
        "Basic Average Shares": 702862.0,
        "Diluted EPS": -2.8,
        "Basic EPS": -2.8,
        "Diluted NI Availto Com Stockholders": NaN,
        "Net Income Common Stockholders": NaN,
        "Net Income": NaN,
        "Net Income Including Noncontrolling Interests": NaN,
        "Net Income Discontinuous Operations": NaN,
        "Net Income Continuous Operations": NaN,
        "Pretax Income": NaN,
        "Other Income Expense": NaN,
        "Other Non Operating Income Expenses": NaN,
        "Earnings From Equity Interest": NaN,
        "Net Non Operating Interest Income Expense": NaN,
        "Total Other Finance Cost": NaN,
        "Operating Income": NaN,
        "Operating Expense": NaN,
        "Gross Profit": NaN,
        "Cost Of Revenue": NaN,
        "Total Revenue": NaN,
        "Operating Revenue": NaN
    },
    "2022-12-31": {
        "Tax Effect Of Unusual Items": NaN,
        "Tax Rate For Calcs": NaN,
        "Normalized EBITDA": NaN,
        "Net Income From Continuing Operation Net Minority Interest": NaN,
        "Reconciled Depreciation": NaN,
        "Reconciled Cost Of Revenue": NaN,
        "EBITDA": NaN,
        "EBIT": NaN,
        "Net Interest Income": NaN,
        "Normalized Income": NaN,
        "Net Income From Continuing And Discontinued Operation": NaN,
        "Total Expenses": NaN,
        "Total Operating Income As Reported": NaN,
        "Diluted Average Shares": 676422.0,
        "Basic Average Shares": 676422.0,
        "Diluted EPS": -3.23,
        "Basic EPS": -3.23,
        "Diluted NI Availto Com Stockholders": NaN,
        "Net Income Common Stockholders": NaN,
        "Net Income": NaN,
        "Net Income Including Noncontrolling Interests": NaN,
        "Net Income Continuous Operations": NaN,
        "Pretax Income": NaN,
        "Other Income Expense": NaN,
        "Other Non Operating Income Expenses": NaN,
        "Earnings From Equity Interest": NaN,
        "Net Non Operating Interest Income Expense": NaN,
        "Total Other Finance Cost": NaN,
        "Operating Income": NaN,
        "Operating Expense": NaN,
        "Gross Profit": NaN,
        "Cost Of Revenue": NaN,
        "Total Revenue": NaN,
        "Operating Revenue": NaN
    },
    "2022-09-30": {
        "Tax Effect Of Unusual Items": NaN,
        "Tax Rate For Calcs": NaN,
        "Normalized EBITDA": NaN,
        "Net Income From Continuing Operation Net Minority Interest": NaN,
        "Reconciled Depreciation": NaN,
        "Reconciled Cost Of Revenue": NaN,
        "EBITDA": NaN,
        "EBIT": NaN,
        "Net Interest Income": NaN,
        "Interest Expense": -677.0,
        "Normalized Income": NaN,
        "Net Income From Continuing And Discontinued Operation": NaN,
        "Total Expenses": NaN,
        "Total Operating Income As Reported": NaN,
        "Diluted Average Shares": NaN,
        "Basic Average Shares": NaN,
        "Diluted EPS": NaN,
        "Basic EPS": NaN,
        "Diluted NI Availto Com Stockholders": NaN,
        "Net Income Common Stockholders": NaN,
        "Net Income": NaN,
        "Net Income Including Noncontrolling Interests": NaN,
        "Net Income Continuous Operations": NaN,
        "Pretax Income": NaN,
        "Other Income Expense": NaN,
        "Other Non Operating Income Expenses": NaN,
        "Earnings From Equity Interest": NaN,
        "Net Non Operating Interest Income Expense": NaN,
        "Total Other Finance Cost": NaN,
        "Interest Expense Non Operating": -677.0,
        "Operating Income": NaN,
        "Operating Expense": NaN,
        "Gross Profit": NaN,
        "Cost Of Revenue": NaN,
        "Total Revenue": NaN,
        "Operating Revenue": NaN
    },
    "2022-06-30": {
        "Tax Effect Of Unusual Items": 0.0,
        "Tax Rate For Calcs": 0.0,
        "Normalized EBITDA": -2502852.0,
        "Net Income From Continuing Operation Net Minority Interest": -2633892.0,
        "Reconciled Depreciation": 129017.0,
        "Reconciled Cost Of Revenue": 857672.0,
        "EBITDA": -2502852.0,
        "EBIT": -2631869.0,
        "Net Interest Income": -2023.0,
        "Interest Expense": 2023.0,
        "Normalized Income": -2633892.0,
        "Net Income From Continuing And Discontinued Operation": -2633892.0,
        "Total Expenses": 3404280.0,
        "Total Operating Income As Reported": -2630261.0,
        "Diluted Average Shares": 552364.0,
        "Basic Average Shares": 552364.0,
        "Diluted EPS": -4.77,
        "Basic EPS": -4.77,
        "Diluted NI Availto Com Stockholders": -2633892.0,
        "Net Income Common Stockholders": -2633892.0,
        "Net Income": -2633892.0,
        "Net Income Including Noncontrolling Interests": -2633892.0,
        "Net Income Continuous Operations": -2633892.0,
        "Pretax Income": -2633892.0,
        "Other Income Expense": -1608.0,
        "Other Non Operating Income Expenses": 311.0,
        "Earnings From Equity Interest": -1919.0,
        "Net Non Operating Interest Income Expense": -2023.0,
        "Total Other Finance Cost": NaN,
        "Interest Expense Non Operating": 2023.0,
        "Operating Income": -2630261.0,
        "Operating Expense": 2546608.0,
        "Gross Profit": -83653.0,
        "Cost Of Revenue": 857672.0,
        "Total Revenue": 774019.0,
        "Operating Revenue": 774019.0
    },
    "2022-03-31": {
        "Diluted EPS": -6.17,
        "Total Revenue": 1,
        "Gross Profit": 0,
        "Operating Income": -3,
        "EBIT": -3,
        "Net Income": -3
    },
    "2021-12-31": {
        "Diluted EPS": -5.45,
        "Total Revenue": 1,
        "Gross Profit": 0,
        "Operating Income": -3,
        "EBIT": -3,
        "Net Income": -3
    },
    "2021-09-30": {
        "Diluted EPS": -5.59,
        "Total Revenue": 0,
        "Gross Profit": 0,
        "Operating Income": -3,
        "EBIT": -3,
        "Net Income": -4
    },
    "2021-06-30": {
        "Diluted EPS": -5.94,
        "Total Revenue": 1,
        "Gross Profit": 0,
        "Operating Income": -3,
        "EBIT": -3,
        "Net Income": -3
    },
    "2021-03-31": {
        "Diluted EPS": -13.99,
        "Total Revenue": 0,
        "Gross Profit": 0,
        "Operating Income": -6,
        "EBIT": -6,
        "Net Income": -6
    },
    "2020-12-31": {
        "Diluted EPS": -13.99,
        "Total Revenue": 1,
        "Gross Profit": 0,
        "Operating Income": -6,
        "EBIT": -6,
        "Net Income": -6
    },
    "2020-09-30": {
        "Diluted EPS": -2.45,
        "Total Revenue": 0,
        "Gross Profit": 0,
        "Operating Income": -1,
        "EBIT": -1,
        "Net Income": -1
    },
    "2020-06-30": {
        "Diluted EPS": -6.29,
        "Total Revenue": 0,
        "Gross Profit": 0,
        "Operating Income": -3,
        "EBIT": -2,
        "Net Income": -3
    },
    "2020-03-31": {
        "Diluted EPS": -6.29,
        "Total Revenue": 0,
        "Gross Profit": 0,
        "Operating Income": -3,
        "EBIT": -2,
        "Net Income": -2
    },
    "2019-12-31": {
        "Diluted EPS": -8.74,
        "Total Revenue": 1,
        "Gross Profit": 0,
        "Operating Income": -3,
        "EBIT": -3,
        "Net Income": -3
    },
    "2019-09-30": {
        "Diluted EPS": 4.2,
        "Total Revenue": 0,
        "Gross Profit": 0,
        "Operating Income": 1,
        "EBIT": 2,
        "Net Income": 1
    },
    "2019-06-30": {
        "Diluted EPS": -24.48,
        "Total Revenue": 1,
        "Gross Profit": 0,
        "Operating Income": -9,
        "EBIT": -9,
        "Net Income": -9
    },
    "2019-03-31": {
        "Diluted EPS": -3.85,
        "Total Revenue": 0,
        "Gross Profit": 0,
        "Operating Income": -1,
        "EBIT": -1,
        "Net Income": -1
    },
    "2018-12-31": {
        "Diluted EPS": -6.64,
        "Total Revenue": 0,
        "Gross Profit": 0,
        "Operating Income": -3,
        "EBIT": -3,
        "Net Income": -3
    },
    "2018-09-30": {
        "Diluted EPS": -3.85,
        "Total Revenue": 0,
        "Gross Profit": 0,
        "Operating Income": -2,
        "EBIT": -2,
        "Net Income": -2
    },
    "2018-06-30": {
        "Diluted EPS": -2.1,
        "Total Revenue": 0,
        "Gross Profit": 0,
        "Operating Income": -1,
        "EBIT": -1,
        "Net Income": -1
    },
    "2018-03-31": {
        "Diluted EPS": -2.1,
        "Total Revenue": 0,
        "Gross Profit": 0,
        "Operating Income": -1,
        "EBIT": -1,
        "Net Income": -1
    },
    "2017-12-31": {
        "Diluted EPS": -2.1,
        "Total Revenue": 0,
        "Gross Profit": 0,
        "Operating Income": -1,
        "EBIT": -1,
        "Net Income": -1
    },
    "2017-09-30": {
        "Diluted EPS": -2.1,
        "Total Revenue": 0,
        "Gross Profit": 0,
        "Operating Income": -1,
        "EBIT": -1,
        "Net Income": -1
    },
    "2017-06-30": {
        "Diluted EPS": -1.05,
        "Total Revenue": 0,
        "Gross Profit": 0,
        "Operating Income": 0,
        "EBIT": 0,
        "Net Income": 0
    },
    "2017-03-31": {
        "Diluted EPS": -1.05,
        "Total Revenue": 0,
        "Gross Profit": 0,
        "Operating Income": 0,
        "EBIT": 0,
        "Net Income": 0
    },
    "2016-12-31": {
        "Diluted EPS": -1.05,
        "Total Revenue": 1,
        "Gross Profit": 0,
        "Operating Income": 0,
        "EBIT": 0,
        "Net Income": 0
    },
    "2016-09-30": {
        "Diluted EPS": -1.05,
        "Total Revenue": 0,
        "Gross Profit": 0,
        "Operating Income": 0,
        "EBIT": 0,
        "Net Income": 0
    },
    "2016-06-30": {
        "Diluted EPS": -1.05,
        "Total Revenue": 0,
        "Gross Profit": 0,
        "Operating Income": 0,
        "EBIT": 0,
        "Net Income": 0
    },
    "2016-03-31": {
        "Diluted EPS": -1.05,
        "Total Revenue": 0,
        "Gross Profit": 0,
        "Operating Income": 0,
        "EBIT": 0,
        "Net Income": 0
    },
    "2015-12-31": {
        "Diluted EPS": -1.05,
        "Total Revenue": 0,
        "Gross Profit": 0,
        "Operating Income": 0,
        "EBIT": 0,
        "Net Income": 0
    },
    "2015-09-30": {
        "Diluted EPS": -1.05,
        "Total Revenue": 0,
        "Gross Profit": 0,
        "Operating Income": 0,
        "EBIT": 0,
        "Net Income": 0
    },
    "2015-06-30": {
        "Diluted EPS": -1.05,
        "Total Revenue": 0,
        "Gross Profit": 0,
        "Operating Income": 0,
        "EBIT": 0,
        "Net Income": 0
    },
    "2015-03-31": {
        "Diluted EPS": -2.1,
        "Total Revenue": 0,
        "Gross Profit": 0,
        "Operating Income": 0,
        "EBIT": 0,
        "Net Income": 0
    },
    "2014-12-31": {
        "Diluted EPS": -1.05,
        "Total Revenue": 0,
        "Gross Profit": 0,
        "Operating Income": 0,
        "EBIT": 0,
        "Net Income": 0
    },
    "2014-09-30": {
        "Diluted EPS": -11.54,
        "Total Revenue": 0,
        "Gross Profit": 0,
        "Operating Income": 0,
        "EBIT": 0,
        "Net Income": 0
    },
    "2014-06-30": {
        "Diluted EPS": -2.1,
        "Total Revenue": 0,
        "Gross Profit": 0,
        "Operating Income": -1,
        "EBIT": -1,
        "Net Income": -1
    },
    "2014-03-31": {
        "Diluted EPS": -2.1,
        "Total Revenue": 0,
        "Gross Profit": 0,
        "Operating Income": -1,
        "EBIT": -1,
        "Net Income": -1
    },
    "2013-12-31": {
        "Diluted EPS": 5.25,
        "Total Revenue": NaN,
        "Gross Profit": NaN,
        "Operating Income": -1,
        "EBIT": -1,
        "Net Income": -1
    },
    "2013-09-30": {
        "Diluted EPS": -1.05,
        "Total Revenue": 0,
        "Gross Profit": 0,
        "Operating Income": 0,
        "EBIT": 0,
        "Net Income": -1
    },
    "2013-06-30": {
        "Diluted EPS": -1.05,
        "Total Revenue": 0,
        "Gross Profit": 0,
        "Operating Income": 0,
        "EBIT": 0,
        "Net Income": 0
    },
    "2013-03-31": {
        "Diluted EPS": -1.05,
        "Total Revenue": 0,
        "Gross Profit": 0,
        "Operating Income": 0,
        "EBIT": 0,
        "Net Income": 0
    },
    "2013-01-31": {
        "Diluted EPS": 0.0,
        "Total Revenue": NaN,
        "Gross Profit": NaN,
        "Operating Income": 0,
        "EBIT": 0,
        "Net Income": 0
    },
    "2012-12-31": {
        "Diluted EPS": -1.05,
        "Total Revenue": 0,
        "Gross Profit": 0,
        "Operating Income": 0,
        "EBIT": 0,
        "Net Income": 0
    },
    "2012-10-31": {
        "Diluted EPS": 0.0,
        "Total Revenue": NaN,
        "Gross Profit": NaN,
        "Operating Income": 0,
        "EBIT": 0,
        "Net Income": 0
    },
    "2012-09-30": {
        "Diluted EPS": 0.0,
        "Total Revenue": NaN,
        "Gross Profit": 0,
        "Operating Income": 0,
        "EBIT": 0,
        "Net Income": 0
    },
    "2012-07-31": {
        "Diluted EPS": 0.0,
        "Total Revenue": NaN,
        "Gross Profit": NaN,
        "Operating Income": NaN,
        "EBIT": NaN,
        "Net Income": NaN
    },
    "2012-06-30": {
        "Diluted EPS": 0.0,
        "Total Revenue": NaN,
        "Gross Profit": 0,
        "Operating Income": 0,
        "EBIT": 0,
        "Net Income": 0
    },
    "2012-04-30": {
        "Diluted EPS": 0.0,
        "Total Revenue": NaN,
        "Gross Profit": NaN,
        "Operating Income": 0,
        "EBIT": 0,
        "Net Income": 0
    },
    "2012-03-31": {
        "Diluted EPS": 0.0,
        "Total Revenue": NaN,
        "Gross Profit": NaN,
        "Operating Income": 0,
        "EBIT": 0,
        "Net Income": 0
    },
    "2012-01-31": {
        "Diluted EPS": 0.0,
        "Total Revenue": NaN,
        "Gross Profit": NaN,
        "Operating Income": 0,
        "EBIT": 0,
        "Net Income": 0
    },
    "2011-12-31": {
        "Diluted EPS": 0.0,
        "Total Revenue": NaN,
        "Gross Profit": NaN,
        "Operating Income": 0,
        "EBIT": 0,
        "Net Income": 0
    },
    "2011-10-31": {
        "Diluted EPS": 0.0,
        "Total Revenue": NaN,
        "Gross Profit": NaN,
        "Operating Income": 0,
        "EBIT": 0,
        "Net Income": 0
    },
    "2011-09-30": {
        "Diluted EPS": 0.0,
        "Total Revenue": NaN,
        "Gross Profit": NaN,
        "Operating Income": NaN,
        "EBIT": NaN,
        "Net Income": NaN
    },
    "2011-07-31": {
        "Diluted EPS": 0.0,
        "Total Revenue": NaN,
        "Gross Profit": NaN,
        "Operating Income": NaN,
        "EBIT": NaN,
        "Net Income": NaN
    },
    "2011-06-30": {
        "Diluted EPS": 0.0,
        "Total Revenue": NaN,
        "Gross Profit": NaN,
        "Operating Income": NaN,
        "EBIT": NaN,
        "Net Income": NaN
    },
    "2023-06-30": {
        "Tax Effect Of Unusual Items": 0.0,
        "Tax Rate For Calcs": 0.0,
        "Normalized EBITDA": -1813362.0,
        "Net Income From Continuing Operation Net Minority Interest": -1886290.0,
        "Reconciled Depreciation": 63358.0,
        "Reconciled Cost Of Revenue": 262474.0,
        "EBITDA": -1813362.0,
        "EBIT": -1876720.0,
        "Net Interest Income": 3298.0,
        "Normalized Income": -1886290.0,
        "Net Income From Continuing And Discontinued Operation": -2025337.0,
        "Total Expenses": 2144743.0,
        "Total Operating Income As Reported": -1876720.0,
        "Diluted Average Shares": 770063.0,
        "Basic Average Shares": 770063.0,
        "Diluted EPS": -2.63,
        "Basic EPS": -2.63,
        "Diluted NI Availto Com Stockholders": -2025337.0,
        "Net Income Common Stockholders": -2025337.0,
        "Net Income": -2025337.0,
        "Net Income Including Noncontrolling Interests": -2025337.0,
        "Net Income Discontinuous Operations": -139047.0,
        "Net Income Continuous Operations": -1886290.0,
        "Pretax Income": -1886290.0,
        "Other Income Expense": -12868.0,
        "Other Non Operating Income Expenses": -11015.0,
        "Earnings From Equity Interest": -1853.0,
        "Net Non Operating Interest Income Expense": 3298.0,
        "Total Other Finance Cost": -3298.0,
        "Operating Income": -1876720.0,
        "Operating Expense": 1882269.0,
        "Gross Profit": 5549.0,
        "Cost Of Revenue": 262474.0,
        "Total Revenue": 268023.0,
        "Operating Revenue": 268023.0
    },
    "2023-09-30": {
        "Tax Effect Of Unusual Items": 0.0,
        "Tax Rate For Calcs": 0.0,
        "Normalized EBITDA": -2668567.0,
        "Net Income From Continuing Operation Net Minority Interest": -2573051.0,
        "Reconciled Depreciation": 39321.0,
        "Reconciled Cost Of Revenue": 938207.0,
        "EBITDA": -2668567.0,
        "EBIT": -2707888.0,
        "Net Interest Income": -351.0,
        "Normalized Income": -2573051.0,
        "Net Income From Continuing And Discontinued Operation": -2573051.0,
        "Total Expenses": 3490598.0,
        "Total Operating Income As Reported": -2707888.0,
        "Diluted Average Shares": NaN,
        "Basic Average Shares": NaN,
        "Diluted EPS": NaN,
        "Basic EPS": NaN,
        "Diluted NI Availto Com Stockholders": -2573051.0,
        "Net Income Common Stockholders": -2573051.0,
        "Net Income": -2573051.0,
        "Net Income Including Noncontrolling Interests": -2573051.0,
        "Net Income Discontinuous Operations": NaN,
        "Net Income Continuous Operations": -2573051.0,
        "Pretax Income": -2573051.0,
        "Other Income Expense": 135188.0,
        "Other Non Operating Income Expenses": 137213.0,
        "Earnings From Equity Interest": -2025.0,
        "Net Non Operating Interest Income Expense": -351.0,
        "Total Other Finance Cost": 351.0,
        "Operating Income": -2707888.0,
        "Operating Expense": 2552391.0,
        "Gross Profit": -155497.0,
        "Cost Of Revenue": 938207.0,
        "Total Revenue": 782710.0,
        "Operating Revenue": 782710.0
    },
    "2023-12-31": {
        "Tax Effect Of Unusual Items": 0.0,
        "Tax Rate For Calcs": 0.0,
        "Normalized EBITDA": -2102975.0,
        "Net Income From Continuing Operation Net Minority Interest": -2148611.0,
        "Reconciled Depreciation": 39980.0,
        "Reconciled Cost Of Revenue": 1178707.0,
        "EBITDA": -2102975.0,
        "EBIT": -2142955.0,
        "Net Interest Income": -516.0,
        "Normalized Income": -2148611.0,
        "Net Income From Continuing And Discontinued Operation": -2148611.0,
        "Total Expenses": 3496941.0,
        "Total Operating Income As Reported": -2142955.0,
        "Diluted Average Shares": 1168221.0,
        "Basic Average Shares": 1168221.0,
        "Diluted EPS": -1.84,
        "Basic EPS": -1.84,
        "Diluted NI Availto Com Stockholders": -2148611.0,
        "Net Income Common Stockholders": -2148611.0,
        "Net Income": -2148611.0,
        "Net Income Including Noncontrolling Interests": -2148611.0,
        "Net Income Discontinuous Operations": NaN,
        "Net Income Continuous Operations": -2148611.0,
        "Pretax Income": -2148611.0,
        "Other Income Expense": -5140.0,
        "Other Non Operating Income Expenses": -3089.0,
        "Earnings From Equity Interest": -2051.0,
        "Net Non Operating Interest Income Expense": -516.0,
        "Total Other Finance Cost": 516.0,
        "Operating Income": -2142955.0,
        "Operating Expense": 2318234.0,
        "Gross Profit": 175279.0,
        "Cost Of Revenue": 1178707.0,
        "Total Revenue": 1353986.0,
        "Operating Revenue": 1353986.0
    },
    "2024-03-31": {
        "Tax Effect Of Unusual Items": 0.0,
        "Tax Rate For Calcs": 0.0,
        "Normalized EBITDA": -1542543.0,
        "Net Income From Continuing Operation Net Minority Interest": -1653931.0,
        "Reconciled Depreciation": 68209.0,
        "Reconciled Cost Of Revenue": 751990.0,
        "EBITDA": -1542543.0,
        "EBIT": -1610752.0,
        "Net Interest Income": -482.0,
        "Normalized Income": -1653931.0,
        "Net Income From Continuing And Discontinued Operation": -1653931.0,
        "Total Expenses": 2216513.0,
        "Total Operating Income As Reported": -1610752.0,
        "Diluted Average Shares": 1295445.0,
        "Basic Average Shares": 1295445.0,
        "Diluted EPS": -1.28,
        "Basic EPS": -1.28,
        "Diluted NI Availto Com Stockholders": -1653931.0,
        "Net Income Common Stockholders": -1653931.0,
        "Net Income": -1653931.0,
        "Net Income Including Noncontrolling Interests": -1653931.0,
        "Net Income Discontinuous Operations": NaN,
        "Net Income Continuous Operations": -1653931.0,
        "Pretax Income": -1653931.0,
        "Other Income Expense": -42697.0,
        "Other Non Operating Income Expenses": -42625.0,
        "Earnings From Equity Interest": -72.0,
        "Net Non Operating Interest Income Expense": -482.0,
        "Total Other Finance Cost": 482.0,
        "Operating Income": -1610752.0,
        "Operating Expense": 1464523.0,
        "Gross Profit": -146229.0,
        "Cost Of Revenue": 751990.0,
        "Total Revenue": 605761.0,
        "Operating Revenue": 605761.0
    },
    "2024-06-30": {
        "Tax Effect Of Unusual Items": 0.0,
        "Tax Rate For Calcs": 0.0,
        "Normalized EBITDA": -1447666.0,
        "Net Income From Continuing Operation Net Minority Interest": -1192434.0,
        "Reconciled Depreciation": 33918.0,
        "Reconciled Cost Of Revenue": 513101.0,
        "EBITDA": -1447666.0,
        "EBIT": -1481584.0,
        "Net Interest Income": -109.0,
        "Normalized Income": -1192434.0,
        "Net Income From Continuing And Discontinued Operation": -1440197.0,
        "Total Expenses": 1848472.0,
        "Total Operating Income As Reported": -1481584.0,
        "Diluted Average Shares": 1561410.0,
        "Basic Average Shares": 1561410.0,
        "Diluted EPS": -0.92,
        "Basic EPS": -0.92,
        "Diluted NI Availto Com Stockholders": -1440197.0,
        "Net Income Common Stockholders": -1440197.0,
        "Net Income": -1440197.0,
        "Net Income Including Noncontrolling Interests": -1440197.0,
        "Net Income Discontinuous Operations": -247763.0,
        "Net Income Continuous Operations": -1192434.0,
        "Pretax Income": -1192434.0,
        "Other Income Expense": 289259.0,
        "Other Non Operating Income Expenses": 290925.0,
        "Earnings From Equity Interest": -1666.0,
        "Net Non Operating Interest Income Expense": -109.0,
        "Total Other Finance Cost": 109.0,
        "Operating Income": -1481584.0,
        "Operating Expense": 1335371.0,
        "Gross Profit": -146213.0,
        "Cost Of Revenue": 513101.0,
        "Total Revenue": 366888.0,
        "Operating Revenue": 366888.0
    }
}