{
    "2023-03-31": {
        "Tax Effect Of Unusual Items": 0.0,
        "Tax Rate For Calcs": 0.21,
        "Normalized EBITDA": -279363000.0,
        "Net Income From Continuing Operation Net Minority Interest": -293905000.0,
        "Reconciled Depreciation": 9043000.0,
        "Reconciled Cost Of Revenue": 34086000.0,
        "EBITDA": -279363000.0,
        "EBIT": -288406000.0,
        "Net Interest Income": -4316000.0,
        "Interest Expense": 4316000.0,
        "Normalized Income": -293905000.0,
        "Net Income From Continuing And Discontinued Operation": -293905000.0,
        "Total Expenses": 306340000.0,
        "Total Operating Income As Reported": -312768000.0,
        "Diluted Average Shares": 86158000.0,
        "Basic Average Shares": 86158000.0,
        "Diluted EPS": -3.41,
        "Basic EPS": -3.41,
        "Diluted NI Availto Com Stockholders": -293905000.0,
        "Average Dilution Earnings": 0.0,
        "Net Income Common Stockholders": -293905000.0,
        "Net Income": -293905000.0,
        "Net Income Including Noncontrolling Interests": -293905000.0,
        "Net Income Continuous Operations": -293905000.0,
        "Tax Provision": 1183000.0,
        "Pretax Income": -292722000.0,
        "Other Income Expense": 24362000.0,
        "Other Non Operating Income Expenses": 24362000.0,
        "Net Non Operating Interest Income Expense": -4316000.0,
        "Interest Expense Non Operating": 4316000.0,
        "Operating Income": -312768000.0,
        "Operating Expense": 272254000.0,
        "Other Operating Expenses": -87379000.0,
        "Research And Development": 247101000.0,
        "Selling General And Administration": 112532000.0,
        "Gross Profit": -40514000.0,
        "Cost Of Revenue": 34086000.0,
        "Total Revenue": -6428000.0,
        "Operating Revenue": -6428000.0
    },
    "2022-12-31": {
        "Tax Effect Of Unusual Items": 0.0,
        "Tax Rate For Calcs": 0.012249,
        "Normalized EBITDA": -172686000.0,
        "Net Income From Continuing Operation Net Minority Interest": -182249000.0,
        "Reconciled Depreciation": 7222000.0,
        "Reconciled Cost Of Revenue": 181765000.0,
        "EBITDA": -172686000.0,
        "EBIT": -179908000.0,
        "Net Interest Income": -4601000.0,
        "Interest Expense": 4601000.0,
        "Normalized Income": -182249000.0,
        "Net Income From Continuing And Discontinued Operation": -182249000.0,
        "Total Expenses": 601278000.0,
        "Total Operating Income As Reported": -243879000.0,
        "Diluted Average Shares": 79822000.0,
        "Basic Average Shares": 79822000.0,
        "Diluted EPS": -2.28,
        "Basic EPS": -2.28,
        "Diluted NI Availto Com Stockholders": -182249000.0,
        "Average Dilution Earnings": NaN,
        "Net Income Common Stockholders": -182249000.0,
        "Net Income": -182249000.0,
        "Net Income Including Noncontrolling Interests": -182249000.0,
        "Net Income Continuous Operations": -182249000.0,
        "Tax Provision": -2260000.0,
        "Pretax Income": -184509000.0,
        "Other Income Expense": 63971000.0,
        "Other Non Operating Income Expenses": 63971000.0,
        "Net Non Operating Interest Income Expense": -4601000.0,
        "Interest Expense Non Operating": 4601000.0,
        "Operating Income": -243879000.0,
        "Operating Expense": 419513000.0,
        "Other Operating Expenses": NaN,
        "Research And Development": 257850000.0,
        "Selling General And Administration": 161663000.0,
        "Gross Profit": 175634000.0,
        "Cost Of Revenue": 181765000.0,
        "Total Revenue": 357399000.0,
        "Operating Revenue": 357399000.0
    },
    "2022-09-30": {
        "Tax Effect Of Unusual Items": 0.0,
        "Tax Rate For Calcs": 0.4,
        "Normalized EBITDA": -153625000.0,
        "Net Income From Continuing Operation Net Minority Interest": -168613000.0,
        "Reconciled Depreciation": 8347000.0,
        "Reconciled Cost Of Revenue": 434593000.0,
        "EBITDA": -153625000.0,
        "EBIT": -161972000.0,
        "Net Interest Income": -4169000.0,
        "Interest Expense": 4169000.0,
        "Normalized Income": -168613000.0,
        "Net Income From Continuing And Discontinued Operation": -168613000.0,
        "Total Expenses": 861766000.0,
        "Total Operating Income As Reported": -127189000.0,
        "Diluted Average Shares": 78274000.0,
        "Basic Average Shares": 78274000.0,
        "Diluted EPS": -2.15,
        "Basic EPS": -2.15,
        "Diluted NI Availto Com Stockholders": -168613000.0,
        "Average Dilution Earnings": NaN,
        "Net Income Common Stockholders": -168613000.0,
        "Net Income": -168613000.0,
        "Net Income Including Noncontrolling Interests": -168613000.0,
        "Net Income Continuous Operations": -168613000.0,
        "Tax Provision": 2472000.0,
        "Pretax Income": -166141000.0,
        "Other Income Expense": -34783000.0,
        "Other Non Operating Income Expenses": -34783000.0,
        "Net Non Operating Interest Income Expense": -4169000.0,
        "Interest Expense Non Operating": 4169000.0,
        "Operating Income": -127189000.0,
        "Operating Expense": 427173000.0,
        "Other Operating Expenses": -106273000.0,
        "Research And Development": 304297000.0,
        "Selling General And Administration": 122876000.0,
        "Gross Profit": 299984000.0,
        "Cost Of Revenue": 434593000.0,
        "Total Revenue": 734577000.0,
        "Operating Revenue": 734577000.0
    },
    "2022-06-30": {
        "Tax Effect Of Unusual Items": 0.0,
        "Tax Rate For Calcs": 0.4,
        "Normalized EBITDA": -496113000.0,
        "Net Income From Continuing Operation Net Minority Interest": -510485000.0,
        "Reconciled Depreciation": 6720000.0,
        "Reconciled Cost Of Revenue": 271077000.0,
        "EBITDA": -496113000.0,
        "EBIT": -502833000.0,
        "Net Interest Income": -6234000.0,
        "Interest Expense": 6234000.0,
        "Normalized Income": -510485000.0,
        "Net Income From Continuing And Discontinued Operation": -510485000.0,
        "Total Expenses": 668885000.0,
        "Total Operating Income As Reported": -482960000.0,
        "Diluted Average Shares": 78143000.0,
        "Basic Average Shares": 78143000.0,
        "Diluted EPS": -6.53,
        "Basic EPS": -6.53,
        "Diluted NI Availto Com Stockholders": -510485000.0,
        "Average Dilution Earnings": NaN,
        "Net Income Common Stockholders": -510485000.0,
        "Net Income": -510485000.0,
        "Net Income Including Noncontrolling Interests": -510485000.0,
        "Net Income Continuous Operations": -510485000.0,
        "Tax Provision": 1418000.0,
        "Pretax Income": -509067000.0,
        "Other Income Expense": -19873000.0,
        "Other Non Operating Income Expenses": -19873000.0,
        "Net Non Operating Interest Income Expense": -6234000.0,
        "Interest Expense Non Operating": 6234000.0,
        "Operating Income": -482960000.0,
        "Operating Expense": 397808000.0,
        "Other Operating Expenses": -107774000.0,
        "Research And Development": 289648000.0,
        "Selling General And Administration": 108160000.0,
        "Gross Profit": -85152000.0,
        "Cost Of Revenue": 271077000.0,
        "Total Revenue": 185925000.0,
        "Operating Revenue": 185925000.0
    },
    "2022-03-31": {
        "Diluted EPS": 2.56,
        "Total Revenue": 704,
        "Gross Profit": 689,
        "Operating Income": 209,
        "EBIT": 216,
        "Net Income": 203
    },
    "2021-12-31": {
        "Diluted EPS": -11.33,
        "Total Revenue": 222,
        "Gross Profit": 222,
        "Operating Income": -825,
        "EBIT": -821,
        "Net Income": -846
    },
    "2021-09-30": {
        "Diluted EPS": -4.31,
        "Total Revenue": 179,
        "Gross Profit": 179,
        "Operating Income": -307,
        "EBIT": -303,
        "Net Income": -322
    },
    "2021-06-30": {
        "Diluted EPS": -4.75,
        "Total Revenue": 298,
        "Gross Profit": 298,
        "Operating Income": -346,
        "EBIT": -343,
        "Net Income": -352
    },
    "2021-03-31": {
        "Diluted EPS": -3.05,
        "Total Revenue": 447,
        "Gross Profit": 447,
        "Operating Income": -209,
        "EBIT": -206,
        "Net Income": -223
    },
    "2020-12-31": {
        "Diluted EPS": -3.18,
        "Total Revenue": 280,
        "Gross Profit": 280,
        "Operating Income": -183,
        "EBIT": -181,
        "Net Income": -178
    },
    "2020-09-30": {
        "Diluted EPS": -3.21,
        "Total Revenue": 157,
        "Gross Profit": 157,
        "Operating Income": -194,
        "EBIT": -193,
        "Net Income": -197
    },
    "2020-06-30": {
        "Diluted EPS": -0.3,
        "Total Revenue": 36,
        "Gross Profit": 36,
        "Operating Income": -17,
        "EBIT": -16,
        "Net Income": -18
    },
    "2020-03-31": {
        "Diluted EPS": -0.58,
        "Total Revenue": 3,
        "Gross Profit": 3,
        "Operating Income": -23,
        "EBIT": -22,
        "Net Income": -26
    },
    "2019-12-31": {
        "Diluted EPS": -0.97,
        "Total Revenue": 9,
        "Gross Profit": 9,
        "Operating Income": -29,
        "EBIT": -29,
        "Net Income": -32
    },
    "2019-09-30": {
        "Diluted EPS": -0.74,
        "Total Revenue": 3,
        "Gross Profit": 3,
        "Operating Income": -15,
        "EBIT": -14,
        "Net Income": -18
    },
    "2019-06-30": {
        "Diluted EPS": -1.69,
        "Total Revenue": 3,
        "Gross Profit": 3,
        "Operating Income": -37,
        "EBIT": -34,
        "Net Income": -40
    },
    "2019-03-31": {
        "Diluted EPS": -2.11,
        "Total Revenue": 4,
        "Gross Profit": 4,
        "Operating Income": -40,
        "EBIT": -38,
        "Net Income": -43
    },
    "2018-12-31": {
        "Diluted EPS": -2.49,
        "Total Revenue": 6,
        "Gross Profit": 6,
        "Operating Income": -47,
        "EBIT": -44,
        "Net Income": -49
    },
    "2018-09-30": {
        "Diluted EPS": -2.33,
        "Total Revenue": 8,
        "Gross Profit": 8,
        "Operating Income": -42,
        "EBIT": -40,
        "Net Income": -45
    },
    "2018-06-30": {
        "Diluted EPS": -2.37,
        "Total Revenue": 11,
        "Gross Profit": 11,
        "Operating Income": -42,
        "EBIT": -40,
        "Net Income": -44
    },
    "2018-03-31": {
        "Diluted EPS": -2.8,
        "Total Revenue": 10,
        "Gross Profit": 10,
        "Operating Income": -44,
        "EBIT": -41,
        "Net Income": -46
    },
    "2017-12-31": {
        "Diluted EPS": -3.16,
        "Total Revenue": 10,
        "Gross Profit": 10,
        "Operating Income": -48,
        "EBIT": -45,
        "Net Income": -51
    },
    "2017-09-30": {
        "Diluted EPS": -3.0,
        "Total Revenue": 8,
        "Gross Profit": 8,
        "Operating Income": -42,
        "EBIT": -38,
        "Net Income": -45
    },
    "2017-06-30": {
        "Diluted EPS": -3.2,
        "Total Revenue": 7,
        "Gross Profit": 7,
        "Operating Income": -41,
        "EBIT": -39,
        "Net Income": -44
    },
    "2017-03-31": {
        "Diluted EPS": -3.2,
        "Total Revenue": 6,
        "Gross Profit": 6,
        "Operating Income": -41,
        "EBIT": -38,
        "Net Income": -44
    },
    "2016-12-31": {
        "Diluted EPS": -4.2,
        "Total Revenue": 5,
        "Gross Profit": 5,
        "Operating Income": -54,
        "EBIT": -51,
        "Net Income": -57
    },
    "2016-09-30": {
        "Diluted EPS": -4.8,
        "Total Revenue": 3,
        "Gross Profit": 3,
        "Operating Income": -63,
        "EBIT": -61,
        "Net Income": -66
    },
    "2016-06-30": {
        "Diluted EPS": -5.8,
        "Total Revenue": 3,
        "Gross Profit": 3,
        "Operating Income": -76,
        "EBIT": -74,
        "Net Income": -79
    },
    "2016-03-31": {
        "Diluted EPS": -5.8,
        "Total Revenue": 4,
        "Gross Profit": 4,
        "Operating Income": -75,
        "EBIT": -73,
        "Net Income": -77
    },
    "2015-12-31": {
        "Diluted EPS": -6.0,
        "Total Revenue": 6,
        "Gross Profit": 6,
        "Operating Income": -79,
        "EBIT": -78,
        "Net Income": -79
    },
    "2015-09-30": {
        "Diluted EPS": -2.4,
        "Total Revenue": 7,
        "Gross Profit": 7,
        "Operating Income": -33,
        "EBIT": -31,
        "Net Income": -33
    },
    "2015-06-30": {
        "Diluted EPS": -1.6,
        "Total Revenue": 14,
        "Gross Profit": 14,
        "Operating Income": -21,
        "EBIT": -19,
        "Net Income": -21
    },
    "2015-03-31": {
        "Diluted EPS": -2.0,
        "Total Revenue": 10,
        "Gross Profit": 10,
        "Operating Income": -24,
        "EBIT": -23,
        "Net Income": -24
    },
    "2014-12-31": {
        "Diluted EPS": -2.8,
        "Total Revenue": 7,
        "Gross Profit": 7,
        "Operating Income": -32,
        "EBIT": -30,
        "Net Income": -32
    },
    "2014-09-30": {
        "Diluted EPS": -1.6,
        "Total Revenue": 8,
        "Gross Profit": 4,
        "Operating Income": -20,
        "EBIT": -19,
        "Net Income": -20
    },
    "2014-06-30": {
        "Diluted EPS": -1.6,
        "Total Revenue": 8,
        "Gross Profit": 3,
        "Operating Income": -18,
        "EBIT": -17,
        "Net Income": -18
    },
    "2014-03-31": {
        "Diluted EPS": -1.4,
        "Total Revenue": 7,
        "Gross Profit": 4,
        "Operating Income": -14,
        "EBIT": -13,
        "Net Income": -14
    },
    "2013-12-31": {
        "Diluted EPS": -1.4,
        "Total Revenue": 9,
        "Gross Profit": 9,
        "Operating Income": -14,
        "EBIT": -13,
        "Net Income": -14
    },
    "2013-09-30": {
        "Diluted EPS": -1.8,
        "Total Revenue": 5,
        "Gross Profit": 3,
        "Operating Income": -15,
        "EBIT": -15,
        "Net Income": -15
    },
    "2013-06-30": {
        "Diluted EPS": -1.6,
        "Total Revenue": 4,
        "Gross Profit": 2,
        "Operating Income": -13,
        "EBIT": -12,
        "Net Income": -13
    },
    "2013-03-31": {
        "Diluted EPS": -1.4,
        "Total Revenue": 4,
        "Gross Profit": 2,
        "Operating Income": -10,
        "EBIT": -9,
        "Net Income": -10
    },
    "2012-12-31": {
        "Diluted EPS": -1.2,
        "Total Revenue": 5,
        "Gross Profit": 3,
        "Operating Income": -9,
        "EBIT": -9,
        "Net Income": -8
    },
    "2012-09-30": {
        "Diluted EPS": -1.0,
        "Total Revenue": 6,
        "Gross Profit": 2,
        "Operating Income": -7,
        "EBIT": -6,
        "Net Income": -7
    },
    "2012-06-30": {
        "Diluted EPS": -1.0,
        "Total Revenue": 7,
        "Gross Profit": 2,
        "Operating Income": -6,
        "EBIT": -5,
        "Net Income": -6
    },
    "2012-03-31": {
        "Diluted EPS": -1.2,
        "Total Revenue": 5,
        "Gross Profit": 1,
        "Operating Income": -7,
        "EBIT": -7,
        "Net Income": -7
    },
    "2011-12-31": {
        "Diluted EPS": -0.6,
        "Total Revenue": 6,
        "Gross Profit": 3,
        "Operating Income": -4,
        "EBIT": -4,
        "Net Income": -4
    },
    "2011-09-30": {
        "Diluted EPS": -0.6,
        "Total Revenue": 5,
        "Gross Profit": 3,
        "Operating Income": -4,
        "EBIT": -3,
        "Net Income": -3
    },
    "2011-06-30": {
        "Diluted EPS": -0.8,
        "Total Revenue": 3,
        "Gross Profit": 2,
        "Operating Income": -6,
        "EBIT": -5,
        "Net Income": -5
    },
    "2011-03-31": {
        "Diluted EPS": -1.4,
        "Total Revenue": 1,
        "Gross Profit": 0,
        "Operating Income": -7,
        "EBIT": -7,
        "Net Income": -7
    },
    "2010-12-31": {
        "Diluted EPS": -1.0,
        "Total Revenue": 0,
        "Gross Profit": 0,
        "Operating Income": -7,
        "EBIT": -7,
        "Net Income": -6
    },
    "2010-09-30": {
        "Diluted EPS": -2.0,
        "Total Revenue": 0,
        "Gross Profit": 0,
        "Operating Income": -11,
        "EBIT": -10,
        "Net Income": -10
    },
    "2010-06-30": {
        "Diluted EPS": -1.8,
        "Total Revenue": 0,
        "Gross Profit": 0,
        "Operating Income": -9,
        "EBIT": -9,
        "Net Income": -9
    },
    "2010-03-31": {
        "Diluted EPS": -2.0,
        "Total Revenue": 0,
        "Gross Profit": 0,
        "Operating Income": -11,
        "EBIT": -11,
        "Net Income": -10
    },
    "2009-12-31": {
        "Diluted EPS": -3.4,
        "Total Revenue": 0,
        "Gross Profit": 0,
        "Operating Income": -14,
        "EBIT": -14,
        "Net Income": -16
    },
    "2009-09-30": {
        "Diluted EPS": -1.6,
        "Total Revenue": 0,
        "Gross Profit": 0,
        "Operating Income": -8,
        "EBIT": -8,
        "Net Income": -8
    },
    "2009-06-30": {
        "Diluted EPS": -2.0,
        "Total Revenue": 0,
        "Gross Profit": 0,
        "Operating Income": -8,
        "EBIT": -7,
        "Net Income": -9
    },
    "2009-03-31": {
        "Diluted EPS": -2.4,
        "Total Revenue": 0,
        "Gross Profit": 0,
        "Operating Income": -7,
        "EBIT": -7,
        "Net Income": -8
    },
    "2023-06-30": {
        "Tax Effect Of Unusual Items": 0.0,
        "Tax Rate For Calcs": 0.21,
        "Normalized EBITDA": 71056000.0,
        "Net Income From Continuing Operation Net Minority Interest": 58008000.0,
        "Reconciled Depreciation": 10067000.0,
        "Reconciled Cost Of Revenue": 55777000.0,
        "EBITDA": 71056000.0,
        "EBIT": 60989000.0,
        "Net Interest Income": -3124000.0,
        "Interest Expense": 3124000.0,
        "Normalized Income": 58008000.0,
        "Net Income From Continuing And Discontinued Operation": 58008000.0,
        "Total Expenses": 368969000.0,
        "Total Operating Income As Reported": 55457000.0,
        "Diluted Average Shares": 104065000.0,
        "Basic Average Shares": 89362000.0,
        "Diluted EPS": 0.58,
        "Basic EPS": 0.65,
        "Diluted NI Availto Com Stockholders": 60590000.0,
        "Average Dilution Earnings": 2582000.0,
        "Net Income Common Stockholders": 58008000.0,
        "Net Income": 58008000.0,
        "Net Income Including Noncontrolling Interests": 58008000.0,
        "Net Income Continuous Operations": 58008000.0,
        "Tax Provision": -143000.0,
        "Pretax Income": 57865000.0,
        "Other Income Expense": 5532000.0,
        "Other Non Operating Income Expenses": 5532000.0,
        "Net Non Operating Interest Income Expense": -3124000.0,
        "Interest Expense Non Operating": 3124000.0,
        "Operating Income": 55457000.0,
        "Operating Expense": 313192000.0,
        "Other Operating Expenses": NaN,
        "Research And Development": 219475000.0,
        "Selling General And Administration": 93717000.0,
        "Gross Profit": 368649000.0,
        "Cost Of Revenue": 55777000.0,
        "Total Revenue": 424426000.0,
        "Operating Revenue": 424426000.0
    },
    "2023-09-30": {
        "Tax Effect Of Unusual Items": 0.0,
        "Tax Rate For Calcs": 0.005301,
        "Normalized EBITDA": -117293000.0,
        "Net Income From Continuing Operation Net Minority Interest": -130776000.0,
        "Reconciled Depreciation": 11321000.0,
        "Reconciled Cost Of Revenue": 98929000.0,
        "EBITDA": -117293000.0,
        "EBIT": -128614000.0,
        "Net Interest Income": -2859000.0,
        "Interest Expense": 2859000.0,
        "Normalized Income": -130776000.0,
        "Net Income From Continuing And Discontinued Operation": -130776000.0,
        "Total Expenses": 147696000.0,
        "Total Operating Income As Reported": -125632000.0,
        "Diluted Average Shares": 103429000.0,
        "Basic Average Shares": 103429000.0,
        "Diluted EPS": -1.26,
        "Basic EPS": -1.26,
        "Diluted NI Availto Com Stockholders": -130776000.0,
        "Average Dilution Earnings": NaN,
        "Net Income Common Stockholders": -130776000.0,
        "Net Income": -130776000.0,
        "Net Income Including Noncontrolling Interests": -130776000.0,
        "Net Income Continuous Operations": -130776000.0,
        "Tax Provision": -697000.0,
        "Pretax Income": -131473000.0,
        "Other Income Expense": -2982000.0,
        "Other Non Operating Income Expenses": -2982000.0,
        "Net Non Operating Interest Income Expense": -2859000.0,
        "Interest Expense Non Operating": 2859000.0,
        "Operating Income": -125632000.0,
        "Operating Expense": 48767000.0,
        "Other Operating Expenses": -164922000.0,
        "Research And Development": 106229000.0,
        "Selling General And Administration": 107460000.0,
        "Gross Profit": -76865000.0,
        "Cost Of Revenue": 98929000.0,
        "Total Revenue": 22064000.0,
        "Operating Revenue": 22064000.0
    }
}