{
    "2023-06-30": {
        "Tax Effect Of Unusual Items": NaN,
        "Tax Rate For Calcs": NaN,
        "Normalized EBITDA": NaN,
        "Total Unusual Items": -212440.0,
        "Total Unusual Items Excluding Goodwill": -212440.0,
        "Net Income From Continuing Operation Net Minority Interest": NaN,
        "Reconciled Depreciation": NaN,
        "Reconciled Cost Of Revenue": NaN,
        "EBITDA": NaN,
        "EBIT": NaN,
        "Net Interest Income": NaN,
        "Interest Income": NaN,
        "Normalized Income": NaN,
        "Net Income From Continuing And Discontinued Operation": NaN,
        "Total Expenses": NaN,
        "Total Operating Income As Reported": NaN,
        "Diluted Average Shares": NaN,
        "Basic Average Shares": NaN,
        "Diluted EPS": NaN,
        "Basic EPS": NaN,
        "Diluted NI Availto Com Stockholders": NaN,
        "Net Income Common Stockholders": NaN,
        "Net Income": NaN,
        "Net Income Including Noncontrolling Interests": NaN,
        "Net Income Continuous Operations": NaN,
        "Tax Provision": NaN,
        "Pretax Income": NaN,
        "Other Income Expense": -212440.0,
        "Special Income Charges": -212440.0,
        "Write Off": 212440.0,
        "Net Non Operating Interest Income Expense": NaN,
        "Interest Income Non Operating": NaN,
        "Operating Income": NaN,
        "Operating Expense": NaN,
        "Provision For Doubtful Accounts": 212440.0,
        "Research And Development": NaN,
        "Selling General And Administration": NaN,
        "Gross Profit": NaN,
        "Cost Of Revenue": NaN,
        "Total Revenue": NaN,
        "Operating Revenue": NaN
    },
    "2023-03-31": {
        "Tax Effect Of Unusual Items": 0.0,
        "Tax Rate For Calcs": 0.115939,
        "Normalized EBITDA": 8973998.0,
        "Net Income From Continuing Operation Net Minority Interest": 8232644.0,
        "Reconciled Depreciation": 69825.0,
        "Reconciled Cost Of Revenue": 2529311.0,
        "EBITDA": 8973998.0,
        "EBIT": 8904173.0,
        "Net Interest Income": 408127.0,
        "Interest Income": 408127.0,
        "Normalized Income": 8232644.0,
        "Net Income From Continuing And Discontinued Operation": 8232644.0,
        "Total Expenses": 3893510.0,
        "Total Operating Income As Reported": 8904173.0,
        "Diluted Average Shares": 4836365.0,
        "Basic Average Shares": 4830826.0,
        "Diluted EPS": 1.7,
        "Basic EPS": 1.7,
        "Diluted NI Availto Com Stockholders": 8232644.0,
        "Net Income Common Stockholders": 8232644.0,
        "Net Income": 8232644.0,
        "Net Income Including Noncontrolling Interests": 8232644.0,
        "Net Income Continuous Operations": 8232644.0,
        "Tax Provision": 1079656.0,
        "Pretax Income": 9312300.0,
        "Net Non Operating Interest Income Expense": 408127.0,
        "Interest Income Non Operating": 408127.0,
        "Operating Income": 8904173.0,
        "Operating Expense": 1364199.0,
        "Provision For Doubtful Accounts": NaN,
        "Research And Development": 611489.0,
        "Selling General And Administration": 752710.0,
        "Gross Profit": 10268372.0,
        "Cost Of Revenue": 2529311.0,
        "Total Revenue": 12797683.0,
        "Operating Revenue": 12797683.0
    },
    "2022-12-31": {
        "Tax Effect Of Unusual Items": 0.0,
        "Tax Rate For Calcs": 0.19,
        "Normalized EBITDA": 4848178.0,
        "Net Income From Continuing Operation Net Minority Interest": 4231324.0,
        "Reconciled Depreciation": 28930.0,
        "Reconciled Cost Of Revenue": 1478372.0,
        "EBITDA": 4848178.0,
        "EBIT": 4819248.0,
        "Net Interest Income": 406092.0,
        "Interest Income": 406092.0,
        "Normalized Income": 4231324.0,
        "Net Income From Continuing And Discontinued Operation": 4231324.0,
        "Total Expenses": 2582430.0,
        "Total Operating Income As Reported": 4819248.0,
        "Diluted Average Shares": 4832368.0,
        "Basic Average Shares": 4830826.0,
        "Diluted EPS": 0.88,
        "Basic EPS": 0.88,
        "Diluted NI Availto Com Stockholders": 4231324.0,
        "Net Income Common Stockholders": 4231324.0,
        "Net Income": 4231324.0,
        "Net Income Including Noncontrolling Interests": 4231324.0,
        "Net Income Continuous Operations": 4231324.0,
        "Tax Provision": 994016.0,
        "Pretax Income": 5225340.0,
        "Net Non Operating Interest Income Expense": 406092.0,
        "Interest Income Non Operating": 406092.0,
        "Operating Income": 4819248.0,
        "Operating Expense": 1104058.0,
        "Provision For Doubtful Accounts": NaN,
        "Research And Development": 700609.0,
        "Selling General And Administration": 403449.0,
        "Gross Profit": 5923306.0,
        "Cost Of Revenue": 1478372.0,
        "Total Revenue": 7401678.0,
        "Operating Revenue": 7401678.0
    },
    "2022-09-30": {
        "Tax Effect Of Unusual Items": NaN,
        "Tax Rate For Calcs": NaN,
        "Normalized EBITDA": NaN,
        "Net Income From Continuing Operation Net Minority Interest": NaN,
        "Reconciled Depreciation": NaN,
        "Reconciled Cost Of Revenue": NaN,
        "EBITDA": NaN,
        "EBIT": NaN,
        "Net Interest Income": NaN,
        "Interest Income": NaN,
        "Normalized Income": NaN,
        "Net Income From Continuing And Discontinued Operation": NaN,
        "Total Expenses": NaN,
        "Total Operating Income As Reported": NaN,
        "Diluted Average Shares": NaN,
        "Basic Average Shares": NaN,
        "Diluted EPS": NaN,
        "Basic EPS": NaN,
        "Diluted NI Availto Com Stockholders": NaN,
        "Net Income Common Stockholders": NaN,
        "Net Income": NaN,
        "Net Income Including Noncontrolling Interests": NaN,
        "Net Income Continuous Operations": NaN,
        "Tax Provision": NaN,
        "Pretax Income": NaN,
        "Net Non Operating Interest Income Expense": NaN,
        "Interest Income Non Operating": NaN,
        "Operating Income": NaN,
        "Operating Expense": NaN,
        "Provision For Doubtful Accounts": 0.0,
        "Research And Development": NaN,
        "Selling General And Administration": NaN,
        "Gross Profit": NaN,
        "Cost Of Revenue": NaN,
        "Total Revenue": NaN,
        "Operating Revenue": NaN
    },
    "2022-06-30": {
        "Tax Effect Of Unusual Items": 0.0,
        "Tax Rate For Calcs": 0.171045,
        "Normalized EBITDA": 4798943.0,
        "Net Income From Continuing Operation Net Minority Interest": 4140116.0,
        "Reconciled Depreciation": 87621.0,
        "Reconciled Cost Of Revenue": 1651847.0,
        "EBITDA": 4798943.0,
        "EBIT": 4711322.0,
        "Net Interest Income": 283059.0,
        "Interest Income": 283059.0,
        "Normalized Income": 4140116.0,
        "Net Income From Continuing And Discontinued Operation": 4140116.0,
        "Total Expenses": 2625085.0,
        "Total Operating Income As Reported": 4711322.0,
        "Diluted Average Shares": 4830871.0,
        "Basic Average Shares": 4830826.0,
        "Diluted EPS": 0.86,
        "Basic EPS": 0.86,
        "Diluted NI Availto Com Stockholders": 4140116.0,
        "Net Income Common Stockholders": 4140116.0,
        "Net Income": 4140116.0,
        "Net Income Including Noncontrolling Interests": 4140116.0,
        "Net Income Continuous Operations": 4140116.0,
        "Tax Provision": 854265.0,
        "Pretax Income": 4994381.0,
        "Net Non Operating Interest Income Expense": 283059.0,
        "Interest Income Non Operating": 283059.0,
        "Operating Income": 4711322.0,
        "Operating Expense": 973238.0,
        "Provision For Doubtful Accounts": NaN,
        "Research And Development": 601918.0,
        "Selling General And Administration": 371320.0,
        "Gross Profit": 5684560.0,
        "Cost Of Revenue": 1651847.0,
        "Total Revenue": 7336407.0,
        "Operating Revenue": 7336407.0
    },
    "2022-03-31": {
        "Diluted EPS": 0.79,
        "Total Revenue": 7,
        "Gross Profit": 5,
        "Operating Income": 4,
        "EBIT": 4,
        "Net Income": 4
    },
    "2021-12-31": {
        "Diluted EPS": 0.72,
        "Total Revenue": 6,
        "Gross Profit": 5,
        "Operating Income": 4,
        "EBIT": 4,
        "Net Income": 3
    },
    "2021-09-30": {
        "Diluted EPS": 0.75,
        "Total Revenue": 7,
        "Gross Profit": 5,
        "Operating Income": 4,
        "EBIT": 4,
        "Net Income": 4
    },
    "2021-06-30": {
        "Diluted EPS": 0.74,
        "Total Revenue": 7,
        "Gross Profit": 5,
        "Operating Income": 4,
        "EBIT": 4,
        "Net Income": 4
    },
    "2021-03-31": {
        "Diluted EPS": 0.65,
        "Total Revenue": 6,
        "Gross Profit": 5,
        "Operating Income": 4,
        "EBIT": 4,
        "Net Income": 3
    },
    "2020-12-31": {
        "Diluted EPS": 0.81,
        "Total Revenue": 7,
        "Gross Profit": 5,
        "Operating Income": 4,
        "EBIT": 5,
        "Net Income": 4
    },
    "2020-09-30": {
        "Diluted EPS": 0.46,
        "Total Revenue": 4,
        "Gross Profit": 3,
        "Operating Income": 2,
        "EBIT": 2,
        "Net Income": 2
    },
    "2020-06-30": {
        "Diluted EPS": 0.5,
        "Total Revenue": 5,
        "Gross Profit": 4,
        "Operating Income": 3,
        "EBIT": 3,
        "Net Income": 2
    },
    "2020-03-31": {
        "Diluted EPS": 0.7,
        "Total Revenue": 6,
        "Gross Profit": 5,
        "Operating Income": 4,
        "EBIT": 4,
        "Net Income": 3
    },
    "2019-12-31": {
        "Diluted EPS": 0.77,
        "Total Revenue": 6,
        "Gross Profit": 5,
        "Operating Income": 4,
        "EBIT": 4,
        "Net Income": 4
    },
    "2019-09-30": {
        "Diluted EPS": 0.79,
        "Total Revenue": 7,
        "Gross Profit": 5,
        "Operating Income": 4,
        "EBIT": 4,
        "Net Income": 4
    },
    "2019-06-30": {
        "Diluted EPS": 0.74,
        "Total Revenue": 6,
        "Gross Profit": 5,
        "Operating Income": 4,
        "EBIT": 4,
        "Net Income": 4
    },
    "2019-03-31": {
        "Diluted EPS": 0.59,
        "Total Revenue": 6,
        "Gross Profit": 4,
        "Operating Income": 3,
        "EBIT": 3,
        "Net Income": 3
    },
    "2018-12-31": {
        "Diluted EPS": 0.71,
        "Total Revenue": 6,
        "Gross Profit": 5,
        "Operating Income": 4,
        "EBIT": 4,
        "Net Income": 3
    },
    "2018-09-30": {
        "Diluted EPS": 0.88,
        "Total Revenue": 8,
        "Gross Profit": 6,
        "Operating Income": 5,
        "EBIT": 5,
        "Net Income": 4
    },
    "2018-06-30": {
        "Diluted EPS": 0.81,
        "Total Revenue": 7,
        "Gross Profit": 6,
        "Operating Income": 4,
        "EBIT": 5,
        "Net Income": 4
    },
    "2018-03-31": {
        "Diluted EPS": 0.8,
        "Total Revenue": 8,
        "Gross Profit": 6,
        "Operating Income": 5,
        "EBIT": 5,
        "Net Income": 4
    },
    "2017-12-31": {
        "Diluted EPS": 0.74,
        "Total Revenue": 7,
        "Gross Profit": 6,
        "Operating Income": 5,
        "EBIT": 5,
        "Net Income": 4
    },
    "2017-09-30": {
        "Diluted EPS": 0.65,
        "Total Revenue": 7,
        "Gross Profit": 6,
        "Operating Income": 4,
        "EBIT": 5,
        "Net Income": 3
    },
    "2017-06-30": {
        "Diluted EPS": 0.68,
        "Total Revenue": 8,
        "Gross Profit": 6,
        "Operating Income": 5,
        "EBIT": 5,
        "Net Income": 3
    },
    "2017-03-31": {
        "Diluted EPS": 0.63,
        "Total Revenue": 7,
        "Gross Profit": 5,
        "Operating Income": 4,
        "EBIT": 4,
        "Net Income": 3
    },
    "2016-12-31": {
        "Diluted EPS": 0.72,
        "Total Revenue": 7,
        "Gross Profit": 6,
        "Operating Income": 5,
        "EBIT": 5,
        "Net Income": 3
    },
    "2016-09-30": {
        "Diluted EPS": 0.68,
        "Total Revenue": 7,
        "Gross Profit": 6,
        "Operating Income": 4,
        "EBIT": 5,
        "Net Income": 3
    },
    "2016-06-30": {
        "Diluted EPS": 0.65,
        "Total Revenue": 7,
        "Gross Profit": 5,
        "Operating Income": 4,
        "EBIT": 4,
        "Net Income": 3
    },
    "2016-03-31": {
        "Diluted EPS": 0.54,
        "Total Revenue": 6,
        "Gross Profit": 5,
        "Operating Income": 3,
        "EBIT": 4,
        "Net Income": 3
    },
    "2015-12-31": {
        "Diluted EPS": 0.53,
        "Total Revenue": 6,
        "Gross Profit": 5,
        "Operating Income": 3,
        "EBIT": 4,
        "Net Income": 3
    },
    "2015-09-30": {
        "Diluted EPS": 0.68,
        "Total Revenue": 7,
        "Gross Profit": 6,
        "Operating Income": 4,
        "EBIT": 5,
        "Net Income": 3
    },
    "2015-06-30": {
        "Diluted EPS": 0.78,
        "Total Revenue": 8,
        "Gross Profit": 6,
        "Operating Income": 5,
        "EBIT": 5,
        "Net Income": 4
    },
    "2015-03-31": {
        "Diluted EPS": 0.75,
        "Total Revenue": 8,
        "Gross Profit": 6,
        "Operating Income": 5,
        "EBIT": 5,
        "Net Income": 4
    },
    "2014-12-31": {
        "Diluted EPS": 0.57,
        "Total Revenue": 6,
        "Gross Profit": 5,
        "Operating Income": 4,
        "EBIT": 4,
        "Net Income": 3
    },
    "2014-09-30": {
        "Diluted EPS": 0.8,
        "Total Revenue": 8,
        "Gross Profit": 7,
        "Operating Income": 5,
        "EBIT": 5,
        "Net Income": 4
    },
    "2014-06-30": {
        "Diluted EPS": 0.83,
        "Total Revenue": 8,
        "Gross Profit": 7,
        "Operating Income": 5,
        "EBIT": 6,
        "Net Income": 4
    },
    "2014-03-31": {
        "Diluted EPS": 0.53,
        "Total Revenue": 6,
        "Gross Profit": 5,
        "Operating Income": 3,
        "EBIT": 4,
        "Net Income": 3
    },
    "2013-12-31": {
        "Diluted EPS": 0.57,
        "Total Revenue": 6,
        "Gross Profit": 5,
        "Operating Income": 4,
        "EBIT": 4,
        "Net Income": 3
    },
    "2013-09-30": {
        "Diluted EPS": 0.66,
        "Total Revenue": 7,
        "Gross Profit": 6,
        "Operating Income": 4,
        "EBIT": 4,
        "Net Income": 3
    },
    "2013-06-30": {
        "Diluted EPS": 0.53,
        "Total Revenue": 6,
        "Gross Profit": 5,
        "Operating Income": 3,
        "EBIT": 3,
        "Net Income": 3
    },
    "2013-03-31": {
        "Diluted EPS": 0.64,
        "Total Revenue": 7,
        "Gross Profit": 5,
        "Operating Income": 4,
        "EBIT": 4,
        "Net Income": 3
    },
    "2012-12-31": {
        "Diluted EPS": 0.6,
        "Total Revenue": 7,
        "Gross Profit": 5,
        "Operating Income": 4,
        "EBIT": 4,
        "Net Income": 3
    },
    "2012-09-30": {
        "Diluted EPS": 0.5,
        "Total Revenue": 6,
        "Gross Profit": 4,
        "Operating Income": 3,
        "EBIT": 3,
        "Net Income": 2
    },
    "2012-06-30": {
        "Diluted EPS": 0.69,
        "Total Revenue": 7,
        "Gross Profit": 6,
        "Operating Income": 4,
        "EBIT": 5,
        "Net Income": 3
    },
    "2012-03-31": {
        "Diluted EPS": 0.65,
        "Total Revenue": 8,
        "Gross Profit": 5,
        "Operating Income": 4,
        "EBIT": 4,
        "Net Income": 3
    },
    "2011-12-31": {
        "Diluted EPS": 0.47,
        "Total Revenue": 6,
        "Gross Profit": 4,
        "Operating Income": 3,
        "EBIT": 3,
        "Net Income": 2
    },
    "2011-09-30": {
        "Diluted EPS": 0.52,
        "Total Revenue": 7,
        "Gross Profit": 4,
        "Operating Income": 3,
        "EBIT": 3,
        "Net Income": 3
    },
    "2011-06-30": {
        "Diluted EPS": 0.7,
        "Total Revenue": 8,
        "Gross Profit": 6,
        "Operating Income": 5,
        "EBIT": 5,
        "Net Income": 3
    },
    "2011-03-31": {
        "Diluted EPS": 0.76,
        "Total Revenue": 8,
        "Gross Profit": 6,
        "Operating Income": 5,
        "EBIT": 5,
        "Net Income": 4
    },
    "2010-12-31": {
        "Diluted EPS": 0.7,
        "Total Revenue": 8,
        "Gross Profit": 6,
        "Operating Income": 5,
        "EBIT": 5,
        "Net Income": 3
    },
    "2010-09-30": {
        "Diluted EPS": 0.66,
        "Total Revenue": 8,
        "Gross Profit": 5,
        "Operating Income": 4,
        "EBIT": 4,
        "Net Income": 3
    },
    "2010-06-30": {
        "Diluted EPS": 0.64,
        "Total Revenue": 7,
        "Gross Profit": 5,
        "Operating Income": 4,
        "EBIT": 4,
        "Net Income": 3
    },
    "2010-03-31": {
        "Diluted EPS": 0.74,
        "Total Revenue": 8,
        "Gross Profit": 6,
        "Operating Income": 5,
        "EBIT": 5,
        "Net Income": 4
    },
    "2009-12-31": {
        "Diluted EPS": 0.57,
        "Total Revenue": 7,
        "Gross Profit": 5,
        "Operating Income": 4,
        "EBIT": 4,
        "Net Income": 3
    },
    "2009-09-30": {
        "Diluted EPS": 0.55,
        "Total Revenue": 7,
        "Gross Profit": 5,
        "Operating Income": 4,
        "EBIT": 4,
        "Net Income": 3
    },
    "2009-06-30": {
        "Diluted EPS": 0.61,
        "Total Revenue": 7,
        "Gross Profit": 5,
        "Operating Income": 4,
        "EBIT": 4,
        "Net Income": 3
    },
    "2009-03-31": {
        "Diluted EPS": 0.64,
        "Total Revenue": 7,
        "Gross Profit": 5,
        "Operating Income": 4,
        "EBIT": 4,
        "Net Income": 3
    },
    "2023-09-30": {
        "Tax Effect Of Unusual Items": 0.0,
        "Tax Rate For Calcs": 0.08,
        "Normalized EBITDA": 4697256.0,
        "Total Unusual Items": 202926.0,
        "Total Unusual Items Excluding Goodwill": 202926.0,
        "Net Income From Continuing Operation Net Minority Interest": 4723566.0,
        "Reconciled Depreciation": 77913.0,
        "Reconciled Cost Of Revenue": 1599866.0,
        "EBITDA": 4697256.0,
        "EBIT": 4619343.0,
        "Net Interest Income": 512092.0,
        "Interest Income": 512092.0,
        "Normalized Income": 4723566.0,
        "Net Income From Continuing And Discontinued Operation": 4723566.0,
        "Total Expenses": 2513933.0,
        "Total Operating Income As Reported": 4619343.0,
        "Diluted Average Shares": 4840770.0,
        "Basic Average Shares": 4833401.0,
        "Diluted EPS": 0.98,
        "Basic EPS": 0.98,
        "Diluted NI Availto Com Stockholders": 4723566.0,
        "Net Income Common Stockholders": 4723566.0,
        "Net Income": 4723566.0,
        "Net Income Including Noncontrolling Interests": 4723566.0,
        "Net Income Continuous Operations": 4723566.0,
        "Tax Provision": 407869.0,
        "Pretax Income": 5131435.0,
        "Other Income Expense": 202926.0,
        "Special Income Charges": 202926.0,
        "Write Off": -202926.0,
        "Net Non Operating Interest Income Expense": 512092.0,
        "Interest Income Non Operating": 512092.0,
        "Operating Income": 4619343.0,
        "Operating Expense": 914067.0,
        "Provision For Doubtful Accounts": -202926.0,
        "Research And Development": 683208.0,
        "Selling General And Administration": 433785.0,
        "Gross Profit": 5533410.0,
        "Cost Of Revenue": 1599866.0,
        "Total Revenue": 7133276.0,
        "Operating Revenue": 7133276.0
    },
    "2023-12-31": {
        "Tax Effect Of Unusual Items": 0.0,
        "Tax Rate For Calcs": 0.16,
        "Normalized EBITDA": 4472125.0,
        "Total Unusual Items": NaN,
        "Total Unusual Items Excluding Goodwill": NaN,
        "Net Income From Continuing Operation Net Minority Interest": 4184422.0,
        "Reconciled Depreciation": 1138.0,
        "Reconciled Cost Of Revenue": 1355067.0,
        "EBITDA": 4472125.0,
        "EBIT": 4470987.0,
        "Net Interest Income": 491671.0,
        "Interest Income": 491671.0,
        "Normalized Income": 4184422.0,
        "Net Income From Continuing And Discontinued Operation": 4184422.0,
        "Total Expenses": 2285273.0,
        "Total Operating Income As Reported": 4470987.0,
        "Diluted Average Shares": 4837230.0,
        "Basic Average Shares": 4833401.0,
        "Diluted EPS": 0.87,
        "Basic EPS": 0.87,
        "Diluted NI Availto Com Stockholders": 4184422.0,
        "Net Income Common Stockholders": 4184422.0,
        "Net Income": 4184422.0,
        "Net Income Including Noncontrolling Interests": 4184422.0,
        "Net Income Continuous Operations": 4184422.0,
        "Tax Provision": 778236.0,
        "Pretax Income": 4962658.0,
        "Other Income Expense": NaN,
        "Special Income Charges": NaN,
        "Write Off": NaN,
        "Net Non Operating Interest Income Expense": 491671.0,
        "Interest Income Non Operating": 491671.0,
        "Operating Income": 4470987.0,
        "Operating Expense": 930206.0,
        "Provision For Doubtful Accounts": NaN,
        "Research And Development": 540895.0,
        "Selling General And Administration": 389311.0,
        "Gross Profit": 5401193.0,
        "Cost Of Revenue": 1355067.0,
        "Total Revenue": 6756260.0,
        "Operating Revenue": 6756260.0
    },
    "2024-03-31": {
        "Tax Effect Of Unusual Items": 0.0,
        "Tax Rate For Calcs": 0.165416,
        "Normalized EBITDA": 4212365.0,
        "Total Unusual Items": 0.0,
        "Total Unusual Items Excluding Goodwill": 0.0,
        "Net Income From Continuing Operation Net Minority Interest": 3812981.0,
        "Reconciled Depreciation": 152074.0,
        "Reconciled Cost Of Revenue": 1737977.0,
        "EBITDA": 4212365.0,
        "EBIT": 4060291.0,
        "Net Interest Income": 508431.0,
        "Interest Income": 508431.0,
        "Normalized Income": 3812981.0,
        "Net Income From Continuing And Discontinued Operation": 3812981.0,
        "Total Expenses": 3022938.0,
        "Total Operating Income As Reported": 4060291.0,
        "Diluted Average Shares": 4839556.0,
        "Basic Average Shares": 4833610.0,
        "Diluted EPS": 0.79,
        "Basic EPS": 0.79,
        "Diluted NI Availto Com Stockholders": 3812981.0,
        "Net Income Common Stockholders": 3812981.0,
        "Net Income": 3812981.0,
        "Net Income Including Noncontrolling Interests": 3812981.0,
        "Net Income Continuous Operations": 3812981.0,
        "Tax Provision": 755741.0,
        "Pretax Income": 4568722.0,
        "Other Income Expense": 0.0,
        "Special Income Charges": 0.0,
        "Write Off": 0.0,
        "Net Non Operating Interest Income Expense": 508431.0,
        "Interest Income Non Operating": 508431.0,
        "Operating Income": 4060291.0,
        "Operating Expense": 1284961.0,
        "Provision For Doubtful Accounts": 0.0,
        "Research And Development": 811339.0,
        "Selling General And Administration": 473622.0,
        "Gross Profit": 5345252.0,
        "Cost Of Revenue": 1737977.0,
        "Total Revenue": 7083229.0,
        "Operating Revenue": 7083229.0
    },
    "2024-06-30": {
        "Tax Effect Of Unusual Items": 0.0,
        "Tax Rate For Calcs": 0.16,
        "Normalized EBITDA": 4464412.0,
        "Total Unusual Items": 0.0,
        "Total Unusual Items Excluding Goodwill": 0.0,
        "Net Income From Continuing Operation Net Minority Interest": 4097587.0,
        "Reconciled Depreciation": 75594.0,
        "Reconciled Cost Of Revenue": 975494.0,
        "EBITDA": 4464412.0,
        "EBIT": 4388818.0,
        "Net Interest Income": 493959.0,
        "Interest Income": 493959.0,
        "Normalized Income": 4097587.0,
        "Net Income From Continuing And Discontinued Operation": 4097587.0,
        "Total Expenses": 2394426.0,
        "Total Operating Income As Reported": 4388818.0,
        "Diluted Average Shares": 4838995.0,
        "Basic Average Shares": 4833676.0,
        "Diluted EPS": 0.85,
        "Basic EPS": 0.85,
        "Diluted NI Availto Com Stockholders": 4097587.0,
        "Net Income Common Stockholders": 4097587.0,
        "Net Income": 4097587.0,
        "Net Income Including Noncontrolling Interests": 4097587.0,
        "Net Income Continuous Operations": 4097587.0,
        "Tax Provision": 785190.0,
        "Pretax Income": 4882777.0,
        "Other Income Expense": NaN,
        "Special Income Charges": 0.0,
        "Write Off": 0.0,
        "Net Non Operating Interest Income Expense": 493959.0,
        "Interest Income Non Operating": 493959.0,
        "Operating Income": 4388818.0,
        "Operating Expense": 1418932.0,
        "Provision For Doubtful Accounts": 0.0,
        "Research And Development": 878528.0,
        "Selling General And Administration": 540404.0,
        "Gross Profit": 5807750.0,
        "Cost Of Revenue": 975494.0,
        "Total Revenue": 6783244.0,
        "Operating Revenue": 6783244.0
    },
    "2024-09-30": {
        "Tax Effect Of Unusual Items": 0.0,
        "Tax Rate For Calcs": 0.17,
        "Normalized EBITDA": 4477599.0,
        "Total Unusual Items": NaN,
        "Total Unusual Items Excluding Goodwill": NaN,
        "Net Income From Continuing Operation Net Minority Interest": 4026145.0,
        "Reconciled Depreciation": 82007.0,
        "Reconciled Cost Of Revenue": 947254.0,
        "EBITDA": 4477599.0,
        "EBIT": 4395592.0,
        "Net Interest Income": 464429.0,
        "Interest Income": 464429.0,
        "Normalized Income": 4026145.0,
        "Net Income From Continuing And Discontinued Operation": 4026145.0,
        "Total Expenses": 2363098.0,
        "Total Operating Income As Reported": 4395592.0,
        "Diluted Average Shares": 4839291.0,
        "Basic Average Shares": 4833855.0,
        "Diluted EPS": 0.83,
        "Basic EPS": 0.83,
        "Diluted NI Availto Com Stockholders": 4026145.0,
        "Net Income Common Stockholders": 4026145.0,
        "Net Income": 4026145.0,
        "Net Income Including Noncontrolling Interests": 4026145.0,
        "Net Income Continuous Operations": 4026145.0,
        "Tax Provision": 833876.0,
        "Pretax Income": 4860021.0,
        "Other Income Expense": NaN,
        "Special Income Charges": NaN,
        "Write Off": NaN,
        "Net Non Operating Interest Income Expense": 464429.0,
        "Interest Income Non Operating": 464429.0,
        "Operating Income": 4395592.0,
        "Operating Expense": 1415844.0,
        "Provision For Doubtful Accounts": 0.0,
        "Research And Development": 847603.0,
        "Selling General And Administration": 568241.0,
        "Gross Profit": 5811436.0,
        "Cost Of Revenue": 947254.0,
        "Total Revenue": 6758690.0,
        "Operating Revenue": 6758690.0
    }
}