{
    "2023-03-31": {
        "Tax Effect Of Unusual Items": NaN,
        "Tax Rate For Calcs": NaN,
        "Normalized EBITDA": NaN,
        "Net Income From Continuing Operation Net Minority Interest": NaN,
        "Reconciled Depreciation": NaN,
        "Reconciled Cost Of Revenue": NaN,
        "EBITDA": NaN,
        "EBIT": NaN,
        "Net Interest Income": NaN,
        "Interest Expense": NaN,
        "Interest Income": NaN,
        "Normalized Income": NaN,
        "Net Income From Continuing And Discontinued Operation": NaN,
        "Total Expenses": NaN,
        "Total Operating Income As Reported": NaN,
        "Diluted Average Shares": 4513200000.0,
        "Basic Average Shares": 4499200000.0,
        "Diluted EPS": 4.39,
        "Basic EPS": 4.4,
        "Diluted NI Availto Com Stockholders": NaN,
        "Net Income Common Stockholders": NaN,
        "Net Income": NaN,
        "Net Income Including Noncontrolling Interests": NaN,
        "Net Income Continuous Operations": NaN,
        "Tax Provision": NaN,
        "Pretax Income": NaN,
        "Net Non Operating Interest Income Expense": NaN,
        "Interest Expense Non Operating": NaN,
        "Interest Income Non Operating": NaN,
        "Operating Income": NaN,
        "Operating Expense": NaN,
        "Other Operating Expenses": NaN,
        "Research And Development": NaN,
        "Selling General And Administration": NaN,
        "Selling And Marketing Expense": NaN,
        "General And Administrative Expense": NaN,
        "Other Gand A": NaN,
        "Gross Profit": NaN,
        "Cost Of Revenue": NaN,
        "Total Revenue": NaN,
        "Operating Revenue": NaN
    },
    "2022-12-31": {
        "Tax Effect Of Unusual Items": 0.0,
        "Tax Rate For Calcs": 0.166953,
        "Normalized EBITDA": 10314000000.0,
        "Net Income From Continuing Operation Net Minority Interest": 13592000000.0,
        "Reconciled Depreciation": 2035000000.0,
        "Reconciled Cost Of Revenue": 8262000000.0,
        "EBITDA": 10314000000.0,
        "EBIT": 8279000000.0,
        "Net Interest Income": 4656000000.0,
        "Interest Expense": -8037000000.0,
        "Interest Income": -3200000000.0,
        "Normalized Income": 13592000000.0,
        "Net Income From Continuing And Discontinued Operation": 13592000000.0,
        "Total Expenses": 31005000000.0,
        "Total Operating Income As Reported": 17087000000.0,
        "Diluted Average Shares": NaN,
        "Basic Average Shares": NaN,
        "Diluted EPS": NaN,
        "Basic EPS": NaN,
        "Diluted NI Availto Com Stockholders": 13592000000.0,
        "Net Income Common Stockholders": 13592000000.0,
        "Net Income": 13592000000.0,
        "Net Income Including Noncontrolling Interests": 13592000000.0,
        "Net Income Continuous Operations": 13592000000.0,
        "Tax Provision": 2724000000.0,
        "Pretax Income": 16316000000.0,
        "Net Non Operating Interest Income Expense": 4656000000.0,
        "Interest Expense Non Operating": -8037000000.0,
        "Interest Income Non Operating": -3200000000.0,
        "Operating Income": 17087000000.0,
        "Operating Expense": 22743000000.0,
        "Other Operating Expenses": -433000000.0,
        "Research And Development": 8085000000.0,
        "Selling General And Administration": 15091000000.0,
        "Selling And Marketing Expense": 13743000000.0,
        "General And Administrative Expense": 1348000000.0,
        "Other Gand A": 1348000000.0,
        "Gross Profit": 39830000000.0,
        "Cost Of Revenue": 8262000000.0,
        "Total Revenue": 48092000000.0,
        "Operating Revenue": 326830000000.0
    },
    "2022-09-30": {
        "Tax Effect Of Unusual Items": NaN,
        "Tax Rate For Calcs": NaN,
        "Normalized EBITDA": NaN,
        "Net Income From Continuing Operation Net Minority Interest": NaN,
        "Reconciled Depreciation": NaN,
        "Reconciled Cost Of Revenue": NaN,
        "EBITDA": NaN,
        "EBIT": NaN,
        "Net Interest Income": NaN,
        "Interest Expense": NaN,
        "Interest Income": NaN,
        "Normalized Income": NaN,
        "Net Income From Continuing And Discontinued Operation": NaN,
        "Total Expenses": NaN,
        "Total Operating Income As Reported": NaN,
        "Diluted Average Shares": 4537000000.0,
        "Basic Average Shares": 4523200000.0,
        "Diluted EPS": 3.17,
        "Basic EPS": 3.19,
        "Diluted NI Availto Com Stockholders": NaN,
        "Net Income Common Stockholders": NaN,
        "Net Income": NaN,
        "Net Income Including Noncontrolling Interests": NaN,
        "Net Income Continuous Operations": NaN,
        "Tax Provision": NaN,
        "Pretax Income": NaN,
        "Net Non Operating Interest Income Expense": NaN,
        "Interest Expense Non Operating": NaN,
        "Interest Income Non Operating": NaN,
        "Operating Income": NaN,
        "Operating Expense": NaN,
        "Other Operating Expenses": NaN,
        "Research And Development": NaN,
        "Selling General And Administration": NaN,
        "Selling And Marketing Expense": NaN,
        "General And Administrative Expense": NaN,
        "Other Gand A": NaN,
        "Gross Profit": NaN,
        "Cost Of Revenue": NaN,
        "Total Revenue": NaN,
        "Operating Revenue": NaN
    },
    "2022-06-30": {
        "Tax Effect Of Unusual Items": 0.0,
        "Tax Rate For Calcs": 0.207026,
        "Normalized EBITDA": 21683000000.0,
        "Net Income From Continuing Operation Net Minority Interest": 13318000000.0,
        "Reconciled Depreciation": 1636000000.0,
        "Reconciled Cost Of Revenue": 6069000000.0,
        "EBITDA": 21683000000.0,
        "EBIT": 20047000000.0,
        "Net Interest Income": -1596000000.0,
        "Interest Expense": 3252000000.0,
        "Interest Income": 1656000000.0,
        "Normalized Income": 13318000000.0,
        "Net Income From Continuing And Discontinued Operation": 13318000000.0,
        "Total Expenses": 22874000000.0,
        "Total Operating Income As Reported": 18391000000.0,
        "Diluted Average Shares": 2276100000.0,
        "Basic Average Shares": 2269200000.0,
        "Diluted EPS": 5.86,
        "Basic EPS": 5.87,
        "Diluted NI Availto Com Stockholders": 13318000000.0,
        "Net Income Common Stockholders": 13318000000.0,
        "Net Income": 13318000000.0,
        "Net Income Including Noncontrolling Interests": 13318000000.0,
        "Net Income Continuous Operations": 13318000000.0,
        "Tax Provision": 3477000000.0,
        "Pretax Income": 16795000000.0,
        "Net Non Operating Interest Income Expense": -1596000000.0,
        "Interest Expense Non Operating": 3252000000.0,
        "Interest Income Non Operating": 1656000000.0,
        "Operating Income": 18391000000.0,
        "Operating Expense": 16805000000.0,
        "Other Operating Expenses": -149000000.0,
        "Research And Development": 5123000000.0,
        "Selling General And Administration": 11831000000.0,
        "Selling And Marketing Expense": 10840000000.0,
        "General And Administrative Expense": 991000000.0,
        "Other Gand A": 991000000.0,
        "Gross Profit": 35196000000.0,
        "Cost Of Revenue": 6069000000.0,
        "Total Revenue": 41265000000.0,
        "Operating Revenue": 41265000000.0
    },
    "2022-03-31": {
        "Diluted EPS": 0.94,
        "Total Revenue": NaN,
        "Gross Profit": NaN,
        "Operating Income": NaN,
        "EBIT": NaN,
        "Net Income": NaN
    },
    "2021-12-31": {
        "Diluted EPS": 0.73,
        "Total Revenue": NaN,
        "Gross Profit": NaN,
        "Operating Income": NaN,
        "EBIT": NaN,
        "Net Income": NaN
    },
    "2021-09-30": {
        "Diluted EPS": 0.84,
        "Total Revenue": NaN,
        "Gross Profit": NaN,
        "Operating Income": NaN,
        "EBIT": NaN,
        "Net Income": NaN
    },
    "2021-06-30": {
        "Diluted EPS": 0.85,
        "Total Revenue": NaN,
        "Gross Profit": NaN,
        "Operating Income": NaN,
        "EBIT": NaN,
        "Net Income": NaN
    },
    "2021-03-31": {
        "Diluted EPS": 0.88,
        "Total Revenue": NaN,
        "Gross Profit": NaN,
        "Operating Income": NaN,
        "EBIT": NaN,
        "Net Income": NaN
    },
    "2020-12-31": {
        "Diluted EPS": 0.65,
        "Total Revenue": NaN,
        "Gross Profit": NaN,
        "Operating Income": NaN,
        "EBIT": NaN,
        "Net Income": NaN
    },
    "2020-09-30": {
        "Diluted EPS": 0.69,
        "Total Revenue": NaN,
        "Gross Profit": NaN,
        "Operating Income": NaN,
        "EBIT": NaN,
        "Net Income": NaN
    },
    "2020-06-30": {
        "Diluted EPS": 0.67,
        "Total Revenue": NaN,
        "Gross Profit": NaN,
        "Operating Income": NaN,
        "EBIT": NaN,
        "Net Income": NaN
    },
    "2020-03-31": {
        "Diluted EPS": 0.75,
        "Total Revenue": NaN,
        "Gross Profit": NaN,
        "Operating Income": NaN,
        "EBIT": NaN,
        "Net Income": NaN
    },
    "2019-12-31": {
        "Diluted EPS": 0.55,
        "Total Revenue": NaN,
        "Gross Profit": NaN,
        "Operating Income": NaN,
        "EBIT": NaN,
        "Net Income": NaN
    },
    "2019-09-30": {
        "Diluted EPS": 0.64,
        "Total Revenue": NaN,
        "Gross Profit": NaN,
        "Operating Income": NaN,
        "EBIT": NaN,
        "Net Income": NaN
    },
    "2019-06-30": {
        "Diluted EPS": 0.61,
        "Total Revenue": NaN,
        "Gross Profit": NaN,
        "Operating Income": NaN,
        "EBIT": NaN,
        "Net Income": NaN
    },
    "2019-03-31": {
        "Diluted EPS": 0.66,
        "Total Revenue": NaN,
        "Gross Profit": NaN,
        "Operating Income": NaN,
        "EBIT": NaN,
        "Net Income": NaN
    },
    "2018-12-31": {
        "Diluted EPS": 0.44,
        "Total Revenue": NaN,
        "Gross Profit": NaN,
        "Operating Income": NaN,
        "EBIT": NaN,
        "Net Income": NaN
    },
    "2018-09-30": {
        "Diluted EPS": 0.58,
        "Total Revenue": NaN,
        "Gross Profit": NaN,
        "Operating Income": NaN,
        "EBIT": NaN,
        "Net Income": NaN
    },
    "2018-06-30": {
        "Diluted EPS": 0.68,
        "Total Revenue": NaN,
        "Gross Profit": NaN,
        "Operating Income": NaN,
        "EBIT": NaN,
        "Net Income": NaN
    },
    "2018-03-31": {
        "Diluted EPS": 0.73,
        "Total Revenue": NaN,
        "Gross Profit": NaN,
        "Operating Income": NaN,
        "EBIT": NaN,
        "Net Income": NaN
    },
    "2017-12-31": {
        "Diluted EPS": 0.54,
        "Total Revenue": NaN,
        "Gross Profit": NaN,
        "Operating Income": NaN,
        "EBIT": NaN,
        "Net Income": NaN
    },
    "2017-09-30": {
        "Diluted EPS": 0.63,
        "Total Revenue": NaN,
        "Gross Profit": NaN,
        "Operating Income": NaN,
        "EBIT": NaN,
        "Net Income": NaN
    },
    "2017-06-30": {
        "Diluted EPS": 0.59,
        "Total Revenue": NaN,
        "Gross Profit": NaN,
        "Operating Income": NaN,
        "EBIT": NaN,
        "Net Income": NaN
    },
    "2017-03-31": {
        "Diluted EPS": 0.58,
        "Total Revenue": NaN,
        "Gross Profit": NaN,
        "Operating Income": NaN,
        "EBIT": NaN,
        "Net Income": NaN
    },
    "2016-12-31": {
        "Diluted EPS": 0.5,
        "Total Revenue": NaN,
        "Gross Profit": NaN,
        "Operating Income": NaN,
        "EBIT": NaN,
        "Net Income": NaN
    },
    "2016-09-30": {
        "Diluted EPS": 0.58,
        "Total Revenue": NaN,
        "Gross Profit": NaN,
        "Operating Income": NaN,
        "EBIT": NaN,
        "Net Income": NaN
    },
    "2016-06-30": {
        "Diluted EPS": 0.6,
        "Total Revenue": NaN,
        "Gross Profit": NaN,
        "Operating Income": NaN,
        "EBIT": NaN,
        "Net Income": NaN
    },
    "2016-03-31": {
        "Diluted EPS": 0.55,
        "Total Revenue": NaN,
        "Gross Profit": NaN,
        "Operating Income": NaN,
        "EBIT": NaN,
        "Net Income": NaN
    },
    "2015-12-31": {
        "Diluted EPS": 0.47,
        "Total Revenue": NaN,
        "Gross Profit": NaN,
        "Operating Income": NaN,
        "EBIT": NaN,
        "Net Income": NaN
    },
    "2015-09-30": {
        "Diluted EPS": 0.49,
        "Total Revenue": NaN,
        "Gross Profit": NaN,
        "Operating Income": NaN,
        "EBIT": NaN,
        "Net Income": NaN
    },
    "2015-06-30": {
        "Diluted EPS": 0.48,
        "Total Revenue": NaN,
        "Gross Profit": NaN,
        "Operating Income": NaN,
        "EBIT": NaN,
        "Net Income": NaN
    },
    "2015-03-31": {
        "Diluted EPS": 0.58,
        "Total Revenue": NaN,
        "Gross Profit": NaN,
        "Operating Income": NaN,
        "EBIT": NaN,
        "Net Income": NaN
    },
    "2014-12-31": {
        "Diluted EPS": 0.42,
        "Total Revenue": NaN,
        "Gross Profit": NaN,
        "Operating Income": NaN,
        "EBIT": NaN,
        "Net Income": NaN
    },
    "2014-09-30": {
        "Diluted EPS": 0.44,
        "Total Revenue": NaN,
        "Gross Profit": NaN,
        "Operating Income": NaN,
        "EBIT": NaN,
        "Net Income": NaN
    },
    "2014-06-30": {
        "Diluted EPS": 0.49,
        "Total Revenue": NaN,
        "Gross Profit": NaN,
        "Operating Income": NaN,
        "EBIT": NaN,
        "Net Income": NaN
    },
    "2014-03-31": {
        "Diluted EPS": 0.45,
        "Total Revenue": NaN,
        "Gross Profit": NaN,
        "Operating Income": NaN,
        "EBIT": NaN,
        "Net Income": NaN
    },
    "2013-12-31": {
        "Diluted EPS": 0.42,
        "Total Revenue": NaN,
        "Gross Profit": NaN,
        "Operating Income": NaN,
        "EBIT": NaN,
        "Net Income": NaN
    },
    "2013-09-30": {
        "Diluted EPS": 0.43,
        "Total Revenue": NaN,
        "Gross Profit": NaN,
        "Operating Income": NaN,
        "EBIT": NaN,
        "Net Income": NaN
    },
    "2013-06-30": {
        "Diluted EPS": 0.44,
        "Total Revenue": NaN,
        "Gross Profit": NaN,
        "Operating Income": NaN,
        "EBIT": NaN,
        "Net Income": NaN
    },
    "2013-03-31": {
        "Diluted EPS": 0.39,
        "Total Revenue": NaN,
        "Gross Profit": NaN,
        "Operating Income": NaN,
        "EBIT": NaN,
        "Net Income": NaN
    },
    "2012-12-31": {
        "Diluted EPS": 0.37,
        "Total Revenue": NaN,
        "Gross Profit": NaN,
        "Operating Income": NaN,
        "EBIT": NaN,
        "Net Income": NaN
    },
    "2012-09-30": {
        "Diluted EPS": 0.35,
        "Total Revenue": NaN,
        "Gross Profit": NaN,
        "Operating Income": NaN,
        "EBIT": NaN,
        "Net Income": 953
    },
    "2012-06-30": {
        "Diluted EPS": 0.33,
        "Total Revenue": NaN,
        "Gross Profit": NaN,
        "Operating Income": NaN,
        "EBIT": NaN,
        "Net Income": 924
    },
    "2012-03-31": {
        "Diluted EPS": 0.29,
        "Total Revenue": NaN,
        "Gross Profit": NaN,
        "Operating Income": NaN,
        "EBIT": NaN,
        "Net Income": 822
    },
    "2011-12-31": {
        "Diluted EPS": 0.3,
        "Total Revenue": NaN,
        "Gross Profit": NaN,
        "Operating Income": NaN,
        "EBIT": 675,
        "Net Income": 831
    },
    "2011-09-30": {
        "Diluted EPS": 0.28,
        "Total Revenue": NaN,
        "Gross Profit": NaN,
        "Operating Income": 998,
        "EBIT": NaN,
        "Net Income": 786
    },
    "2011-06-30": {
        "Diluted EPS": 0.28,
        "Total Revenue": NaN,
        "Gross Profit": NaN,
        "Operating Income": 997,
        "EBIT": NaN,
        "Net Income": 798
    },
    "2011-03-31": {
        "Diluted EPS": 0.26,
        "Total Revenue": NaN,
        "Gross Profit": NaN,
        "Operating Income": 994,
        "EBIT": NaN,
        "Net Income": 747
    },
    "2010-12-31": {
        "Diluted EPS": 0.25,
        "Total Revenue": NaN,
        "Gross Profit": NaN,
        "Operating Income": 906,
        "EBIT": NaN,
        "Net Income": 729
    },
    "2010-09-30": {
        "Diluted EPS": 0.23,
        "Total Revenue": NaN,
        "Gross Profit": NaN,
        "Operating Income": NaN,
        "EBIT": NaN,
        "Net Income": 668
    },
    "2010-06-30": {
        "Diluted EPS": 0.21,
        "Total Revenue": NaN,
        "Gross Profit": NaN,
        "Operating Income": 924,
        "EBIT": NaN,
        "Net Income": 627
    },
    "2010-03-31": {
        "Diluted EPS": 0.2,
        "Total Revenue": NaN,
        "Gross Profit": NaN,
        "Operating Income": 681,
        "EBIT": 789,
        "Net Income": 596
    },
    "2009-12-31": {
        "Diluted EPS": 0.16,
        "Total Revenue": NaN,
        "Gross Profit": NaN,
        "Operating Income": 532,
        "EBIT": NaN,
        "Net Income": 460
    },
    "2009-09-30": {
        "Diluted EPS": 0.18,
        "Total Revenue": NaN,
        "Gross Profit": NaN,
        "Operating Income": 806,
        "EBIT": 806,
        "Net Income": 547
    },
    "2009-06-30": {
        "Diluted EPS": 0.18,
        "Total Revenue": NaN,
        "Gross Profit": NaN,
        "Operating Income": 749,
        "EBIT": 749,
        "Net Income": 547
    },
    "2009-03-31": {
        "Diluted EPS": 0.16,
        "Total Revenue": NaN,
        "Gross Profit": NaN,
        "Operating Income": 687,
        "EBIT": 687,
        "Net Income": 480
    },
    "2023-06-30": {
        "Tax Effect Of Unusual Items": NaN,
        "Tax Rate For Calcs": NaN,
        "Normalized EBITDA": NaN,
        "Net Income From Continuing Operation Net Minority Interest": NaN,
        "Reconciled Depreciation": NaN,
        "Reconciled Cost Of Revenue": NaN,
        "EBITDA": NaN,
        "EBIT": NaN,
        "Net Interest Income": NaN,
        "Interest Expense": NaN,
        "Interest Income": NaN,
        "Normalized Income": NaN,
        "Net Income From Continuing And Discontinued Operation": NaN,
        "Total Expenses": NaN,
        "Total Operating Income As Reported": NaN,
        "Diluted Average Shares": 4502600000.0,
        "Basic Average Shares": 4490400000.0,
        "Diluted EPS": 4.32,
        "Basic EPS": 4.33,
        "Diluted NI Availto Com Stockholders": NaN,
        "Net Income Common Stockholders": NaN,
        "Net Income": NaN,
        "Net Income Including Noncontrolling Interests": NaN,
        "Net Income Continuous Operations": NaN,
        "Tax Provision": NaN,
        "Pretax Income": NaN,
        "Net Non Operating Interest Income Expense": NaN,
        "Interest Expense Non Operating": NaN,
        "Interest Income Non Operating": NaN,
        "Operating Income": NaN,
        "Operating Expense": NaN,
        "Other Operating Expenses": NaN,
        "Research And Development": NaN,
        "Selling General And Administration": NaN,
        "Selling And Marketing Expense": NaN,
        "General And Administrative Expense": NaN,
        "Other Gand A": NaN,
        "Gross Profit": NaN,
        "Cost Of Revenue": NaN,
        "Total Revenue": NaN,
        "Operating Revenue": NaN
    },
    "2023-09-30": {
        "Tax Effect Of Unusual Items": NaN,
        "Tax Rate For Calcs": NaN,
        "Normalized EBITDA": NaN,
        "Net Income From Continuing Operation Net Minority Interest": NaN,
        "Reconciled Depreciation": NaN,
        "Reconciled Cost Of Revenue": NaN,
        "EBITDA": NaN,
        "EBIT": NaN,
        "Net Interest Income": NaN,
        "Interest Expense": NaN,
        "Interest Income": NaN,
        "Normalized Income": NaN,
        "Net Income From Continuing And Discontinued Operation": NaN,
        "Total Expenses": NaN,
        "Total Operating Income As Reported": NaN,
        "Diluted Average Shares": 4489000000.0,
        "Basic Average Shares": 4476900000.0,
        "Diluted EPS": 5.0,
        "Basic EPS": 5.02,
        "Diluted NI Availto Com Stockholders": NaN,
        "Net Income Common Stockholders": NaN,
        "Net Income": NaN,
        "Net Income Including Noncontrolling Interests": NaN,
        "Net Income Continuous Operations": NaN,
        "Tax Provision": NaN,
        "Pretax Income": NaN,
        "Net Non Operating Interest Income Expense": NaN,
        "Interest Expense Non Operating": NaN,
        "Interest Income Non Operating": NaN,
        "Operating Income": NaN,
        "Operating Expense": NaN,
        "Other Operating Expenses": NaN,
        "Research And Development": NaN,
        "Selling General And Administration": NaN,
        "Selling And Marketing Expense": NaN,
        "General And Administrative Expense": NaN,
        "Other Gand A": NaN,
        "Gross Profit": NaN,
        "Cost Of Revenue": NaN,
        "Total Revenue": NaN,
        "Operating Revenue": NaN
    },
    "2023-12-31": {
        "Tax Effect Of Unusual Items": 0.0,
        "Tax Rate For Calcs": 0.204815,
        "Normalized EBITDA": 28511000000.0,
        "Net Income From Continuing Operation Net Minority Interest": 21963000000.0,
        "Reconciled Depreciation": 2992000000.0,
        "Reconciled Cost Of Revenue": 10014000000.0,
        "EBITDA": 28511000000.0,
        "EBIT": 25519000000.0,
        "Net Interest Income": -916000000.0,
        "Interest Expense": -2101000000.0,
        "Interest Income": -2820000000.0,
        "Normalized Income": 21963000000.0,
        "Net Income From Continuing And Discontinued Operation": 21963000000.0,
        "Total Expenses": 39097000000.0,
        "Total Operating Income As Reported": 26766000000.0,
        "Diluted Average Shares": NaN,
        "Basic Average Shares": NaN,
        "Diluted EPS": NaN,
        "Basic EPS": NaN,
        "Diluted NI Availto Com Stockholders": 21963000000.0,
        "Net Income Common Stockholders": 21963000000.0,
        "Net Income": 21963000000.0,
        "Net Income Including Noncontrolling Interests": 21963000000.0,
        "Net Income Continuous Operations": 21963000000.0,
        "Tax Provision": 5657000000.0,
        "Pretax Income": 27620000000.0,
        "Net Non Operating Interest Income Expense": -916000000.0,
        "Interest Expense Non Operating": -2101000000.0,
        "Interest Income Non Operating": -2820000000.0,
        "Operating Income": 26766000000.0,
        "Operating Expense": 29083000000.0,
        "Other Operating Expenses": -3000000.0,
        "Research And Development": 10460000000.0,
        "Selling General And Administration": 18626000000.0,
        "Selling And Marketing Expense": 17170000000.0,
        "General And Administrative Expense": 1456000000.0,
        "Other Gand A": 1456000000.0,
        "Gross Profit": 55849000000.0,
        "Cost Of Revenue": 10014000000.0,
        "Total Revenue": 65863000000.0,
        "Operating Revenue": 442247000000.0
    },
    "2024-03-31": {
        "Tax Effect Of Unusual Items": 0.0,
        "Tax Rate For Calcs": 0.204,
        "Normalized EBITDA": 36906000000.0,
        "Net Income From Continuing Operation Net Minority Interest": 25407000000.0,
        "Reconciled Depreciation": 2914000000.0,
        "Reconciled Cost Of Revenue": 9916000000.0,
        "EBITDA": 36906000000.0,
        "EBIT": 33992000000.0,
        "Net Interest Income": 72000000.0,
        "Interest Expense": 2074000000.0,
        "Interest Income": 2146000000.0,
        "Normalized Income": 25407000000.0,
        "Net Income From Continuing And Discontinued Operation": 25407000000.0,
        "Total Expenses": 33503000000.0,
        "Total Operating Income As Reported": 31846000000.0,
        "Diluted Average Shares": 4470500000.0,
        "Basic Average Shares": 4459600000.0,
        "Diluted EPS": 5.68,
        "Basic EPS": 5.7,
        "Diluted NI Availto Com Stockholders": 25407000000.0,
        "Net Income Common Stockholders": 25407000000.0,
        "Net Income": 25407000000.0,
        "Net Income Including Noncontrolling Interests": 25407000000.0,
        "Net Income Continuous Operations": 25407000000.0,
        "Tax Provision": 6511000000.0,
        "Pretax Income": 31918000000.0,
        "Net Non Operating Interest Income Expense": 72000000.0,
        "Interest Expense Non Operating": 2074000000.0,
        "Interest Income Non Operating": 2146000000.0,
        "Operating Income": 31846000000.0,
        "Operating Expense": 23587000000.0,
        "Other Operating Expenses": 568000000.0,
        "Research And Development": 8606000000.0,
        "Selling General And Administration": 14413000000.0,
        "Selling And Marketing Expense": 13256000000.0,
        "General And Administrative Expense": 1157000000.0,
        "Other Gand A": 1157000000.0,
        "Gross Profit": 55433000000.0,
        "Cost Of Revenue": 9916000000.0,
        "Total Revenue": 65349000000.0,
        "Operating Revenue": 65349000000.0
    },
    "2024-06-30": {
        "Tax Effect Of Unusual Items": 0.0,
        "Tax Rate For Calcs": 0.209,
        "Normalized EBITDA": 35739000000.0,
        "Net Income From Continuing Operation Net Minority Interest": 20050000000.0,
        "Reconciled Depreciation": 8845000000.0,
        "Reconciled Cost Of Revenue": 10274000000.0,
        "EBITDA": 35739000000.0,
        "EBIT": 26894000000.0,
        "Net Interest Income": -602000000.0,
        "Interest Expense": 1562000000.0,
        "Interest Income": 960000000.0,
        "Normalized Income": 20050000000.0,
        "Net Income From Continuing And Discontinued Operation": 20050000000.0,
        "Total Expenses": 42126000000.0,
        "Total Operating Income As Reported": 25934000000.0,
        "Diluted Average Shares": 4465400000.0,
        "Basic Average Shares": 4457700000.0,
        "Diluted EPS": 4.49,
        "Basic EPS": 4.5,
        "Diluted NI Availto Com Stockholders": 20050000000.0,
        "Net Income Common Stockholders": 20050000000.0,
        "Net Income": 20050000000.0,
        "Net Income Including Noncontrolling Interests": 20050000000.0,
        "Net Income Continuous Operations": 20050000000.0,
        "Tax Provision": 5282000000.0,
        "Pretax Income": 25332000000.0,
        "Net Non Operating Interest Income Expense": -602000000.0,
        "Interest Expense Non Operating": 1562000000.0,
        "Interest Income Non Operating": 960000000.0,
        "Operating Income": 25934000000.0,
        "Operating Expense": 31852000000.0,
        "Other Operating Expenses": -405000000.0,
        "Research And Development": 16166000000.0,
        "Selling General And Administration": 16091000000.0,
        "Selling And Marketing Expense": 14934000000.0,
        "General And Administrative Expense": 1157000000.0,
        "Other Gand A": 1157000000.0,
        "Gross Profit": 57786000000.0,
        "Cost Of Revenue": 10274000000.0,
        "Total Revenue": 68060000000.0,
        "Operating Revenue": 68060000000.0
    },
    "2024-09-30": {
        "Tax Effect Of Unusual Items": 0.0,
        "Tax Rate For Calcs": 0.206,
        "Normalized EBITDA": 37355000000.0,
        "Net Income From Continuing Operation Net Minority Interest": 27301000000.0,
        "Reconciled Depreciation": 2150000000.0,
        "Reconciled Cost Of Revenue": 11308000000.0,
        "EBITDA": 37355000000.0,
        "EBIT": 35205000000.0,
        "Net Interest Income": 562000000.0,
        "Interest Expense": 821000000.0,
        "Interest Income": 1383000000.0,
        "Normalized Income": 27301000000.0,
        "Net Income From Continuing And Discontinued Operation": 27301000000.0,
        "Total Expenses": 37489000000.0,
        "Total Operating Income As Reported": 33822000000.0,
        "Diluted Average Shares": 4460500000.0,
        "Basic Average Shares": 4452300000.0,
        "Diluted EPS": 6.12,
        "Basic EPS": 6.13,
        "Diluted NI Availto Com Stockholders": 27301000000.0,
        "Net Income Common Stockholders": 27301000000.0,
        "Net Income": 27301000000.0,
        "Net Income Including Noncontrolling Interests": 27301000000.0,
        "Net Income Continuous Operations": 27301000000.0,
        "Tax Provision": 7083000000.0,
        "Pretax Income": 34384000000.0,
        "Net Non Operating Interest Income Expense": 562000000.0,
        "Interest Expense Non Operating": 821000000.0,
        "Interest Income Non Operating": 1383000000.0,
        "Operating Income": 33822000000.0,
        "Operating Expense": 26181000000.0,
        "Other Operating Expenses": 101000000.0,
        "Research And Development": 9488000000.0,
        "Selling General And Administration": 16592000000.0,
        "Selling And Marketing Expense": 15210000000.0,
        "General And Administrative Expense": 1382000000.0,
        "Other Gand A": 1382000000.0,
        "Gross Profit": 60003000000.0,
        "Cost Of Revenue": 11308000000.0,
        "Total Revenue": 71311000000.0,
        "Operating Revenue": 71311000000.0
    },
    "2024-12-31": {
        "Tax Effect Of Unusual Items": 0.0,
        "Tax Rate For Calcs": 0.206064,
        "Normalized EBITDA": 40142000000.0,
        "Net Income From Continuing Operation Net Minority Interest": 28230000000.0,
        "Reconciled Depreciation": 5198000000.0,
        "Reconciled Cost Of Revenue": 13024000000.0,
        "EBITDA": 40142000000.0,
        "EBIT": 34944000000.0,
        "Net Interest Income": -123000000.0,
        "Interest Expense": -613000000.0,
        "Interest Income": -447000000.0,
        "Normalized Income": 28230000000.0,
        "Net Income From Continuing And Discontinued Operation": 28230000000.0,
        "Total Expenses": 48946000000.0,
        "Total Operating Income As Reported": 36737000000.0,
        "Diluted Average Shares": NaN,
        "Basic Average Shares": NaN,
        "Diluted EPS": NaN,
        "Basic EPS": NaN,
        "Diluted NI Availto Com Stockholders": 28230000000.0,
        "Net Income Common Stockholders": 28230000000.0,
        "Net Income": 28230000000.0,
        "Net Income Including Noncontrolling Interests": 28230000000.0,
        "Net Income Continuous Operations": 28230000000.0,
        "Tax Provision": 7327000000.0,
        "Pretax Income": 35557000000.0,
        "Net Non Operating Interest Income Expense": -123000000.0,
        "Interest Expense Non Operating": -613000000.0,
        "Interest Income Non Operating": -447000000.0,
        "Operating Income": 36737000000.0,
        "Operating Expense": 35922000000.0,
        "Other Operating Expenses": 1839000000.0,
        "Research And Development": 13802000000.0,
        "Selling General And Administration": 20281000000.0,
        "Selling And Marketing Expense": 18701000000.0,
        "General And Administrative Expense": 1580000000.0,
        "Other Gand A": 1580000000.0,
        "Gross Profit": 72659000000.0,
        "Cost Of Revenue": 13024000000.0,
        "Total Revenue": 85683000000.0,
        "Operating Revenue": 475843000000.0
    }
}