{
    "2023-03-31": {
        "Tax Effect Of Unusual Items": NaN,
        "Tax Rate For Calcs": NaN,
        "Normalized EBITDA": NaN,
        "Total Unusual Items": NaN,
        "Total Unusual Items Excluding Goodwill": NaN,
        "Net Income From Continuing Operation Net Minority Interest": NaN,
        "Reconciled Depreciation": NaN,
        "Reconciled Cost Of Revenue": NaN,
        "EBITDA": NaN,
        "EBIT": NaN,
        "Net Interest Income": NaN,
        "Interest Income": 903000.0,
        "Normalized Income": NaN,
        "Net Income From Continuing And Discontinued Operation": NaN,
        "Total Expenses": NaN,
        "Total Operating Income As Reported": NaN,
        "Diluted Average Shares": NaN,
        "Basic Average Shares": NaN,
        "Diluted EPS": NaN,
        "Basic EPS": NaN,
        "Diluted NI Availto Com Stockholders": NaN,
        "Net Income Common Stockholders": NaN,
        "Net Income": NaN,
        "Minority Interests": NaN,
        "Net Income Including Noncontrolling Interests": NaN,
        "Net Income Continuous Operations": NaN,
        "Tax Provision": NaN,
        "Pretax Income": NaN,
        "Other Income Expense": NaN,
        "Other Non Operating Income Expenses": NaN,
        "Special Income Charges": NaN,
        "Restructuring And Mergern Acquisition": NaN,
        "Gain On Sale Of Security": NaN,
        "Net Non Operating Interest Income Expense": NaN,
        "Total Other Finance Cost": -903000.0,
        "Interest Income Non Operating": 903000.0,
        "Operating Income": NaN,
        "Operating Expense": NaN,
        "Depreciation Amortization Depletion Income Statement": NaN,
        "Depreciation And Amortization In Income Statement": NaN,
        "Amortization": NaN,
        "Amortization Of Intangibles Income Statement": NaN,
        "Research And Development": NaN,
        "Selling General And Administration": NaN,
        "Gross Profit": NaN,
        "Cost Of Revenue": NaN,
        "Total Revenue": NaN,
        "Operating Revenue": NaN
    },
    "2022-12-31": {
        "Tax Effect Of Unusual Items": NaN,
        "Tax Rate For Calcs": NaN,
        "Normalized EBITDA": NaN,
        "Total Unusual Items": NaN,
        "Total Unusual Items Excluding Goodwill": NaN,
        "Net Income From Continuing Operation Net Minority Interest": NaN,
        "Reconciled Depreciation": NaN,
        "Reconciled Cost Of Revenue": NaN,
        "EBITDA": NaN,
        "EBIT": NaN,
        "Net Interest Income": NaN,
        "Interest Income": NaN,
        "Normalized Income": NaN,
        "Net Income From Continuing And Discontinued Operation": NaN,
        "Total Expenses": NaN,
        "Total Operating Income As Reported": NaN,
        "Diluted Average Shares": NaN,
        "Basic Average Shares": NaN,
        "Diluted EPS": NaN,
        "Basic EPS": NaN,
        "Diluted NI Availto Com Stockholders": NaN,
        "Net Income Common Stockholders": NaN,
        "Net Income": NaN,
        "Minority Interests": NaN,
        "Net Income Including Noncontrolling Interests": NaN,
        "Net Income Continuous Operations": NaN,
        "Tax Provision": NaN,
        "Pretax Income": NaN,
        "Other Income Expense": NaN,
        "Other Non Operating Income Expenses": NaN,
        "Special Income Charges": NaN,
        "Restructuring And Mergern Acquisition": NaN,
        "Gain On Sale Of Security": 0.0,
        "Net Non Operating Interest Income Expense": NaN,
        "Total Other Finance Cost": -721000.0,
        "Interest Income Non Operating": NaN,
        "Operating Income": NaN,
        "Operating Expense": NaN,
        "Depreciation Amortization Depletion Income Statement": NaN,
        "Depreciation And Amortization In Income Statement": NaN,
        "Amortization": NaN,
        "Amortization Of Intangibles Income Statement": NaN,
        "Research And Development": NaN,
        "Selling General And Administration": NaN,
        "Gross Profit": NaN,
        "Cost Of Revenue": NaN,
        "Total Revenue": NaN,
        "Operating Revenue": NaN
    },
    "2022-09-30": {
        "Tax Effect Of Unusual Items": NaN,
        "Tax Rate For Calcs": NaN,
        "Normalized EBITDA": NaN,
        "Total Unusual Items": NaN,
        "Total Unusual Items Excluding Goodwill": NaN,
        "Net Income From Continuing Operation Net Minority Interest": NaN,
        "Reconciled Depreciation": NaN,
        "Reconciled Cost Of Revenue": NaN,
        "EBITDA": NaN,
        "EBIT": NaN,
        "Net Interest Income": NaN,
        "Interest Income": NaN,
        "Normalized Income": NaN,
        "Net Income From Continuing And Discontinued Operation": NaN,
        "Total Expenses": NaN,
        "Total Operating Income As Reported": NaN,
        "Diluted Average Shares": NaN,
        "Basic Average Shares": NaN,
        "Diluted EPS": NaN,
        "Basic EPS": NaN,
        "Diluted NI Availto Com Stockholders": NaN,
        "Net Income Common Stockholders": NaN,
        "Net Income": NaN,
        "Minority Interests": NaN,
        "Net Income Including Noncontrolling Interests": NaN,
        "Net Income Continuous Operations": NaN,
        "Tax Provision": NaN,
        "Pretax Income": NaN,
        "Other Income Expense": NaN,
        "Other Non Operating Income Expenses": NaN,
        "Special Income Charges": NaN,
        "Restructuring And Mergern Acquisition": 6098000.0,
        "Gain On Sale Of Security": NaN,
        "Net Non Operating Interest Income Expense": NaN,
        "Total Other Finance Cost": -638000.0,
        "Interest Income Non Operating": NaN,
        "Operating Income": NaN,
        "Operating Expense": NaN,
        "Depreciation Amortization Depletion Income Statement": NaN,
        "Depreciation And Amortization In Income Statement": NaN,
        "Amortization": NaN,
        "Amortization Of Intangibles Income Statement": NaN,
        "Research And Development": NaN,
        "Selling General And Administration": NaN,
        "General And Administrative Expense": 24477000.0,
        "Other Gand A": 24477000.0,
        "Gross Profit": NaN,
        "Cost Of Revenue": NaN,
        "Total Revenue": NaN,
        "Operating Revenue": NaN
    },
    "2022-06-30": {
        "Tax Effect Of Unusual Items": 0.0,
        "Tax Rate For Calcs": 0.007916,
        "Normalized EBITDA": -19704000.0,
        "Total Unusual Items": NaN,
        "Total Unusual Items Excluding Goodwill": NaN,
        "Net Income From Continuing Operation Net Minority Interest": 33837000.0,
        "Reconciled Depreciation": 310000.0,
        "Reconciled Cost Of Revenue": 5026000.0,
        "EBITDA": -19704000.0,
        "EBIT": -20014000.0,
        "Net Interest Income": 52000.0,
        "Interest Income": NaN,
        "Normalized Income": 33837000.0,
        "Net Income From Continuing And Discontinued Operation": 33837000.0,
        "Total Expenses": 28625000.0,
        "Total Operating Income As Reported": -20014000.0,
        "Diluted Average Shares": 132132000.0,
        "Basic Average Shares": 124030000.0,
        "Diluted EPS": 0.26,
        "Basic EPS": 0.27,
        "Diluted NI Availto Com Stockholders": 33837000.0,
        "Net Income Common Stockholders": 33837000.0,
        "Net Income": 33837000.0,
        "Minority Interests": NaN,
        "Net Income Including Noncontrolling Interests": 33837000.0,
        "Net Income Continuous Operations": 33837000.0,
        "Tax Provision": 270000.0,
        "Pretax Income": 34107000.0,
        "Other Income Expense": 54069000.0,
        "Other Non Operating Income Expenses": 54069000.0,
        "Special Income Charges": NaN,
        "Restructuring And Mergern Acquisition": NaN,
        "Gain On Sale Of Security": NaN,
        "Net Non Operating Interest Income Expense": 52000.0,
        "Total Other Finance Cost": -52000.0,
        "Interest Income Non Operating": NaN,
        "Operating Income": -20014000.0,
        "Operating Expense": 23599000.0,
        "Depreciation Amortization Depletion Income Statement": NaN,
        "Depreciation And Amortization In Income Statement": NaN,
        "Amortization": NaN,
        "Amortization Of Intangibles Income Statement": NaN,
        "Research And Development": 9606000.0,
        "Selling General And Administration": 13993000.0,
        "General And Administrative Expense": 13993000.0,
        "Other Gand A": 13993000.0,
        "Gross Profit": 3585000.0,
        "Cost Of Revenue": 5026000.0,
        "Total Revenue": 8611000.0,
        "Operating Revenue": 8611000.0
    },
    "2022-03-31": {
        "Diluted EPS": 0.61,
        "Total Revenue": 7,
        "Gross Profit": 3,
        "Operating Income": -35,
        "EBIT": -35,
        "Net Income": 80
    },
    "2021-12-31": {
        "Diluted EPS": -2.27,
        "Total Revenue": 7,
        "Gross Profit": 3,
        "Operating Income": -36,
        "EBIT": -36,
        "Net Income": -120
    },
    "2021-09-30": {
        "Diluted EPS": -0.37,
        "Total Revenue": 6,
        "Gross Profit": 3,
        "Operating Income": -7,
        "EBIT": -7,
        "Net Income": -7
    },
    "2021-06-30": {
        "Diluted EPS": -0.89,
        "Total Revenue": 5,
        "Gross Profit": 2,
        "Operating Income": -19,
        "EBIT": -18,
        "Net Income": -19
    },
    "2021-03-31": {
        "Diluted EPS": -0.37,
        "Total Revenue": 5,
        "Gross Profit": 2,
        "Operating Income": -7,
        "EBIT": -7,
        "Net Income": -7
    },
    "2020-12-31": {
        "Diluted EPS": 0.0,
        "Total Revenue": NaN,
        "Gross Profit": NaN,
        "Operating Income": NaN,
        "EBIT": NaN,
        "Net Income": NaN
    },
    "2020-09-30": {
        "Diluted EPS": 0.0,
        "Total Revenue": NaN,
        "Gross Profit": NaN,
        "Operating Income": NaN,
        "EBIT": NaN,
        "Net Income": NaN
    },
    "2023-06-30": {
        "Tax Effect Of Unusual Items": -63530.0,
        "Tax Rate For Calcs": 0.002,
        "Normalized EBITDA": 9751000.0,
        "Total Unusual Items": -31765000.0,
        "Total Unusual Items Excluding Goodwill": -31765000.0,
        "Net Income From Continuing Operation Net Minority Interest": -58527000.0,
        "Reconciled Depreciation": 5211000.0,
        "Reconciled Cost Of Revenue": 10134000.0,
        "EBITDA": -22014000.0,
        "EBIT": -27225000.0,
        "Net Interest Income": 347000.0,
        "Interest Income": 806000.0,
        "Normalized Income": -26825530.0,
        "Net Income From Continuing And Discontinued Operation": -58527000.0,
        "Total Expenses": 45287000.0,
        "Total Operating Income As Reported": -27225000.0,
        "Diluted Average Shares": 165606000.0,
        "Basic Average Shares": 165606000.0,
        "Diluted EPS": -0.35,
        "Basic EPS": -0.35,
        "Diluted NI Availto Com Stockholders": -58527000.0,
        "Net Income Common Stockholders": -58527000.0,
        "Net Income": -58527000.0,
        "Minority Interests": 0.0,
        "Net Income Including Noncontrolling Interests": -58527000.0,
        "Net Income Continuous Operations": -58527000.0,
        "Tax Provision": -96000.0,
        "Pretax Income": -58623000.0,
        "Other Income Expense": -31745000.0,
        "Other Non Operating Income Expenses": 20000.0,
        "Special Income Charges": -32224000.0,
        "Restructuring And Mergern Acquisition": 32224000.0,
        "Gain On Sale Of Security": 459000.0,
        "Net Non Operating Interest Income Expense": 347000.0,
        "Total Other Finance Cost": -347000.0,
        "Interest Income Non Operating": 806000.0,
        "Operating Income": -27225000.0,
        "Operating Expense": 34715000.0,
        "Depreciation Amortization Depletion Income Statement": 4773000.0,
        "Depreciation And Amortization In Income Statement": 4773000.0,
        "Amortization": 4773000.0,
        "Amortization Of Intangibles Income Statement": 4773000.0,
        "Research And Development": 16791000.0,
        "Selling General And Administration": 13151000.0,
        "Gross Profit": 7490000.0,
        "Cost Of Revenue": 10572000.0,
        "Total Revenue": 18062000.0,
        "Operating Revenue": 18062000.0
    },
    "2023-09-30": {
        "Tax Effect Of Unusual Items": 103419.0,
        "Tax Rate For Calcs": 0.003,
        "Normalized EBITDA": -57776000.0,
        "Total Unusual Items": 34473000.0,
        "Total Unusual Items Excluding Goodwill": 34473000.0,
        "Net Income From Continuing Operation Net Minority Interest": 7519000.0,
        "Reconciled Depreciation": 5343000.0,
        "Reconciled Cost Of Revenue": 14309000.0,
        "EBITDA": -23303000.0,
        "EBIT": -28646000.0,
        "Net Interest Income": 1695000.0,
        "Interest Income": 1695000.0,
        "Normalized Income": -26850581.0,
        "Net Income From Continuing And Discontinued Operation": 7519000.0,
        "Total Expenses": 50624000.0,
        "Total Operating Income As Reported": -28646000.0,
        "Diluted Average Shares": 185626000.0,
        "Basic Average Shares": 175103000.0,
        "Diluted EPS": 0.04,
        "Basic EPS": 0.04,
        "Diluted NI Availto Com Stockholders": 7519000.0,
        "Net Income Common Stockholders": 7519000.0,
        "Net Income": 7519000.0,
        "Minority Interests": 0.0,
        "Net Income Including Noncontrolling Interests": 7519000.0,
        "Net Income Continuous Operations": 7519000.0,
        "Tax Provision": 23000.0,
        "Pretax Income": 7542000.0,
        "Other Income Expense": 34493000.0,
        "Other Non Operating Income Expenses": 20000.0,
        "Special Income Charges": 34473000.0,
        "Restructuring And Mergern Acquisition": -34473000.0,
        "Gain On Sale Of Security": NaN,
        "Net Non Operating Interest Income Expense": 1695000.0,
        "Total Other Finance Cost": NaN,
        "Interest Income Non Operating": 1695000.0,
        "Operating Income": -28646000.0,
        "Operating Expense": 35746000.0,
        "Depreciation Amortization Depletion Income Statement": 4774000.0,
        "Depreciation And Amortization In Income Statement": 4774000.0,
        "Amortization": 4774000.0,
        "Amortization Of Intangibles Income Statement": 4774000.0,
        "Research And Development": 16553000.0,
        "Selling General And Administration": 14419000.0,
        "Gross Profit": 7100000.0,
        "Cost Of Revenue": 14878000.0,
        "Total Revenue": 21978000.0,
        "Operating Revenue": 21978000.0
    },
    "2023-12-31": {
        "Tax Effect Of Unusual Items": -126220.905628,
        "Tax Rate For Calcs": 0.015235,
        "Normalized EBITDA": -13125000.0,
        "Total Unusual Items": -8285000.0,
        "Total Unusual Items Excluding Goodwill": -8285000.0,
        "Net Income From Continuing Operation Net Minority Interest": -32578000.0,
        "Reconciled Depreciation": 5384000.0,
        "Reconciled Cost Of Revenue": 14460000.0,
        "EBITDA": -21410000.0,
        "EBIT": -26794000.0,
        "Net Interest Income": 1963000.0,
        "Interest Income": 1963000.0,
        "Normalized Income": -24419220.905628,
        "Net Income From Continuing And Discontinued Operation": -32578000.0,
        "Total Expenses": 52851000.0,
        "Total Operating Income As Reported": -26794000.0,
        "Diluted Average Shares": 178780000.0,
        "Basic Average Shares": 178780000.0,
        "Diluted EPS": -0.18,
        "Basic EPS": -0.18,
        "Diluted NI Availto Com Stockholders": -32578000.0,
        "Net Income Common Stockholders": -32578000.0,
        "Net Income": -32578000.0,
        "Minority Interests": 0.0,
        "Net Income Including Noncontrolling Interests": -32578000.0,
        "Net Income Continuous Operations": -32578000.0,
        "Tax Provision": -504000.0,
        "Pretax Income": -33082000.0,
        "Other Income Expense": -8251000.0,
        "Other Non Operating Income Expenses": 34000.0,
        "Special Income Charges": -8285000.0,
        "Restructuring And Mergern Acquisition": 8285000.0,
        "Gain On Sale Of Security": NaN,
        "Net Non Operating Interest Income Expense": 1963000.0,
        "Total Other Finance Cost": NaN,
        "Interest Income Non Operating": 1963000.0,
        "Operating Income": -26794000.0,
        "Operating Expense": 37781000.0,
        "Depreciation Amortization Depletion Income Statement": 4774000.0,
        "Depreciation And Amortization In Income Statement": 4774000.0,
        "Amortization": 4774000.0,
        "Amortization Of Intangibles Income Statement": 4774000.0,
        "Research And Development": 18085000.0,
        "Selling General And Administration": 14922000.0,
        "Gross Profit": 10987000.0,
        "Cost Of Revenue": 15070000.0,
        "Total Revenue": 26057000.0,
        "Operating Revenue": 26057000.0
    },
    "2024-03-31": {
        "Tax Effect Of Unusual Items": 5501790.0,
        "Tax Rate For Calcs": 0.21,
        "Normalized EBITDA": -52278000.0,
        "Total Unusual Items": 26199000.0,
        "Total Unusual Items Excluding Goodwill": 26199000.0,
        "Net Income From Continuing Operation Net Minority Interest": -3681000.0,
        "Reconciled Depreciation": 5496000.0,
        "Reconciled Cost Of Revenue": 12938000.0,
        "EBITDA": -26079000.0,
        "EBIT": -31575000.0,
        "Net Interest Income": 1682000.0,
        "Interest Income": 1682000.0,
        "Normalized Income": -24378210.0,
        "Net Income From Continuing And Discontinued Operation": -3681000.0,
        "Total Expenses": 54750000.0,
        "Total Operating Income As Reported": -31575000.0,
        "Diluted Average Shares": 179779000.0,
        "Basic Average Shares": 179779000.0,
        "Diluted EPS": -0.02,
        "Basic EPS": -0.02,
        "Diluted NI Availto Com Stockholders": -3681000.0,
        "Net Income Common Stockholders": -3681000.0,
        "Net Income": -3681000.0,
        "Minority Interests": 0.0,
        "Net Income Including Noncontrolling Interests": -3681000.0,
        "Net Income Continuous Operations": -3681000.0,
        "Tax Provision": 70000.0,
        "Pretax Income": -3611000.0,
        "Other Income Expense": 26282000.0,
        "Other Non Operating Income Expenses": 83000.0,
        "Special Income Charges": 26199000.0,
        "Restructuring And Mergern Acquisition": -26199000.0,
        "Gain On Sale Of Security": NaN,
        "Net Non Operating Interest Income Expense": 1682000.0,
        "Total Other Finance Cost": NaN,
        "Interest Income Non Operating": 1682000.0,
        "Operating Income": -31575000.0,
        "Operating Expense": 41090000.0,
        "Depreciation Amortization Depletion Income Statement": 4774000.0,
        "Depreciation And Amortization In Income Statement": 4774000.0,
        "Amortization": 4774000.0,
        "Amortization Of Intangibles Income Statement": 4774000.0,
        "Research And Development": 20229000.0,
        "Selling General And Administration": 16087000.0,
        "Gross Profit": 9515000.0,
        "Cost Of Revenue": 13660000.0,
        "Total Revenue": 23175000.0,
        "Operating Revenue": 23175000.0
    },
    "2024-06-30": {
        "Tax Effect Of Unusual Items": 1871310.0,
        "Tax Rate For Calcs": 0.21,
        "Normalized EBITDA": -34547000.0,
        "Total Unusual Items": 8911000.0,
        "Total Unusual Items Excluding Goodwill": 8911000.0,
        "Net Income From Continuing Operation Net Minority Interest": -22328000.0,
        "Reconciled Depreciation": 5501000.0,
        "Reconciled Cost Of Revenue": 11751000.0,
        "EBITDA": -25636000.0,
        "EBIT": -31137000.0,
        "Net Interest Income": -72000.0,
        "Interest Income": NaN,
        "Normalized Income": -29367690.0,
        "Net Income From Continuing And Discontinued Operation": -22328000.0,
        "Total Expenses": 51605000.0,
        "Total Operating Income As Reported": -31137000.0,
        "Diluted Average Shares": 183127000.0,
        "Basic Average Shares": 183127000.0,
        "Diluted EPS": -0.12,
        "Basic EPS": -0.12,
        "Diluted NI Availto Com Stockholders": -22328000.0,
        "Net Income Common Stockholders": -22328000.0,
        "Net Income": -22328000.0,
        "Minority Interests": 0.0,
        "Net Income Including Noncontrolling Interests": -22328000.0,
        "Net Income Continuous Operations": -22328000.0,
        "Tax Provision": 61000.0,
        "Pretax Income": -22267000.0,
        "Other Income Expense": 8942000.0,
        "Other Non Operating Income Expenses": 31000.0,
        "Special Income Charges": 7550000.0,
        "Restructuring And Mergern Acquisition": -7550000.0,
        "Gain On Sale Of Security": 1361000.0,
        "Net Non Operating Interest Income Expense": -72000.0,
        "Total Other Finance Cost": 72000.0,
        "Interest Income Non Operating": NaN,
        "Operating Income": -31137000.0,
        "Operating Expense": 39127000.0,
        "Depreciation Amortization Depletion Income Statement": 4774000.0,
        "Depreciation And Amortization In Income Statement": 4774000.0,
        "Amortization": 4774000.0,
        "Amortization Of Intangibles Income Statement": 4774000.0,
        "Research And Development": 18971000.0,
        "Selling General And Administration": 15382000.0,
        "Gross Profit": 7990000.0,
        "Cost Of Revenue": 12478000.0,
        "Total Revenue": 20468000.0,
        "Operating Revenue": 20468000.0
    }
}