{
    "2023-03-31": {
        "Tax Effect Of Unusual Items": 0.0,
        "Tax Rate For Calcs": 0.0,
        "Normalized EBITDA": -7511112.0,
        "Total Unusual Items": -290598.0,
        "Total Unusual Items Excluding Goodwill": -290598.0,
        "Net Income From Continuing Operation Net Minority Interest": -7666393.0,
        "Reconciled Depreciation": 76520.0,
        "Reconciled Cost Of Revenue": 1460904.0,
        "EBITDA": -7801710.0,
        "EBIT": -7878230.0,
        "Net Interest Income": 68337.0,
        "Interest Income": 68337.0,
        "Normalized Income": -7375795.0,
        "Net Income From Continuing And Discontinued Operation": -7666393.0,
        "Total Expenses": 9658615.0,
        "Total Operating Income As Reported": -7878230.0,
        "Diluted Average Shares": 614905.0,
        "Basic Average Shares": 614905.0,
        "Diluted EPS": -12.84,
        "Basic EPS": -12.84,
        "Diluted NI Availto Com Stockholders": -7897151.0,
        "Net Income Common Stockholders": -7897151.0,
        "Otherunder Preferred Stock Dividend": 161466.0,
        "Preferred Stock Dividends": 69292.0,
        "Net Income": -7666393.0,
        "Minority Interests": -6288.0,
        "Net Income Including Noncontrolling Interests": -7660105.0,
        "Net Income Continuous Operations": -7660105.0,
        "Tax Provision": 0.0,
        "Pretax Income": -7660105.0,
        "Other Income Expense": 149788.0,
        "Other Non Operating Income Expenses": 440386.0,
        "Gain On Sale Of Security": -290598.0,
        "Net Non Operating Interest Income Expense": 68337.0,
        "Interest Income Non Operating": 68337.0,
        "Operating Income": -7878230.0,
        "Operating Expense": 8197711.0,
        "Other Operating Expenses": -74401.0,
        "Research And Development": 2100088.0,
        "Selling General And Administration": 6172024.0,
        "Gross Profit": 319481.0,
        "Cost Of Revenue": 1460904.0,
        "Total Revenue": 1780385.0,
        "Operating Revenue": 1780385.0
    },
    "2022-12-31": {
        "Tax Effect Of Unusual Items": 949.74118,
        "Tax Rate For Calcs": 1.7e-05,
        "Normalized EBITDA": -51171505.0,
        "Total Unusual Items": 54867341.0,
        "Total Unusual Items Excluding Goodwill": 54867341.0,
        "Net Income From Continuing Operation Net Minority Interest": 44373888.0,
        "Reconciled Depreciation": 78316.0,
        "Reconciled Cost Of Revenue": 743395.0,
        "EBITDA": 3695836.0,
        "EBIT": 3617520.0,
        "Net Interest Income": 87026.0,
        "Interest Income": 87026.0,
        "Normalized Income": -10492503.25882,
        "Net Income From Continuing And Discontinued Operation": 44373888.0,
        "Total Expenses": 9845643.0,
        "Total Operating Income As Reported": -8741318.0,
        "Diluted Average Shares": 598883.0,
        "Basic Average Shares": 598883.0,
        "Diluted EPS": -13.2,
        "Basic EPS": -13.2,
        "Diluted NI Availto Com Stockholders": 44144486.0,
        "Net Income Common Stockholders": 44144486.0,
        "Otherunder Preferred Stock Dividend": 161468.0,
        "Preferred Stock Dividends": 67934.0,
        "Net Income": 44373888.0,
        "Minority Interests": -1841980.0,
        "Net Income Including Noncontrolling Interests": 46215868.0,
        "Net Income Continuous Operations": 46215868.0,
        "Tax Provision": 800.0,
        "Pretax Income": 46216668.0,
        "Other Income Expense": 54870960.0,
        "Other Non Operating Income Expenses": 3619.0,
        "Gain On Sale Of Security": 11304494.0,
        "Net Non Operating Interest Income Expense": 87026.0,
        "Interest Income Non Operating": 87026.0,
        "Operating Income": -8741318.0,
        "Operating Expense": 9102248.0,
        "Other Operating Expenses": -42611.0,
        "Research And Development": 1955033.0,
        "Selling General And Administration": 7189826.0,
        "Gross Profit": 360930.0,
        "Cost Of Revenue": 743395.0,
        "Total Revenue": 1104325.0,
        "Operating Revenue": 1104325.0
    },
    "2022-09-30": {
        "Tax Effect Of Unusual Items": NaN,
        "Tax Rate For Calcs": NaN,
        "Normalized EBITDA": NaN,
        "Total Unusual Items": NaN,
        "Total Unusual Items Excluding Goodwill": NaN,
        "Net Income From Continuing Operation Net Minority Interest": NaN,
        "Reconciled Depreciation": NaN,
        "Reconciled Cost Of Revenue": NaN,
        "EBITDA": NaN,
        "EBIT": NaN,
        "Net Interest Income": NaN,
        "Interest Income": NaN,
        "Normalized Income": NaN,
        "Net Income From Continuing And Discontinued Operation": NaN,
        "Total Expenses": NaN,
        "Total Operating Income As Reported": NaN,
        "Diluted Average Shares": NaN,
        "Basic Average Shares": NaN,
        "Diluted EPS": NaN,
        "Basic EPS": NaN,
        "Diluted NI Availto Com Stockholders": NaN,
        "Net Income Common Stockholders": NaN,
        "Otherunder Preferred Stock Dividend": NaN,
        "Preferred Stock Dividends": NaN,
        "Net Income": NaN,
        "Minority Interests": NaN,
        "Net Income Including Noncontrolling Interests": NaN,
        "Net Income Continuous Operations": NaN,
        "Tax Provision": NaN,
        "Pretax Income": NaN,
        "Other Income Expense": NaN,
        "Other Non Operating Income Expenses": NaN,
        "Special Income Charges": 0.0,
        "Write Off": 0.0,
        "Gain On Sale Of Security": NaN,
        "Net Non Operating Interest Income Expense": NaN,
        "Total Other Finance Cost": -39150.0,
        "Interest Income Non Operating": NaN,
        "Operating Income": NaN,
        "Operating Expense": NaN,
        "Other Operating Expenses": NaN,
        "Research And Development": NaN,
        "Selling General And Administration": NaN,
        "Gross Profit": NaN,
        "Cost Of Revenue": NaN,
        "Total Revenue": NaN,
        "Operating Revenue": NaN
    },
    "2022-06-30": {
        "Tax Effect Of Unusual Items": 0.0,
        "Tax Rate For Calcs": 0.0,
        "Normalized EBITDA": 33375306.0,
        "Total Unusual Items": -43344383.0,
        "Total Unusual Items Excluding Goodwill": -43344383.0,
        "Net Income From Continuing Operation Net Minority Interest": -51244045.0,
        "Reconciled Depreciation": 70453.0,
        "Reconciled Cost Of Revenue": 1034596.0,
        "EBITDA": -9969077.0,
        "EBIT": -10039530.0,
        "Net Interest Income": 6945.0,
        "Interest Income": 6945.0,
        "Normalized Income": -7899662.0,
        "Net Income From Continuing And Discontinued Operation": -51244045.0,
        "Total Expenses": 11107559.0,
        "Total Operating Income As Reported": -10039530.0,
        "Diluted Average Shares": 19064854.0,
        "Basic Average Shares": 19064854.0,
        "Diluted EPS": -0.29,
        "Basic EPS": -0.29,
        "Diluted NI Availto Com Stockholders": -51470807.0,
        "Net Income Common Stockholders": -51470807.0,
        "Otherunder Preferred Stock Dividend": 161466.0,
        "Preferred Stock Dividends": 65296.0,
        "Net Income": -51244045.0,
        "Minority Interests": 2110903.0,
        "Net Income Including Noncontrolling Interests": -53354948.0,
        "Net Income Continuous Operations": -53354948.0,
        "Tax Provision": 0.0,
        "Pretax Income": -53354948.0,
        "Other Income Expense": -43322363.0,
        "Other Non Operating Income Expenses": 22020.0,
        "Special Income Charges": -43562847.0,
        "Write Off": 43562847.0,
        "Gain On Sale Of Security": 218464.0,
        "Net Non Operating Interest Income Expense": 6945.0,
        "Total Other Finance Cost": NaN,
        "Interest Income Non Operating": 6945.0,
        "Operating Income": -10039530.0,
        "Operating Expense": 10072963.0,
        "Other Operating Expenses": -233698.0,
        "Research And Development": 2170139.0,
        "Selling General And Administration": 8136522.0,
        "Gross Profit": 33433.0,
        "Cost Of Revenue": 1034596.0,
        "Total Revenue": 1068029.0,
        "Operating Revenue": 1068029.0
    },
    "2022-03-31": {
        "Diluted EPS": -0.26,
        "Total Revenue": 2,
        "Gross Profit": 0,
        "Operating Income": -10,
        "EBIT": -9,
        "Net Income": -5
    },
    "2021-12-31": {
        "Diluted EPS": -0.74,
        "Total Revenue": 1,
        "Gross Profit": 0,
        "Operating Income": -8,
        "EBIT": -8,
        "Net Income": -10
    },
    "2021-09-30": {
        "Diluted EPS": -0.26,
        "Total Revenue": 1,
        "Gross Profit": 1,
        "Operating Income": -7,
        "EBIT": -7,
        "Net Income": -5
    },
    "2021-06-30": {
        "Diluted EPS": -2.85,
        "Total Revenue": 1,
        "Gross Profit": 1,
        "Operating Income": -6,
        "EBIT": -6,
        "Net Income": -53
    },
    "2021-03-31": {
        "Diluted EPS": -0.52,
        "Total Revenue": 1,
        "Gross Profit": 1,
        "Operating Income": -5,
        "EBIT": -5,
        "Net Income": -5
    },
    "2020-12-31": {
        "Diluted EPS": -0.28,
        "Total Revenue": 1,
        "Gross Profit": 1,
        "Operating Income": -2,
        "EBIT": -2,
        "Net Income": -3
    },
    "2020-09-30": {
        "Diluted EPS": -0.09,
        "Total Revenue": 1,
        "Gross Profit": 1,
        "Operating Income": -1,
        "EBIT": -1,
        "Net Income": -1
    },
    "2020-06-30": {
        "Diluted EPS": -0.12,
        "Total Revenue": 0,
        "Gross Profit": 0,
        "Operating Income": -1,
        "EBIT": -1,
        "Net Income": -1
    },
    "2020-03-31": {
        "Diluted EPS": -0.06,
        "Total Revenue": 1,
        "Gross Profit": 1,
        "Operating Income": 0,
        "EBIT": 0,
        "Net Income": 0
    },
    "2019-12-31": {
        "Diluted EPS": 0.0,
        "Total Revenue": NaN,
        "Gross Profit": NaN,
        "Operating Income": NaN,
        "EBIT": NaN,
        "Net Income": NaN
    },
    "2019-09-30": {
        "Diluted EPS": 0.0,
        "Total Revenue": NaN,
        "Gross Profit": NaN,
        "Operating Income": 0,
        "EBIT": 0,
        "Net Income": 0
    },
    "2023-06-30": {
        "Tax Effect Of Unusual Items": NaN,
        "Tax Rate For Calcs": NaN,
        "Normalized EBITDA": NaN,
        "Total Unusual Items": NaN,
        "Total Unusual Items Excluding Goodwill": NaN,
        "Net Income From Continuing Operation Net Minority Interest": NaN,
        "Reconciled Depreciation": NaN,
        "Reconciled Cost Of Revenue": NaN,
        "EBITDA": NaN,
        "EBIT": NaN,
        "Net Interest Income": NaN,
        "Interest Income": 20644.0,
        "Normalized Income": NaN,
        "Net Income From Continuing And Discontinued Operation": NaN,
        "Total Expenses": NaN,
        "Total Operating Income As Reported": NaN,
        "Diluted Average Shares": NaN,
        "Basic Average Shares": NaN,
        "Diluted EPS": NaN,
        "Basic EPS": NaN,
        "Diluted NI Availto Com Stockholders": NaN,
        "Net Income Common Stockholders": NaN,
        "Otherunder Preferred Stock Dividend": NaN,
        "Preferred Stock Dividends": 70678.0,
        "Net Income": NaN,
        "Minority Interests": NaN,
        "Net Income Including Noncontrolling Interests": NaN,
        "Net Income Continuous Operations": NaN,
        "Tax Provision": NaN,
        "Pretax Income": NaN,
        "Other Income Expense": NaN,
        "Other Non Operating Income Expenses": NaN,
        "Gain On Sale Of Security": NaN,
        "Net Non Operating Interest Income Expense": NaN,
        "Total Other Finance Cost": NaN,
        "Interest Income Non Operating": 20644.0,
        "Operating Income": NaN,
        "Operating Expense": NaN,
        "Other Operating Expenses": NaN,
        "Research And Development": NaN,
        "Selling General And Administration": NaN,
        "Gross Profit": NaN,
        "Cost Of Revenue": NaN,
        "Total Revenue": NaN,
        "Operating Revenue": NaN
    },
    "2023-09-30": {
        "Tax Effect Of Unusual Items": 0.0,
        "Tax Rate For Calcs": 0.0,
        "Normalized EBITDA": -8664506.0,
        "Total Unusual Items": 281939.0,
        "Total Unusual Items Excluding Goodwill": 281939.0,
        "Net Income From Continuing Operation Net Minority Interest": -8341630.0,
        "Reconciled Depreciation": 80753.0,
        "Reconciled Cost Of Revenue": 2401225.0,
        "EBITDA": -8382567.0,
        "EBIT": -8463320.0,
        "Net Interest Income": 16213.0,
        "Interest Income": 16213.0,
        "Normalized Income": -8623569.0,
        "Net Income From Continuing And Discontinued Operation": -8341630.0,
        "Total Expenses": 11102329.0,
        "Total Operating Income As Reported": -8463320.0,
        "Diluted Average Shares": 804775.0,
        "Basic Average Shares": 804775.0,
        "Diluted EPS": -10.66,
        "Basic EPS": -10.66,
        "Diluted NI Availto Com Stockholders": -8575188.0,
        "Net Income Common Stockholders": -8575188.0,
        "Otherunder Preferred Stock Dividend": 161466.0,
        "Preferred Stock Dividends": 72092.0,
        "Net Income": -8341630.0,
        "Minority Interests": -8285.0,
        "Net Income Including Noncontrolling Interests": -8333345.0,
        "Net Income Continuous Operations": -8333345.0,
        "Tax Provision": 0.0,
        "Pretax Income": -8333345.0,
        "Other Income Expense": 113762.0,
        "Other Non Operating Income Expenses": -168177.0,
        "Gain On Sale Of Security": 281939.0,
        "Net Non Operating Interest Income Expense": 16213.0,
        "Total Other Finance Cost": -16213.0,
        "Interest Income Non Operating": 16213.0,
        "Operating Income": -8463320.0,
        "Operating Expense": 8701104.0,
        "Other Operating Expenses": -73563.0,
        "Research And Development": 2292908.0,
        "Selling General And Administration": 6481759.0,
        "Gross Profit": 237784.0,
        "Cost Of Revenue": 2401225.0,
        "Total Revenue": 2639009.0,
        "Operating Revenue": 2639009.0
    },
    "2023-12-31": {
        "Tax Effect Of Unusual Items": 9988.86,
        "Tax Rate For Calcs": 0.21,
        "Normalized EBITDA": -7336584.0,
        "Total Unusual Items": 47566.0,
        "Total Unusual Items Excluding Goodwill": 47566.0,
        "Net Income From Continuing Operation Net Minority Interest": -7283745.0,
        "Reconciled Depreciation": 159167.0,
        "Reconciled Cost Of Revenue": 1168099.0,
        "EBITDA": -7289018.0,
        "EBIT": -7448185.0,
        "Net Interest Income": 2988.0,
        "Interest Income": 2988.0,
        "Normalized Income": -7321322.14,
        "Net Income From Continuing And Discontinued Operation": -7283745.0,
        "Total Expenses": 8985187.0,
        "Total Operating Income As Reported": -7448185.0,
        "Diluted Average Shares": 107711.0,
        "Basic Average Shares": 107711.0,
        "Diluted EPS": -69.8,
        "Basic EPS": -69.8,
        "Diluted NI Availto Com Stockholders": -7518744.0,
        "Net Income Common Stockholders": -7518744.0,
        "Otherunder Preferred Stock Dividend": 161466.0,
        "Preferred Stock Dividends": 73533.0,
        "Net Income": -7283745.0,
        "Minority Interests": 35495.0,
        "Net Income Including Noncontrolling Interests": -7319240.0,
        "Net Income Continuous Operations": -7319240.0,
        "Tax Provision": 1600.0,
        "Pretax Income": -7317640.0,
        "Other Income Expense": 127557.0,
        "Other Non Operating Income Expenses": 79991.0,
        "Gain On Sale Of Security": 47566.0,
        "Net Non Operating Interest Income Expense": 2988.0,
        "Total Other Finance Cost": NaN,
        "Interest Income Non Operating": 2988.0,
        "Operating Income": -7448185.0,
        "Operating Expense": 7817088.0,
        "Other Operating Expenses": -107675.0,
        "Research And Development": 1981189.0,
        "Selling General And Administration": 5943574.0,
        "Gross Profit": 368903.0,
        "Cost Of Revenue": 1168099.0,
        "Total Revenue": 1537002.0,
        "Operating Revenue": 1537002.0
    },
    "2024-03-31": {
        "Tax Effect Of Unusual Items": 0.0,
        "Tax Rate For Calcs": 0.0,
        "Normalized EBITDA": -7876848.0,
        "Total Unusual Items": 716129.0,
        "Total Unusual Items Excluding Goodwill": 716129.0,
        "Net Income From Continuing Operation Net Minority Interest": -6714438.0,
        "Reconciled Depreciation": 86656.0,
        "Reconciled Cost Of Revenue": 509444.0,
        "EBITDA": -7160719.0,
        "EBIT": -7247375.0,
        "Net Interest Income": 9012.0,
        "Interest Income": 9012.0,
        "Normalized Income": -7430567.0,
        "Net Income From Continuing And Discontinued Operation": -6714438.0,
        "Total Expenses": 7943715.0,
        "Total Operating Income As Reported": -7247375.0,
        "Diluted Average Shares": 411443.0,
        "Basic Average Shares": 411443.0,
        "Diluted EPS": -16.9,
        "Basic EPS": -16.9,
        "Diluted NI Availto Com Stockholders": -6950908.0,
        "Net Income Common Stockholders": -6950908.0,
        "Otherunder Preferred Stock Dividend": 161466.0,
        "Preferred Stock Dividends": 75004.0,
        "Net Income": -6714438.0,
        "Minority Interests": 14299.0,
        "Net Income Including Noncontrolling Interests": -6728737.0,
        "Net Income Continuous Operations": -6728737.0,
        "Tax Provision": 0.0,
        "Pretax Income": -6728737.0,
        "Other Income Expense": 509626.0,
        "Other Non Operating Income Expenses": -206503.0,
        "Gain On Sale Of Security": 716129.0,
        "Net Non Operating Interest Income Expense": 9012.0,
        "Total Other Finance Cost": NaN,
        "Interest Income Non Operating": 9012.0,
        "Operating Income": -7247375.0,
        "Operating Expense": 7434271.0,
        "Other Operating Expenses": -83416.0,
        "Research And Development": 1589577.0,
        "Selling General And Administration": 5928110.0,
        "Gross Profit": 186896.0,
        "Cost Of Revenue": 509444.0,
        "Total Revenue": 696340.0,
        "Operating Revenue": 696340.0
    },
    "2024-06-30": {
        "Tax Effect Of Unusual Items": 0.0,
        "Tax Rate For Calcs": 0.0,
        "Normalized EBITDA": -7264039.0,
        "Total Unusual Items": 1592679.0,
        "Total Unusual Items Excluding Goodwill": 1592679.0,
        "Net Income From Continuing Operation Net Minority Interest": -3938747.0,
        "Reconciled Depreciation": 92514.0,
        "Reconciled Cost Of Revenue": 602715.0,
        "EBITDA": -5671360.0,
        "EBIT": -5763874.0,
        "Net Interest Income": 10736.0,
        "Interest Income": 10736.0,
        "Normalized Income": -5531426.0,
        "Net Income From Continuing And Discontinued Operation": -3938747.0,
        "Total Expenses": 6434633.0,
        "Total Operating Income As Reported": -5763874.0,
        "Diluted Average Shares": 623028.0,
        "Basic Average Shares": 623028.0,
        "Diluted EPS": -6.7,
        "Basic EPS": -6.7,
        "Diluted NI Availto Com Stockholders": -4176717.0,
        "Net Income Common Stockholders": -4176717.0,
        "Otherunder Preferred Stock Dividend": 161466.0,
        "Preferred Stock Dividends": 76504.0,
        "Net Income": -3938747.0,
        "Minority Interests": 10268.0,
        "Net Income Including Noncontrolling Interests": -3949015.0,
        "Net Income Continuous Operations": -3949015.0,
        "Tax Provision": 0.0,
        "Pretax Income": -3949015.0,
        "Other Income Expense": 1804123.0,
        "Other Non Operating Income Expenses": 211444.0,
        "Gain On Sale Of Security": 1592679.0,
        "Net Non Operating Interest Income Expense": 10736.0,
        "Total Other Finance Cost": NaN,
        "Interest Income Non Operating": 10736.0,
        "Operating Income": -5763874.0,
        "Operating Expense": 5831918.0,
        "Other Operating Expenses": -131421.0,
        "Research And Development": 1473567.0,
        "Selling General And Administration": 4489772.0,
        "Gross Profit": 68044.0,
        "Cost Of Revenue": 602715.0,
        "Total Revenue": 670759.0,
        "Operating Revenue": 670759.0
    },
    "2024-09-30": {
        "Tax Effect Of Unusual Items": 0.0,
        "Tax Rate For Calcs": 0.0,
        "Normalized EBITDA": -2091726.0,
        "Total Unusual Items": 329990.0,
        "Total Unusual Items Excluding Goodwill": 329990.0,
        "Net Income From Continuing Operation Net Minority Interest": -1649843.0,
        "Reconciled Depreciation": 75105.0,
        "Reconciled Cost Of Revenue": 918087.0,
        "EBITDA": -1761736.0,
        "EBIT": -1836841.0,
        "Net Interest Income": -242468.0,
        "Interest Income": NaN,
        "Normalized Income": -1979833.0,
        "Net Income From Continuing And Discontinued Operation": -1649843.0,
        "Total Expenses": 3646174.0,
        "Total Operating Income As Reported": -1836841.0,
        "Diluted Average Shares": 666894.0,
        "Basic Average Shares": 666894.0,
        "Diluted EPS": -2.47,
        "Basic EPS": -2.47,
        "Diluted NI Availto Com Stockholders": -1649843.0,
        "Net Income Common Stockholders": -1649843.0,
        "Otherunder Preferred Stock Dividend": 0.0,
        "Preferred Stock Dividends": NaN,
        "Net Income": -1649843.0,
        "Minority Interests": 0.0,
        "Net Income Including Noncontrolling Interests": -1649843.0,
        "Net Income Continuous Operations": -1649843.0,
        "Tax Provision": 0.0,
        "Pretax Income": -1649843.0,
        "Other Income Expense": 429466.0,
        "Other Non Operating Income Expenses": 99476.0,
        "Gain On Sale Of Security": 329990.0,
        "Net Non Operating Interest Income Expense": -242468.0,
        "Total Other Finance Cost": 242468.0,
        "Interest Income Non Operating": NaN,
        "Operating Income": -1836841.0,
        "Operating Expense": 2728087.0,
        "Other Operating Expenses": -108885.0,
        "Research And Development": 710291.0,
        "Selling General And Administration": 2126681.0,
        "Gross Profit": 891246.0,
        "Cost Of Revenue": 918087.0,
        "Total Revenue": 1809333.0,
        "Operating Revenue": 1809333.0
    }
}