{
    "2023-06-30": {
        "Tax Effect Of Unusual Items": NaN,
        "Tax Rate For Calcs": NaN,
        "Normalized EBITDA": NaN,
        "Total Unusual Items": NaN,
        "Total Unusual Items Excluding Goodwill": NaN,
        "Net Income From Continuing Operation Net Minority Interest": NaN,
        "Reconciled Depreciation": NaN,
        "Reconciled Cost Of Revenue": NaN,
        "EBITDA": NaN,
        "EBIT": NaN,
        "Net Interest Income": NaN,
        "Interest Expense": NaN,
        "Normalized Income": NaN,
        "Net Income From Continuing And Discontinued Operation": NaN,
        "Total Expenses": NaN,
        "Total Operating Income As Reported": NaN,
        "Diluted Average Shares": NaN,
        "Basic Average Shares": NaN,
        "Diluted EPS": NaN,
        "Basic EPS": NaN,
        "Diluted NI Availto Com Stockholders": NaN,
        "Net Income Common Stockholders": NaN,
        "Net Income": NaN,
        "Net Income Including Noncontrolling Interests": NaN,
        "Net Income Continuous Operations": NaN,
        "Tax Provision": NaN,
        "Pretax Income": NaN,
        "Other Income Expense": NaN,
        "Other Non Operating Income Expenses": NaN,
        "Special Income Charges": NaN,
        "Gain On Sale Of Business": 0.0,
        "Other Special Charges": NaN,
        "Impairment Of Capital Assets": 11000000.0,
        "Restructuring And Mergern Acquisition": NaN,
        "Gain On Sale Of Security": -3000000.0,
        "Net Non Operating Interest Income Expense": NaN,
        "Interest Expense Non Operating": NaN,
        "Operating Income": NaN,
        "Operating Expense": NaN,
        "Selling General And Administration": NaN,
        "Gross Profit": NaN,
        "Cost Of Revenue": NaN,
        "Total Revenue": NaN,
        "Operating Revenue": NaN
    },
    "2023-03-31": {
        "Tax Effect Of Unusual Items": NaN,
        "Tax Rate For Calcs": NaN,
        "Normalized EBITDA": NaN,
        "Total Unusual Items": NaN,
        "Total Unusual Items Excluding Goodwill": NaN,
        "Net Income From Continuing Operation Net Minority Interest": NaN,
        "Reconciled Depreciation": NaN,
        "Reconciled Cost Of Revenue": NaN,
        "EBITDA": NaN,
        "EBIT": NaN,
        "Net Interest Income": NaN,
        "Interest Expense": NaN,
        "Normalized Income": NaN,
        "Net Income From Continuing And Discontinued Operation": NaN,
        "Total Expenses": NaN,
        "Total Operating Income As Reported": NaN,
        "Diluted Average Shares": NaN,
        "Basic Average Shares": NaN,
        "Diluted EPS": NaN,
        "Basic EPS": NaN,
        "Diluted NI Availto Com Stockholders": NaN,
        "Net Income Common Stockholders": NaN,
        "Net Income": NaN,
        "Net Income Including Noncontrolling Interests": NaN,
        "Net Income Continuous Operations": NaN,
        "Tax Provision": NaN,
        "Pretax Income": NaN,
        "Other Income Expense": NaN,
        "Other Non Operating Income Expenses": NaN,
        "Special Income Charges": NaN,
        "Gain On Sale Of Business": 0.0,
        "Other Special Charges": NaN,
        "Impairment Of Capital Assets": NaN,
        "Restructuring And Mergern Acquisition": NaN,
        "Gain On Sale Of Security": -2000000.0,
        "Net Non Operating Interest Income Expense": NaN,
        "Interest Expense Non Operating": NaN,
        "Operating Income": NaN,
        "Operating Expense": NaN,
        "Selling General And Administration": NaN,
        "Gross Profit": NaN,
        "Cost Of Revenue": NaN,
        "Total Revenue": NaN,
        "Operating Revenue": NaN
    },
    "2022-12-31": {
        "Tax Effect Of Unusual Items": NaN,
        "Tax Rate For Calcs": NaN,
        "Normalized EBITDA": NaN,
        "Total Unusual Items": NaN,
        "Total Unusual Items Excluding Goodwill": NaN,
        "Net Income From Continuing Operation Net Minority Interest": NaN,
        "Reconciled Depreciation": NaN,
        "Reconciled Cost Of Revenue": NaN,
        "EBITDA": NaN,
        "EBIT": NaN,
        "Net Interest Income": NaN,
        "Interest Expense": NaN,
        "Normalized Income": NaN,
        "Net Income From Continuing And Discontinued Operation": NaN,
        "Total Expenses": NaN,
        "Total Operating Income As Reported": NaN,
        "Diluted Average Shares": NaN,
        "Basic Average Shares": NaN,
        "Diluted EPS": NaN,
        "Basic EPS": NaN,
        "Diluted NI Availto Com Stockholders": NaN,
        "Net Income Common Stockholders": NaN,
        "Net Income": NaN,
        "Net Income Including Noncontrolling Interests": NaN,
        "Net Income Continuous Operations": NaN,
        "Tax Provision": NaN,
        "Pretax Income": NaN,
        "Other Income Expense": NaN,
        "Other Non Operating Income Expenses": NaN,
        "Special Income Charges": NaN,
        "Gain On Sale Of Business": 0.0,
        "Other Special Charges": NaN,
        "Impairment Of Capital Assets": 326000000.0,
        "Restructuring And Mergern Acquisition": NaN,
        "Gain On Sale Of Security": NaN,
        "Net Non Operating Interest Income Expense": NaN,
        "Interest Expense Non Operating": NaN,
        "Operating Income": NaN,
        "Operating Expense": NaN,
        "Selling General And Administration": NaN,
        "Gross Profit": NaN,
        "Cost Of Revenue": NaN,
        "Total Revenue": NaN,
        "Operating Revenue": NaN
    },
    "2022-09-30": {
        "Tax Effect Of Unusual Items": NaN,
        "Tax Rate For Calcs": NaN,
        "Normalized EBITDA": NaN,
        "Total Unusual Items": NaN,
        "Total Unusual Items Excluding Goodwill": NaN,
        "Net Income From Continuing Operation Net Minority Interest": NaN,
        "Reconciled Depreciation": NaN,
        "Reconciled Cost Of Revenue": NaN,
        "EBITDA": NaN,
        "EBIT": NaN,
        "Net Interest Income": NaN,
        "Interest Expense": NaN,
        "Normalized Income": NaN,
        "Net Income From Continuing And Discontinued Operation": NaN,
        "Total Expenses": NaN,
        "Total Operating Income As Reported": NaN,
        "Diluted Average Shares": NaN,
        "Basic Average Shares": NaN,
        "Diluted EPS": NaN,
        "Basic EPS": NaN,
        "Diluted NI Availto Com Stockholders": NaN,
        "Net Income Common Stockholders": NaN,
        "Net Income": NaN,
        "Net Income Including Noncontrolling Interests": NaN,
        "Net Income Continuous Operations": NaN,
        "Tax Provision": NaN,
        "Pretax Income": NaN,
        "Other Income Expense": NaN,
        "Other Non Operating Income Expenses": NaN,
        "Special Income Charges": NaN,
        "Gain On Sale Of Business": NaN,
        "Other Special Charges": NaN,
        "Impairment Of Capital Assets": 148000000.0,
        "Restructuring And Mergern Acquisition": NaN,
        "Gain On Sale Of Security": NaN,
        "Net Non Operating Interest Income Expense": NaN,
        "Interest Expense Non Operating": NaN,
        "Operating Income": NaN,
        "Operating Expense": NaN,
        "Selling General And Administration": NaN,
        "Gross Profit": NaN,
        "Cost Of Revenue": NaN,
        "Total Revenue": NaN,
        "Operating Revenue": NaN
    },
    "2022-06-30": {
        "Tax Effect Of Unusual Items": -788000.0,
        "Tax Rate For Calcs": 0.197,
        "Normalized EBITDA": 384000000.0,
        "Total Unusual Items": -4000000.0,
        "Total Unusual Items Excluding Goodwill": -4000000.0,
        "Net Income From Continuing Operation Net Minority Interest": 204000000.0,
        "Reconciled Depreciation": 71000000.0,
        "Reconciled Cost Of Revenue": 1709000000.0,
        "EBITDA": 380000000.0,
        "EBIT": 309000000.0,
        "Net Interest Income": -55000000.0,
        "Interest Expense": 55000000.0,
        "Normalized Income": 207212000.0,
        "Net Income From Continuing And Discontinued Operation": 204000000.0,
        "Total Expenses": 2213000000.0,
        "Total Operating Income As Reported": 317000000.0,
        "Diluted Average Shares": 415700000.0,
        "Basic Average Shares": 413800000.0,
        "Diluted EPS": 0.48,
        "Basic EPS": 0.48,
        "Diluted NI Availto Com Stockholders": 204000000.0,
        "Net Income Common Stockholders": 204000000.0,
        "Net Income": 204000000.0,
        "Net Income Including Noncontrolling Interests": 204000000.0,
        "Net Income Continuous Operations": 204000000.0,
        "Tax Provision": 50000000.0,
        "Pretax Income": 254000000.0,
        "Other Income Expense": -12000000.0,
        "Other Non Operating Income Expenses": -8000000.0,
        "Special Income Charges": -4000000.0,
        "Gain On Sale Of Business": NaN,
        "Other Special Charges": NaN,
        "Impairment Of Capital Assets": NaN,
        "Restructuring And Mergern Acquisition": 4000000.0,
        "Gain On Sale Of Security": NaN,
        "Net Non Operating Interest Income Expense": -55000000.0,
        "Interest Expense Non Operating": 55000000.0,
        "Operating Income": 321000000.0,
        "Operating Expense": 504000000.0,
        "Selling General And Administration": 504000000.0,
        "Gross Profit": 825000000.0,
        "Cost Of Revenue": 1709000000.0,
        "Total Revenue": 2534000000.0,
        "Operating Revenue": 2534000000.0
    },
    "2022-03-31": {
        "Diluted EPS": 0.54,
        "Total Revenue": NaN,
        "Gross Profit": 740,
        "Operating Income": 217,
        "EBIT": 293,
        "Net Income": 228
    },
    "2021-12-31": {
        "Diluted EPS": 0.34,
        "Total Revenue": NaN,
        "Gross Profit": 902,
        "Operating Income": 235,
        "EBIT": 376,
        "Net Income": 146
    },
    "2021-09-30": {
        "Diluted EPS": 0.44,
        "Total Revenue": NaN,
        "Gross Profit": 848,
        "Operating Income": 281,
        "EBIT": 359,
        "Net Income": 190
    },
    "2021-06-30": {
        "Diluted EPS": 0.46,
        "Total Revenue": NaN,
        "Gross Profit": 882,
        "Operating Income": 305,
        "EBIT": 385,
        "Net Income": 197
    },
    "2021-03-31": {
        "Diluted EPS": 0.21,
        "Total Revenue": NaN,
        "Gross Profit": 731,
        "Operating Income": 192,
        "EBIT": 278,
        "Net Income": 89
    },
    "2020-12-31": {
        "Diluted EPS": 0.32,
        "Total Revenue": NaN,
        "Gross Profit": 889,
        "Operating Income": 253,
        "EBIT": 364,
        "Net Income": 131
    },
    "2020-09-30": {
        "Diluted EPS": 0.71,
        "Total Revenue": NaN,
        "Gross Profit": 914,
        "Operating Income": 363,
        "EBIT": 456,
        "Net Income": 304
    },
    "2020-06-30": {
        "Diluted EPS": 0.18,
        "Total Revenue": NaN,
        "Gross Profit": 664,
        "Operating Income": 163,
        "EBIT": 253,
        "Net Income": 78
    },
    "2020-03-31": {
        "Diluted EPS": -3.02,
        "Total Revenue": NaN,
        "Gross Profit": 617,
        "Operating Income": NaN,
        "EBIT": 158,
        "Net Income": NaN
    },
    "2019-12-31": {
        "Diluted EPS": 1.88,
        "Total Revenue": NaN,
        "Gross Profit": 852,
        "Operating Income": 132,
        "EBIT": 328,
        "Net Income": 794
    },
    "2019-09-30": {
        "Diluted EPS": -1.48,
        "Total Revenue": NaN,
        "Gross Profit": 847,
        "Operating Income": -857,
        "EBIT": 365,
        "Net Income": -626
    },
    "2019-06-30": {
        "Diluted EPS": 0.21,
        "Total Revenue": NaN,
        "Gross Profit": 865,
        "Operating Income": 231,
        "EBIT": 332,
        "Net Income": 90
    },
    "2019-03-31": {
        "Diluted EPS": -0.36,
        "Total Revenue": NaN,
        "Gross Profit": 655,
        "Operating Income": 12,
        "EBIT": 274,
        "Net Income": -151
    },
    "2018-12-31": {
        "Diluted EPS": 0.49,
        "Total Revenue": NaN,
        "Gross Profit": NaN,
        "Operating Income": 224,
        "EBIT": 873,
        "Net Income": 184
    },
    "2018-09-30": {
        "Diluted EPS": -15.52,
        "Total Revenue": NaN,
        "Gross Profit": 915,
        "Operating Income": NaN,
        "EBIT": NaN,
        "Net Income": NaN
    },
    "2018-06-30": {
        "Diluted EPS": 0.27,
        "Total Revenue": NaN,
        "Gross Profit": 775,
        "Operating Income": 84,
        "EBIT": 675,
        "Net Income": 132
    },
    "2018-03-31": {
        "Diluted EPS": 0.11,
        "Total Revenue": NaN,
        "Gross Profit": 605,
        "Operating Income": -26,
        "EBIT": 123,
        "Net Income": 53
    },
    "2017-12-31": {
        "Diluted EPS": 3.38,
        "Total Revenue": NaN,
        "Gross Profit": 951,
        "Operating Income": 319,
        "EBIT": 479,
        "Net Income": NaN
    },
    "2017-09-30": {
        "Diluted EPS": 0.48,
        "Total Revenue": NaN,
        "Gross Profit": 865,
        "Operating Income": 141,
        "EBIT": 297,
        "Net Income": 234
    },
    "2017-06-30": {
        "Diluted EPS": 0.46,
        "Total Revenue": NaN,
        "Gross Profit": 877,
        "Operating Income": 92,
        "EBIT": 308,
        "Net Income": 223
    },
    "2017-03-31": {
        "Diluted EPS": 1.31,
        "Total Revenue": NaN,
        "Gross Profit": NaN,
        "Operating Income": 154,
        "EBIT": 343,
        "Net Income": 639
    },
    "2016-12-31": {
        "Diluted EPS": 0.42,
        "Total Revenue": 53,
        "Gross Profit": 95,
        "Operating Income": -289,
        "EBIT": -159,
        "Net Income": 166
    },
    "2016-09-30": {
        "Diluted EPS": 0.38,
        "Total Revenue": NaN,
        "Gross Profit": NaN,
        "Operating Income": 324,
        "EBIT": 462,
        "Net Income": 187
    },
    "2016-06-30": {
        "Diluted EPS": 0.3,
        "Total Revenue": NaN,
        "Gross Profit": NaN,
        "Operating Income": 138,
        "EBIT": 264,
        "Net Income": 135
    },
    "2016-03-31": {
        "Diluted EPS": 0.15,
        "Total Revenue": NaN,
        "Gross Profit": 506,
        "Operating Income": 125,
        "EBIT": 168,
        "Net Income": 41
    },
    "2015-12-31": {
        "Diluted EPS": 0.04,
        "Total Revenue": NaN,
        "Gross Profit": 597,
        "Operating Income": 102,
        "EBIT": 145,
        "Net Income": 13
    },
    "2015-09-30": {
        "Diluted EPS": 0.5,
        "Total Revenue": NaN,
        "Gross Profit": 599,
        "Operating Income": 187,
        "EBIT": 230,
        "Net Income": 134
    },
    "2015-06-30": {
        "Diluted EPS": 0.55,
        "Total Revenue": NaN,
        "Gross Profit": 621,
        "Operating Income": 215,
        "EBIT": 258,
        "Net Income": 149
    },
    "2015-03-31": {
        "Diluted EPS": 0.2,
        "Total Revenue": NaN,
        "Gross Profit": 488,
        "Operating Income": 98,
        "EBIT": 140,
        "Net Income": 54
    },
    "2014-12-31": {
        "Diluted EPS": 0.18,
        "Total Revenue": NaN,
        "Gross Profit": 574,
        "Operating Income": 114,
        "EBIT": 155,
        "Net Income": 52
    },
    "2014-09-30": {
        "Diluted EPS": 0.44,
        "Total Revenue": NaN,
        "Gross Profit": 577,
        "Operating Income": 173,
        "EBIT": 212,
        "Net Income": 122
    },
    "2014-06-30": {
        "Diluted EPS": 0.54,
        "Total Revenue": NaN,
        "Gross Profit": 596,
        "Operating Income": 213,
        "EBIT": 251,
        "Net Income": 151
    },
    "2014-03-31": {
        "Diluted EPS": 0.19,
        "Total Revenue": NaN,
        "Gross Profit": 457,
        "Operating Income": 105,
        "EBIT": 143,
        "Net Income": 53
    },
    "2013-12-31": {
        "Diluted EPS": 0.41,
        "Total Revenue": NaN,
        "Gross Profit": 516,
        "Operating Income": 153,
        "EBIT": 193,
        "Net Income": 117
    },
    "2013-09-30": {
        "Diluted EPS": 0.66,
        "Total Revenue": NaN,
        "Gross Profit": 553,
        "Operating Income": 179,
        "EBIT": 218,
        "Net Income": 193
    },
    "2013-06-30": {
        "Diluted EPS": 0.37,
        "Total Revenue": NaN,
        "Gross Profit": 583,
        "Operating Income": 185,
        "EBIT": 225,
        "Net Income": 110
    },
    "2013-03-31": {
        "Diluted EPS": 0.19,
        "Total Revenue": NaN,
        "Gross Profit": 474,
        "Operating Income": 98,
        "EBIT": 138,
        "Net Income": 54
    },
    "2012-12-31": {
        "Diluted EPS": 0.35,
        "Total Revenue": NaN,
        "Gross Profit": 494,
        "Operating Income": 150,
        "EBIT": 192,
        "Net Income": 102
    },
    "2012-09-30": {
        "Diluted EPS": 0.37,
        "Total Revenue": NaN,
        "Gross Profit": 559,
        "Operating Income": 187,
        "EBIT": 228,
        "Net Income": 108
    },
    "2012-06-30": {
        "Diluted EPS": 0.38,
        "Total Revenue": NaN,
        "Gross Profit": 553,
        "Operating Income": 177,
        "EBIT": 219,
        "Net Income": 112
    },
    "2012-03-31": {
        "Diluted EPS": 0.27,
        "Total Revenue": NaN,
        "Gross Profit": 488,
        "Operating Income": 123,
        "EBIT": 163,
        "Net Income": 79
    },
    "2011-12-31": {
        "Diluted EPS": 0.29,
        "Total Revenue": NaN,
        "Gross Profit": 453,
        "Operating Income": 181,
        "EBIT": 222,
        "Net Income": 80
    },
    "2011-09-30": {
        "Diluted EPS": -0.61,
        "Total Revenue": NaN,
        "Gross Profit": 579,
        "Operating Income": -192,
        "EBIT": -153,
        "Net Income": -178
    },
    "2011-06-30": {
        "Diluted EPS": 0.49,
        "Total Revenue": NaN,
        "Gross Profit": 584,
        "Operating Income": 196,
        "EBIT": 237,
        "Net Income": 147
    },
    "2011-03-31": {
        "Diluted EPS": 0.25,
        "Total Revenue": NaN,
        "Gross Profit": 485,
        "Operating Income": 128,
        "EBIT": 169,
        "Net Income": 76
    },
    "2010-12-31": {
        "Diluted EPS": 0.27,
        "Total Revenue": NaN,
        "Gross Profit": 526,
        "Operating Income": 115,
        "EBIT": 157,
        "Net Income": 76
    },
    "2010-09-30": {
        "Diluted EPS": 0.09,
        "Total Revenue": NaN,
        "Gross Profit": 563,
        "Operating Income": 175,
        "EBIT": 218,
        "Net Income": 28
    },
    "2010-06-30": {
        "Diluted EPS": 0.41,
        "Total Revenue": NaN,
        "Gross Profit": 587,
        "Operating Income": 204,
        "EBIT": 246,
        "Net Income": 130
    },
    "2010-03-31": {
        "Diluted EPS": 0.19,
        "Total Revenue": NaN,
        "Gross Profit": 472,
        "Operating Income": 130,
        "EBIT": 174,
        "Net Income": 58
    },
    "2009-12-31": {
        "Diluted EPS": 0.2,
        "Total Revenue": NaN,
        "Gross Profit": 506,
        "Operating Income": 130,
        "EBIT": 175,
        "Net Income": 61
    },
    "2009-09-30": {
        "Diluted EPS": 0.28,
        "Total Revenue": NaN,
        "Gross Profit": 543,
        "Operating Income": 165,
        "EBIT": 211,
        "Net Income": 86
    },
    "2009-06-30": {
        "Diluted EPS": 0.37,
        "Total Revenue": NaN,
        "Gross Profit": 558,
        "Operating Income": 200,
        "EBIT": 242,
        "Net Income": 106
    },
    "2009-03-31": {
        "Diluted EPS": 0.12,
        "Total Revenue": NaN,
        "Gross Profit": 423,
        "Operating Income": 81,
        "EBIT": 123,
        "Net Income": 34
    },
    "2023-09-30": {
        "Tax Effect Of Unusual Items": -74772000.0,
        "Tax Rate For Calcs": 0.268,
        "Normalized EBITDA": 131000000.0,
        "Total Unusual Items": -279000000.0,
        "Total Unusual Items Excluding Goodwill": -279000000.0,
        "Net Income From Continuing Operation Net Minority Interest": -218000000.0,
        "Reconciled Depreciation": 81000000.0,
        "Reconciled Cost Of Revenue": 1427000000.0,
        "EBITDA": -148000000.0,
        "EBIT": -229000000.0,
        "Net Interest Income": -69000000.0,
        "Interest Expense": 69000000.0,
        "Normalized Income": -13772000.0,
        "Net Income From Continuing And Discontinued Operation": -218000000.0,
        "Total Expenses": 1928000000.0,
        "Total Operating Income As Reported": -159000000.0,
        "Diluted Average Shares": 414200000.0,
        "Basic Average Shares": 414200000.0,
        "Diluted EPS": -0.53,
        "Basic EPS": -0.53,
        "Diluted NI Availto Com Stockholders": -218000000.0,
        "Net Income Common Stockholders": -218000000.0,
        "Net Income": -218000000.0,
        "Net Income Including Noncontrolling Interests": -218000000.0,
        "Net Income Continuous Operations": -218000000.0,
        "Tax Provision": -80000000.0,
        "Pretax Income": -298000000.0,
        "Other Income Expense": -349000000.0,
        "Other Non Operating Income Expenses": -70000000.0,
        "Special Income Charges": -279000000.0,
        "Gain On Sale Of Business": NaN,
        "Other Special Charges": NaN,
        "Impairment Of Capital Assets": 263000000.0,
        "Restructuring And Mergern Acquisition": 16000000.0,
        "Gain On Sale Of Security": NaN,
        "Net Non Operating Interest Income Expense": -69000000.0,
        "Interest Expense Non Operating": 69000000.0,
        "Operating Income": 120000000.0,
        "Operating Expense": 501000000.0,
        "Selling General And Administration": 501000000.0,
        "Gross Profit": 621000000.0,
        "Cost Of Revenue": 1427000000.0,
        "Total Revenue": 2048000000.0,
        "Operating Revenue": 2048000000.0
    },
    "2023-12-31": {
        "Tax Effect Of Unusual Items": -20580000.0,
        "Tax Rate For Calcs": 0.21,
        "Normalized EBITDA": 98000000.0,
        "Total Unusual Items": -98000000.0,
        "Total Unusual Items Excluding Goodwill": -98000000.0,
        "Net Income From Continuing Operation Net Minority Interest": -86000000.0,
        "Reconciled Depreciation": 94000000.0,
        "Reconciled Cost Of Revenue": 1455000000.0,
        "EBITDA": 0.0,
        "EBIT": -94000000.0,
        "Net Interest Income": -70000000.0,
        "Interest Expense": 70000000.0,
        "Normalized Income": -8580000.0,
        "Net Income From Continuing And Discontinued Operation": -86000000.0,
        "Total Expenses": 1999000000.0,
        "Total Operating Income As Reported": -10000000.0,
        "Diluted Average Shares": 414200000.0,
        "Basic Average Shares": 414200000.0,
        "Diluted EPS": -0.21,
        "Basic EPS": -0.21,
        "Diluted NI Availto Com Stockholders": -86000000.0,
        "Net Income Common Stockholders": -86000000.0,
        "Net Income": -86000000.0,
        "Net Income Including Noncontrolling Interests": -86000000.0,
        "Net Income Continuous Operations": -86000000.0,
        "Tax Provision": -78000000.0,
        "Pretax Income": -164000000.0,
        "Other Income Expense": -171000000.0,
        "Other Non Operating Income Expenses": -73000000.0,
        "Special Income Charges": -86000000.0,
        "Gain On Sale Of Business": 1000000.0,
        "Other Special Charges": NaN,
        "Impairment Of Capital Assets": 68000000.0,
        "Restructuring And Mergern Acquisition": 19000000.0,
        "Gain On Sale Of Security": -12000000.0,
        "Net Non Operating Interest Income Expense": -70000000.0,
        "Interest Expense Non Operating": 70000000.0,
        "Operating Income": 77000000.0,
        "Operating Expense": 544000000.0,
        "Selling General And Administration": 544000000.0,
        "Gross Profit": 621000000.0,
        "Cost Of Revenue": 1455000000.0,
        "Total Revenue": 2076000000.0,
        "Operating Revenue": 2076000000.0
    },
    "2024-03-31": {
        "Tax Effect Of Unusual Items": -6300000.0,
        "Tax Rate For Calcs": 0.21,
        "Normalized EBITDA": 125000000.0,
        "Total Unusual Items": -30000000.0,
        "Total Unusual Items Excluding Goodwill": -30000000.0,
        "Net Income From Continuing Operation Net Minority Interest": -9000000.0,
        "Reconciled Depreciation": 85000000.0,
        "Reconciled Cost Of Revenue": 1149000000.0,
        "EBITDA": 95000000.0,
        "EBIT": 10000000.0,
        "Net Interest Income": -70000000.0,
        "Interest Expense": 70000000.0,
        "Normalized Income": 14700000.0,
        "Net Income From Continuing And Discontinued Operation": -9000000.0,
        "Total Expenses": 1611000000.0,
        "Total Operating Income As Reported": 16000000.0,
        "Diluted Average Shares": 414700000.0,
        "Basic Average Shares": 414700000.0,
        "Diluted EPS": -0.02,
        "Basic EPS": -0.02,
        "Diluted NI Availto Com Stockholders": -9000000.0,
        "Net Income Common Stockholders": -9000000.0,
        "Net Income": -9000000.0,
        "Net Income Including Noncontrolling Interests": -9000000.0,
        "Net Income Continuous Operations": -9000000.0,
        "Tax Provision": -51000000.0,
        "Pretax Income": -60000000.0,
        "Other Income Expense": -32000000.0,
        "Other Non Operating Income Expenses": -2000000.0,
        "Special Income Charges": -27000000.0,
        "Gain On Sale Of Business": NaN,
        "Other Special Charges": 1000000.0,
        "Impairment Of Capital Assets": NaN,
        "Restructuring And Mergern Acquisition": 26000000.0,
        "Gain On Sale Of Security": -3000000.0,
        "Net Non Operating Interest Income Expense": -70000000.0,
        "Interest Expense Non Operating": 70000000.0,
        "Operating Income": 42000000.0,
        "Operating Expense": 462000000.0,
        "Selling General And Administration": 462000000.0,
        "Gross Profit": 504000000.0,
        "Cost Of Revenue": 1149000000.0,
        "Total Revenue": 1653000000.0,
        "Operating Revenue": 1653000000.0
    },
    "2024-06-30": {
        "Tax Effect Of Unusual Items": -2520000.0,
        "Tax Rate For Calcs": 0.21,
        "Normalized EBITDA": 253000000.0,
        "Total Unusual Items": -12000000.0,
        "Total Unusual Items Excluding Goodwill": -12000000.0,
        "Net Income From Continuing Operation Net Minority Interest": 45000000.0,
        "Reconciled Depreciation": 79000000.0,
        "Reconciled Cost Of Revenue": 1334000000.0,
        "EBITDA": 241000000.0,
        "EBIT": 162000000.0,
        "Net Interest Income": -78000000.0,
        "Interest Expense": 78000000.0,
        "Normalized Income": 54480000.0,
        "Net Income From Continuing And Discontinued Operation": 45000000.0,
        "Total Expenses": 1854000000.0,
        "Total Operating Income As Reported": 163000000.0,
        "Diluted Average Shares": 418200000.0,
        "Basic Average Shares": 415200000.0,
        "Diluted EPS": 0.11,
        "Basic EPS": 0.11,
        "Diluted NI Availto Com Stockholders": 45000000.0,
        "Net Income Common Stockholders": 45000000.0,
        "Net Income": 45000000.0,
        "Net Income Including Noncontrolling Interests": 45000000.0,
        "Net Income Continuous Operations": 45000000.0,
        "Tax Provision": 39000000.0,
        "Pretax Income": 84000000.0,
        "Other Income Expense": -17000000.0,
        "Other Non Operating Income Expenses": -5000000.0,
        "Special Income Charges": -13000000.0,
        "Gain On Sale Of Business": 3000000.0,
        "Other Special Charges": NaN,
        "Impairment Of Capital Assets": 6000000.0,
        "Restructuring And Mergern Acquisition": 10000000.0,
        "Gain On Sale Of Security": 1000000.0,
        "Net Non Operating Interest Income Expense": -78000000.0,
        "Interest Expense Non Operating": 78000000.0,
        "Operating Income": 179000000.0,
        "Operating Expense": 520000000.0,
        "Selling General And Administration": 520000000.0,
        "Gross Profit": 699000000.0,
        "Cost Of Revenue": 1334000000.0,
        "Total Revenue": 2033000000.0,
        "Operating Revenue": 2033000000.0
    },
    "2024-09-30": {
        "Tax Effect Of Unusual Items": -8976000.0,
        "Tax Rate For Calcs": 0.034,
        "Normalized EBITDA": 215000000.0,
        "Total Unusual Items": -264000000.0,
        "Total Unusual Items Excluding Goodwill": -264000000.0,
        "Net Income From Continuing Operation Net Minority Interest": -198000000.0,
        "Reconciled Depreciation": 81000000.0,
        "Reconciled Cost Of Revenue": 1268000000.0,
        "EBITDA": -49000000.0,
        "EBIT": -130000000.0,
        "Net Interest Income": -75000000.0,
        "Interest Expense": 75000000.0,
        "Normalized Income": 57024000.0,
        "Net Income From Continuing And Discontinued Operation": -198000000.0,
        "Total Expenses": 1804000000.0,
        "Total Operating Income As Reported": -121000000.0,
        "Diluted Average Shares": 416000000.0,
        "Basic Average Shares": 416000000.0,
        "Diluted EPS": -0.48,
        "Basic EPS": -0.48,
        "Diluted NI Availto Com Stockholders": -198000000.0,
        "Net Income Common Stockholders": -198000000.0,
        "Net Income": -198000000.0,
        "Net Income Including Noncontrolling Interests": -198000000.0,
        "Net Income Continuous Operations": -198000000.0,
        "Tax Provision": -7000000.0,
        "Pretax Income": -205000000.0,
        "Other Income Expense": -273000000.0,
        "Other Non Operating Income Expenses": -9000000.0,
        "Special Income Charges": -264000000.0,
        "Gain On Sale Of Business": NaN,
        "Other Special Charges": NaN,
        "Impairment Of Capital Assets": 260000000.0,
        "Restructuring And Mergern Acquisition": 4000000.0,
        "Gain On Sale Of Security": NaN,
        "Net Non Operating Interest Income Expense": -75000000.0,
        "Interest Expense Non Operating": 75000000.0,
        "Operating Income": 143000000.0,
        "Operating Expense": 536000000.0,
        "Selling General And Administration": 536000000.0,
        "Gross Profit": 679000000.0,
        "Cost Of Revenue": 1268000000.0,
        "Total Revenue": 1947000000.0,
        "Operating Revenue": 1947000000.0
    }
}