{
    "2023-03-31": {
        "Tax Effect Of Unusual Items": NaN,
        "Tax Rate For Calcs": NaN,
        "Normalized EBITDA": NaN,
        "Total Unusual Items": NaN,
        "Total Unusual Items Excluding Goodwill": NaN,
        "Net Income From Continuing Operation Net Minority Interest": NaN,
        "Reconciled Depreciation": NaN,
        "EBITDA": NaN,
        "EBIT": NaN,
        "Net Interest Income": NaN,
        "Interest Expense": NaN,
        "Normalized Income": NaN,
        "Net Income From Continuing And Discontinued Operation": NaN,
        "Total Expenses": NaN,
        "Diluted Average Shares": NaN,
        "Basic Average Shares": NaN,
        "Diluted EPS": NaN,
        "Basic EPS": NaN,
        "Diluted NI Availto Com Stockholders": NaN,
        "Net Income Common Stockholders": NaN,
        "Net Income": NaN,
        "Minority Interests": NaN,
        "Net Income Including Noncontrolling Interests": NaN,
        "Net Income Continuous Operations": NaN,
        "Tax Provision": NaN,
        "Pretax Income": NaN,
        "Other Income Expense": NaN,
        "Other Non Operating Income Expenses": NaN,
        "Special Income Charges": NaN,
        "Gain On Sale Of Business": 0.0,
        "Other Special Charges": NaN,
        "Write Off": 25000000.0,
        "Earnings From Equity Interest": NaN,
        "Gain On Sale Of Security": NaN,
        "Net Non Operating Interest Income Expense": NaN,
        "Interest Expense Non Operating": NaN,
        "Operating Income": NaN,
        "Operating Expense": NaN,
        "Other Operating Expenses": NaN,
        "Depreciation Amortization Depletion Income Statement": NaN,
        "Depreciation And Amortization In Income Statement": NaN,
        "Selling General And Administration": NaN,
        "Total Revenue": NaN,
        "Operating Revenue": NaN
    },
    "2022-12-31": {
        "Tax Effect Of Unusual Items": NaN,
        "Tax Rate For Calcs": NaN,
        "Normalized EBITDA": NaN,
        "Total Unusual Items": NaN,
        "Total Unusual Items Excluding Goodwill": NaN,
        "Net Income From Continuing Operation Net Minority Interest": NaN,
        "Reconciled Depreciation": NaN,
        "EBITDA": NaN,
        "EBIT": NaN,
        "Net Interest Income": NaN,
        "Interest Expense": NaN,
        "Normalized Income": NaN,
        "Net Income From Continuing And Discontinued Operation": NaN,
        "Total Expenses": NaN,
        "Diluted Average Shares": NaN,
        "Basic Average Shares": NaN,
        "Diluted EPS": NaN,
        "Basic EPS": NaN,
        "Diluted NI Availto Com Stockholders": NaN,
        "Net Income Common Stockholders": NaN,
        "Net Income": NaN,
        "Minority Interests": NaN,
        "Net Income Including Noncontrolling Interests": NaN,
        "Net Income Continuous Operations": NaN,
        "Tax Provision": NaN,
        "Pretax Income": NaN,
        "Other Income Expense": NaN,
        "Other Non Operating Income Expenses": NaN,
        "Special Income Charges": NaN,
        "Gain On Sale Of Business": 0.0,
        "Write Off": 19000000.0,
        "Earnings From Equity Interest": NaN,
        "Gain On Sale Of Security": -9000000.0,
        "Net Non Operating Interest Income Expense": NaN,
        "Interest Expense Non Operating": NaN,
        "Operating Income": NaN,
        "Operating Expense": NaN,
        "Other Operating Expenses": NaN,
        "Depreciation Amortization Depletion Income Statement": NaN,
        "Depreciation And Amortization In Income Statement": NaN,
        "Selling General And Administration": NaN,
        "Total Revenue": NaN,
        "Operating Revenue": NaN
    },
    "2022-09-30": {
        "Tax Effect Of Unusual Items": NaN,
        "Tax Rate For Calcs": NaN,
        "Normalized EBITDA": NaN,
        "Total Unusual Items": NaN,
        "Total Unusual Items Excluding Goodwill": NaN,
        "Net Income From Continuing Operation Net Minority Interest": NaN,
        "Reconciled Depreciation": NaN,
        "EBITDA": NaN,
        "EBIT": NaN,
        "Net Interest Income": NaN,
        "Interest Expense": NaN,
        "Normalized Income": NaN,
        "Net Income From Continuing And Discontinued Operation": NaN,
        "Total Expenses": NaN,
        "Diluted Average Shares": NaN,
        "Basic Average Shares": NaN,
        "Diluted EPS": NaN,
        "Basic EPS": NaN,
        "Diluted NI Availto Com Stockholders": NaN,
        "Net Income Common Stockholders": NaN,
        "Net Income": NaN,
        "Minority Interests": NaN,
        "Net Income Including Noncontrolling Interests": NaN,
        "Net Income Continuous Operations": NaN,
        "Tax Provision": NaN,
        "Pretax Income": NaN,
        "Other Income Expense": NaN,
        "Other Non Operating Income Expenses": NaN,
        "Special Income Charges": NaN,
        "Gain On Sale Of Business": 0.0,
        "Write Off": NaN,
        "Earnings From Equity Interest": NaN,
        "Gain On Sale Of Security": -1000000.0,
        "Net Non Operating Interest Income Expense": NaN,
        "Interest Expense Non Operating": NaN,
        "Operating Income": NaN,
        "Operating Expense": NaN,
        "Other Operating Expenses": NaN,
        "Depreciation Amortization Depletion Income Statement": NaN,
        "Depreciation And Amortization In Income Statement": NaN,
        "Selling General And Administration": NaN,
        "Total Revenue": NaN,
        "Operating Revenue": NaN
    },
    "2022-06-30": {
        "Tax Effect Of Unusual Items": -10800000.0,
        "Tax Rate For Calcs": 0.4,
        "Normalized EBITDA": 221000000.0,
        "Total Unusual Items": -27000000.0,
        "Total Unusual Items Excluding Goodwill": -27000000.0,
        "Net Income From Continuing Operation Net Minority Interest": 110000000.0,
        "Reconciled Depreciation": 183000000.0,
        "EBITDA": 194000000.0,
        "EBIT": 11000000.0,
        "Net Interest Income": -31000000.0,
        "Interest Expense": 31000000.0,
        "Normalized Income": 126200000.0,
        "Net Income From Continuing And Discontinued Operation": 110000000.0,
        "Total Expenses": 2542000000.0,
        "Diluted Average Shares": 588900000.0,
        "Basic Average Shares": 585300000.0,
        "Diluted EPS": 0.19,
        "Basic EPS": 0.19,
        "Diluted NI Availto Com Stockholders": 110000000.0,
        "Net Income Common Stockholders": 110000000.0,
        "Net Income": 110000000.0,
        "Minority Interests": -17000000.0,
        "Net Income Including Noncontrolling Interests": 127000000.0,
        "Net Income Continuous Operations": 127000000.0,
        "Tax Provision": -147000000.0,
        "Pretax Income": -20000000.0,
        "Other Income Expense": -121000000.0,
        "Other Non Operating Income Expenses": -91000000.0,
        "Special Income Charges": -27000000.0,
        "Gain On Sale Of Business": 0.0,
        "Write Off": 27000000.0,
        "Earnings From Equity Interest": -3000000.0,
        "Gain On Sale Of Security": -54000000.0,
        "Net Non Operating Interest Income Expense": -31000000.0,
        "Interest Expense Non Operating": 31000000.0,
        "Operating Income": 132000000.0,
        "Operating Expense": 2542000000.0,
        "Other Operating Expenses": 1355000000.0,
        "Depreciation Amortization Depletion Income Statement": 183000000.0,
        "Depreciation And Amortization In Income Statement": 183000000.0,
        "Selling General And Administration": 1004000000.0,
        "Total Revenue": 2674000000.0,
        "Operating Revenue": 2506000000.0
    },
    "2022-03-31": {
        "Diluted EPS": 0.14,
        "Total Revenue": NaN,
        "Gross Profit": NaN,
        "Operating Income": 186,
        "EBIT": 358,
        "Net Income": 82
    },
    "2021-12-31": {
        "Diluted EPS": 0.4,
        "Total Revenue": NaN,
        "Gross Profit": NaN,
        "Operating Income": 418,
        "EBIT": 586,
        "Net Income": 235
    },
    "2021-09-30": {
        "Diluted EPS": 0.33,
        "Total Revenue": NaN,
        "Gross Profit": NaN,
        "Operating Income": 245,
        "EBIT": 410,
        "Net Income": 196
    },
    "2021-06-30": {
        "Diluted EPS": -0.02,
        "Total Revenue": NaN,
        "Gross Profit": NaN,
        "Operating Income": 34,
        "EBIT": 210,
        "Net Income": -14
    },
    "2021-03-31": {
        "Diluted EPS": 0.13,
        "Total Revenue": NaN,
        "Gross Profit": NaN,
        "Operating Income": 125,
        "EBIT": 298,
        "Net Income": 79
    },
    "2020-12-31": {
        "Diluted EPS": 0.39,
        "Total Revenue": NaN,
        "Gross Profit": NaN,
        "Operating Income": 330,
        "EBIT": 497,
        "Net Income": 231
    },
    "2020-09-30": {
        "Diluted EPS": 0.06,
        "Total Revenue": NaN,
        "Gross Profit": 953,
        "Operating Income": 104,
        "EBIT": 268,
        "Net Income": 34
    },
    "2020-06-30": {
        "Diluted EPS": -0.67,
        "Total Revenue": NaN,
        "Gross Profit": 895,
        "Operating Income": 35,
        "EBIT": 195,
        "Net Income": -397
    },
    "2020-03-31": {
        "Diluted EPS": -1.24,
        "Total Revenue": NaN,
        "Gross Profit": 983,
        "Operating Income": 82,
        "EBIT": 242,
        "Net Income": -730
    },
    "2019-12-31": {
        "Diluted EPS": 0.14,
        "Total Revenue": NaN,
        "Gross Profit": NaN,
        "Operating Income": 193,
        "EBIT": 355,
        "Net Income": 85
    },
    "2019-09-30": {
        "Diluted EPS": -0.39,
        "Total Revenue": NaN,
        "Gross Profit": NaN,
        "Operating Income": 59,
        "EBIT": 221,
        "Net Income": -227
    },
    "2019-06-30": {
        "Diluted EPS": -0.09,
        "Total Revenue": NaN,
        "Gross Profit": NaN,
        "Operating Income": 104,
        "EBIT": 269,
        "Net Income": -51
    },
    "2019-03-31": {
        "Diluted EPS": 0.02,
        "Total Revenue": NaN,
        "Gross Profit": NaN,
        "Operating Income": 79,
        "EBIT": 247,
        "Net Income": 10
    },
    "2018-12-31": {
        "Diluted EPS": 0.16,
        "Total Revenue": NaN,
        "Gross Profit": NaN,
        "Operating Income": 207,
        "EBIT": 370,
        "Net Income": 95
    },
    "2018-09-30": {
        "Diluted EPS": 0.17,
        "Total Revenue": NaN,
        "Gross Profit": NaN,
        "Operating Income": 195,
        "EBIT": 358,
        "Net Income": 101
    },
    "2018-06-30": {
        "Diluted EPS": -0.64,
        "Total Revenue": NaN,
        "Gross Profit": NaN,
        "Operating Income": 139,
        "EBIT": 314,
        "Net Income": -372
    },
    "2018-03-31": {
        "Diluted EPS": -1.94,
        "Total Revenue": NaN,
        "Gross Profit": 942,
        "Operating Income": 81,
        "EBIT": 181,
        "Net Income": NaN
    },
    "2017-12-31": {
        "Diluted EPS": -0.14,
        "Total Revenue": NaN,
        "Gross Profit": NaN,
        "Operating Income": 228,
        "EBIT": 328,
        "Net Income": -84
    },
    "2017-09-30": {
        "Diluted EPS": 0.12,
        "Total Revenue": NaN,
        "Gross Profit": 909,
        "Operating Income": 151,
        "EBIT": 248,
        "Net Income": 68
    },
    "2017-06-30": {
        "Diluted EPS": -0.73,
        "Total Revenue": NaN,
        "Gross Profit": 935,
        "Operating Income": 112,
        "EBIT": 212,
        "Net Income": -430
    },
    "2017-03-31": {
        "Diluted EPS": -0.01,
        "Total Revenue": NaN,
        "Gross Profit": 877,
        "Operating Income": 106,
        "EBIT": 215,
        "Net Income": -5
    },
    "2016-12-31": {
        "Diluted EPS": -0.5,
        "Total Revenue": NaN,
        "Gross Profit": 990,
        "Operating Income": 205,
        "EBIT": 325,
        "Net Income": -290
    },
    "2016-09-30": {
        "Diluted EPS": -0.03,
        "Total Revenue": NaN,
        "Gross Profit": 808,
        "Operating Income": 10,
        "EBIT": 130,
        "Net Income": -15
    },
    "2016-06-30": {
        "Diluted EPS": 0.15,
        "Total Revenue": NaN,
        "Gross Profit": 974,
        "Operating Income": 226,
        "EBIT": 361,
        "Net Income": 89
    },
    "2016-03-31": {
        "Diluted EPS": -0.26,
        "Total Revenue": NaN,
        "Gross Profit": 807,
        "Operating Income": -248,
        "EBIT": -122,
        "Net Income": -149
    },
    "2015-12-31": {
        "Diluted EPS": 0.11,
        "Total Revenue": NaN,
        "Gross Profit": 968,
        "Operating Income": 157,
        "EBIT": 280,
        "Net Income": 62
    },
    "2015-09-30": {
        "Diluted EPS": 0.3,
        "Total Revenue": NaN,
        "Gross Profit": 815,
        "Operating Income": 44,
        "EBIT": 165,
        "Net Income": 175
    },
    "2015-06-30": {
        "Diluted EPS": -0.65,
        "Total Revenue": NaN,
        "Gross Profit": 902,
        "Operating Income": 92,
        "EBIT": 215,
        "Net Income": -380
    },
    "2015-03-31": {
        "Diluted EPS": 0.04,
        "Total Revenue": NaN,
        "Gross Profit": 837,
        "Operating Income": 60,
        "EBIT": 184,
        "Net Income": 23
    },
    "2014-12-31": {
        "Diluted EPS": 0.24,
        "Total Revenue": NaN,
        "Gross Profit": NaN,
        "Operating Income": 225,
        "EBIT": 352,
        "Net Income": 143
    },
    "2014-09-30": {
        "Diluted EPS": 0.11,
        "Total Revenue": NaN,
        "Gross Profit": 826,
        "Operating Income": 70,
        "EBIT": 194,
        "Net Income": 65
    },
    "2014-06-30": {
        "Diluted EPS": 0.02,
        "Total Revenue": NaN,
        "Gross Profit": 852,
        "Operating Income": 189,
        "EBIT": 320,
        "Net Income": 12
    },
    "2014-03-31": {
        "Diluted EPS": 0.08,
        "Total Revenue": NaN,
        "Gross Profit": 819,
        "Operating Income": 33,
        "EBIT": 175,
        "Net Income": 48
    },
    "2013-12-31": {
        "Diluted EPS": 0.26,
        "Total Revenue": NaN,
        "Gross Profit": 964,
        "Operating Income": 189,
        "EBIT": 327,
        "Net Income": 150
    },
    "2013-09-30": {
        "Diluted EPS": 0.05,
        "Total Revenue": NaN,
        "Gross Profit": 777,
        "Operating Income": NaN,
        "EBIT": 141,
        "Net Income": 27
    },
    "2013-06-30": {
        "Diluted EPS": -1.94,
        "Total Revenue": NaN,
        "Gross Profit": 877,
        "Operating Income": -20,
        "EBIT": 130,
        "Net Income": NaN
    },
    "2013-03-31": {
        "Diluted EPS": 0.56,
        "Total Revenue": NaN,
        "Gross Profit": 826,
        "Operating Income": 25,
        "EBIT": 169,
        "Net Income": 323
    },
    "2012-12-31": {
        "Diluted EPS": 2.42,
        "Total Revenue": NaN,
        "Gross Profit": 969,
        "Operating Income": 171,
        "EBIT": 300,
        "Net Income": NaN
    },
    "2012-09-30": {
        "Diluted EPS": -0.16,
        "Total Revenue": NaN,
        "Gross Profit": 799,
        "Operating Income": -36,
        "EBIT": 89,
        "Net Income": -92
    },
    "2012-06-30": {
        "Diluted EPS": 0.0,
        "Total Revenue": NaN,
        "Gross Profit": NaN,
        "Operating Income": NaN,
        "EBIT": NaN,
        "Net Income": NaN
    },
    "2011-06-30": {
        "Diluted EPS": 0.0,
        "Total Revenue": NaN,
        "Gross Profit": NaN,
        "Operating Income": NaN,
        "EBIT": NaN,
        "Net Income": NaN
    },
    "2023-06-30": {
        "Tax Effect Of Unusual Items": NaN,
        "Tax Rate For Calcs": NaN,
        "Normalized EBITDA": NaN,
        "Total Unusual Items": NaN,
        "Total Unusual Items Excluding Goodwill": NaN,
        "Net Income From Continuing Operation Net Minority Interest": NaN,
        "Reconciled Depreciation": NaN,
        "EBITDA": NaN,
        "EBIT": NaN,
        "Net Interest Income": NaN,
        "Interest Expense": NaN,
        "Normalized Income": NaN,
        "Net Income From Continuing And Discontinued Operation": NaN,
        "Total Expenses": NaN,
        "Diluted Average Shares": NaN,
        "Basic Average Shares": NaN,
        "Diluted EPS": NaN,
        "Basic EPS": NaN,
        "Diluted NI Availto Com Stockholders": NaN,
        "Net Income Common Stockholders": NaN,
        "Net Income": NaN,
        "Minority Interests": NaN,
        "Net Income Including Noncontrolling Interests": NaN,
        "Net Income Discontinuous Operations": NaN,
        "Net Income Continuous Operations": NaN,
        "Tax Provision": NaN,
        "Pretax Income": NaN,
        "Other Income Expense": NaN,
        "Other Non Operating Income Expenses": NaN,
        "Special Income Charges": NaN,
        "Gain On Sale Of Business": 0.0,
        "Other Special Charges": NaN,
        "Write Off": 85000000.0,
        "Restructuring And Mergern Acquisition": NaN,
        "Earnings From Equity Interest": NaN,
        "Gain On Sale Of Security": NaN,
        "Net Non Operating Interest Income Expense": NaN,
        "Interest Expense Non Operating": NaN,
        "Operating Income": NaN,
        "Operating Expense": NaN,
        "Other Operating Expenses": NaN,
        "Depreciation Amortization Depletion Income Statement": NaN,
        "Depreciation And Amortization In Income Statement": NaN,
        "Selling General And Administration": NaN,
        "Total Revenue": NaN,
        "Operating Revenue": NaN
    },
    "2023-09-30": {
        "Tax Effect Of Unusual Items": NaN,
        "Tax Rate For Calcs": NaN,
        "Normalized EBITDA": NaN,
        "Total Unusual Items": NaN,
        "Total Unusual Items Excluding Goodwill": NaN,
        "Net Income From Continuing Operation Net Minority Interest": NaN,
        "Reconciled Depreciation": NaN,
        "EBITDA": NaN,
        "EBIT": NaN,
        "Net Interest Income": NaN,
        "Interest Expense": NaN,
        "Normalized Income": NaN,
        "Net Income From Continuing And Discontinued Operation": NaN,
        "Total Expenses": NaN,
        "Diluted Average Shares": 574100000.0,
        "Basic Average Shares": 572300000.0,
        "Diluted EPS": 0.05,
        "Basic EPS": 0.05,
        "Diluted NI Availto Com Stockholders": NaN,
        "Net Income Common Stockholders": NaN,
        "Net Income": NaN,
        "Minority Interests": NaN,
        "Net Income Including Noncontrolling Interests": NaN,
        "Net Income Discontinuous Operations": NaN,
        "Net Income Continuous Operations": NaN,
        "Tax Provision": NaN,
        "Pretax Income": NaN,
        "Other Income Expense": NaN,
        "Other Non Operating Income Expenses": NaN,
        "Special Income Charges": NaN,
        "Gain On Sale Of Business": NaN,
        "Other Special Charges": -4000000.0,
        "Write Off": 38000000.0,
        "Restructuring And Mergern Acquisition": NaN,
        "Earnings From Equity Interest": NaN,
        "Gain On Sale Of Security": -21000000.0,
        "Net Non Operating Interest Income Expense": NaN,
        "Interest Expense Non Operating": NaN,
        "Operating Income": NaN,
        "Operating Expense": NaN,
        "Other Operating Expenses": NaN,
        "Depreciation Amortization Depletion Income Statement": NaN,
        "Depreciation And Amortization In Income Statement": NaN,
        "Selling General And Administration": NaN,
        "Total Revenue": NaN,
        "Operating Revenue": NaN
    },
    "2023-12-31": {
        "Tax Effect Of Unusual Items": 333333.333333,
        "Tax Rate For Calcs": 0.333333,
        "Normalized EBITDA": 407000000.0,
        "Total Unusual Items": 1000000.0,
        "Total Unusual Items Excluding Goodwill": 1000000.0,
        "Net Income From Continuing Operation Net Minority Interest": 167000000.0,
        "Reconciled Depreciation": 40000000.0,
        "EBITDA": 408000000.0,
        "EBIT": 298000000.0,
        "Net Interest Income": -7000000.0,
        "Interest Expense": 7000000.0,
        "Normalized Income": 166333333.333333,
        "Net Income From Continuing And Discontinued Operation": 156000000.0,
        "Total Expenses": 1845000000.0,
        "Diluted Average Shares": 573500000.0,
        "Basic Average Shares": 571900000.0,
        "Diluted EPS": 0.27,
        "Basic EPS": 0.27,
        "Diluted NI Availto Com Stockholders": 156000000.0,
        "Net Income Common Stockholders": 156000000.0,
        "Net Income": 156000000.0,
        "Minority Interests": -27000000.0,
        "Net Income Including Noncontrolling Interests": 183000000.0,
        "Net Income Discontinuous Operations": -11000000.0,
        "Net Income Continuous Operations": 194000000.0,
        "Tax Provision": 97000000.0,
        "Pretax Income": 291000000.0,
        "Other Income Expense": 8000000.0,
        "Other Non Operating Income Expenses": 8000000.0,
        "Special Income Charges": -12000000.0,
        "Gain On Sale Of Business": 0.0,
        "Other Special Charges": NaN,
        "Write Off": 3000000.0,
        "Restructuring And Mergern Acquisition": 9000000.0,
        "Earnings From Equity Interest": -1000000.0,
        "Gain On Sale Of Security": 13000000.0,
        "Net Non Operating Interest Income Expense": -7000000.0,
        "Interest Expense Non Operating": 7000000.0,
        "Operating Income": 290000000.0,
        "Operating Expense": 1845000000.0,
        "Other Operating Expenses": 970000000.0,
        "Depreciation Amortization Depletion Income Statement": 110000000.0,
        "Depreciation And Amortization In Income Statement": 110000000.0,
        "Selling General And Administration": 765000000.0,
        "Total Revenue": 2135000000.0,
        "Operating Revenue": 1970000000.0
    },
    "2024-03-31": {
        "Tax Effect Of Unusual Items": -12031250.0,
        "Tax Rate For Calcs": 0.34375,
        "Normalized EBITDA": 449000000.0,
        "Total Unusual Items": -35000000.0,
        "Total Unusual Items Excluding Goodwill": -35000000.0,
        "Net Income From Continuing Operation Net Minority Interest": 30000000.0,
        "Reconciled Depreciation": 331000000.0,
        "EBITDA": 414000000.0,
        "EBIT": 83000000.0,
        "Net Interest Income": -19000000.0,
        "Interest Expense": 19000000.0,
        "Normalized Income": 52968750.0,
        "Net Income From Continuing And Discontinued Operation": 30000000.0,
        "Total Expenses": 2293000000.0,
        "Diluted Average Shares": 573600000.0,
        "Basic Average Shares": 570900000.0,
        "Diluted EPS": 0.05,
        "Basic EPS": 0.05,
        "Diluted NI Availto Com Stockholders": 30000000.0,
        "Net Income Common Stockholders": 30000000.0,
        "Net Income": 30000000.0,
        "Minority Interests": -12000000.0,
        "Net Income Including Noncontrolling Interests": 42000000.0,
        "Net Income Discontinuous Operations": NaN,
        "Net Income Continuous Operations": 42000000.0,
        "Tax Provision": 22000000.0,
        "Pretax Income": 64000000.0,
        "Other Income Expense": -47000000.0,
        "Other Non Operating Income Expenses": -10000000.0,
        "Special Income Charges": -35000000.0,
        "Gain On Sale Of Business": NaN,
        "Other Special Charges": NaN,
        "Write Off": NaN,
        "Restructuring And Mergern Acquisition": NaN,
        "Earnings From Equity Interest": -2000000.0,
        "Gain On Sale Of Security": NaN,
        "Net Non Operating Interest Income Expense": -19000000.0,
        "Interest Expense Non Operating": 19000000.0,
        "Operating Income": 130000000.0,
        "Operating Expense": 2293000000.0,
        "Other Operating Expenses": 1238000000.0,
        "Depreciation Amortization Depletion Income Statement": 192000000.0,
        "Depreciation And Amortization In Income Statement": 192000000.0,
        "Selling General And Administration": 863000000.0,
        "Total Revenue": 2423000000.0,
        "Operating Revenue": 2264000000.0
    },
    "2024-06-30": {
        "Tax Effect Of Unusual Items": -17372727.272727,
        "Tax Rate For Calcs": 0.354545,
        "Normalized EBITDA": 369000000.0,
        "Total Unusual Items": -49000000.0,
        "Total Unusual Items Excluding Goodwill": -49000000.0,
        "Net Income From Continuing Operation Net Minority Interest": 50000000.0,
        "Reconciled Depreciation": 192000000.0,
        "EBITDA": 320000000.0,
        "EBIT": 128000000.0,
        "Net Interest Income": -18000000.0,
        "Interest Expense": 18000000.0,
        "Normalized Income": 81627272.727273,
        "Net Income From Continuing And Discontinued Operation": 50000000.0,
        "Total Expenses": 2389000000.0,
        "Diluted Average Shares": NaN,
        "Basic Average Shares": NaN,
        "Diluted EPS": NaN,
        "Basic EPS": NaN,
        "Diluted NI Availto Com Stockholders": 50000000.0,
        "Net Income Common Stockholders": 50000000.0,
        "Net Income": 50000000.0,
        "Minority Interests": -21000000.0,
        "Net Income Including Noncontrolling Interests": 71000000.0,
        "Net Income Discontinuous Operations": NaN,
        "Net Income Continuous Operations": 71000000.0,
        "Tax Provision": 39000000.0,
        "Pretax Income": 110000000.0,
        "Other Income Expense": -60000000.0,
        "Other Non Operating Income Expenses": -10000000.0,
        "Special Income Charges": -47000000.0,
        "Gain On Sale Of Business": NaN,
        "Other Special Charges": NaN,
        "Write Off": NaN,
        "Restructuring And Mergern Acquisition": NaN,
        "Earnings From Equity Interest": -1000000.0,
        "Gain On Sale Of Security": -2000000.0,
        "Net Non Operating Interest Income Expense": -18000000.0,
        "Interest Expense Non Operating": 18000000.0,
        "Operating Income": 188000000.0,
        "Operating Expense": 2389000000.0,
        "Other Operating Expenses": 1261000000.0,
        "Depreciation Amortization Depletion Income Statement": 192000000.0,
        "Depreciation And Amortization In Income Statement": 192000000.0,
        "Selling General And Administration": 936000000.0,
        "Total Revenue": 2577000000.0,
        "Operating Revenue": 2392000000.0
    },
    "2024-09-30": {
        "Tax Effect Of Unusual Items": -4117647.058824,
        "Tax Rate For Calcs": 0.294118,
        "Normalized EBITDA": 425000000.0,
        "Total Unusual Items": -14000000.0,
        "Total Unusual Items Excluding Goodwill": -14000000.0,
        "Net Income From Continuing Operation Net Minority Interest": 119000000.0,
        "Reconciled Depreciation": 189000000.0,
        "EBITDA": 411000000.0,
        "EBIT": 222000000.0,
        "Net Interest Income": -18000000.0,
        "Interest Expense": 18000000.0,
        "Normalized Income": 128882352.941176,
        "Net Income From Continuing And Discontinued Operation": 119000000.0,
        "Total Expenses": 2351000000.0,
        "Diluted Average Shares": 571200000.0,
        "Basic Average Shares": 569200000.0,
        "Diluted EPS": 0.21,
        "Basic EPS": 0.21,
        "Diluted NI Availto Com Stockholders": 119000000.0,
        "Net Income Common Stockholders": 119000000.0,
        "Net Income": 119000000.0,
        "Minority Interests": -25000000.0,
        "Net Income Including Noncontrolling Interests": 144000000.0,
        "Net Income Discontinuous Operations": NaN,
        "Net Income Continuous Operations": 144000000.0,
        "Tax Provision": 60000000.0,
        "Pretax Income": 204000000.0,
        "Other Income Expense": -4000000.0,
        "Other Non Operating Income Expenses": 13000000.0,
        "Special Income Charges": -24000000.0,
        "Gain On Sale Of Business": NaN,
        "Other Special Charges": NaN,
        "Write Off": 24000000.0,
        "Restructuring And Mergern Acquisition": NaN,
        "Earnings From Equity Interest": -3000000.0,
        "Gain On Sale Of Security": 10000000.0,
        "Net Non Operating Interest Income Expense": -18000000.0,
        "Interest Expense Non Operating": 18000000.0,
        "Operating Income": 226000000.0,
        "Operating Expense": 2351000000.0,
        "Other Operating Expenses": 1263000000.0,
        "Depreciation Amortization Depletion Income Statement": 189000000.0,
        "Depreciation And Amortization In Income Statement": 189000000.0,
        "Selling General And Administration": 899000000.0,
        "Total Revenue": 2577000000.0,
        "Operating Revenue": 2416000000.0
    },
    "2024-12-31": {
        "Tax Effect Of Unusual Items": 25665116.27907,
        "Tax Rate For Calcs": 0.288372,
        "Normalized EBITDA": 457000000.0,
        "Total Unusual Items": 89000000.0,
        "Total Unusual Items Excluding Goodwill": 89000000.0,
        "Net Income From Continuing Operation Net Minority Interest": 238000000.0,
        "Reconciled Depreciation": 36000000.0,
        "EBITDA": 546000000.0,
        "EBIT": 433000000.0,
        "Net Interest Income": -3000000.0,
        "Interest Expense": 3000000.0,
        "Normalized Income": 174665116.27907,
        "Net Income From Continuing And Discontinued Operation": 215000000.0,
        "Total Expenses": 1873000000.0,
        "Diluted Average Shares": 570100000.0,
        "Basic Average Shares": 568500000.0,
        "Diluted EPS": 0.38,
        "Basic EPS": 0.38,
        "Diluted NI Availto Com Stockholders": 215000000.0,
        "Net Income Common Stockholders": 215000000.0,
        "Net Income": 215000000.0,
        "Minority Interests": -68000000.0,
        "Net Income Including Noncontrolling Interests": 283000000.0,
        "Net Income Discontinuous Operations": -23000000.0,
        "Net Income Continuous Operations": 306000000.0,
        "Tax Provision": 124000000.0,
        "Pretax Income": 430000000.0,
        "Other Income Expense": 68000000.0,
        "Other Non Operating Income Expenses": -13000000.0,
        "Special Income Charges": 71000000.0,
        "Gain On Sale Of Business": 87000000.0,
        "Other Special Charges": NaN,
        "Write Off": NaN,
        "Restructuring And Mergern Acquisition": 16000000.0,
        "Earnings From Equity Interest": -8000000.0,
        "Gain On Sale Of Security": 18000000.0,
        "Net Non Operating Interest Income Expense": -3000000.0,
        "Interest Expense Non Operating": 3000000.0,
        "Operating Income": 365000000.0,
        "Operating Expense": 1873000000.0,
        "Other Operating Expenses": 963000000.0,
        "Depreciation Amortization Depletion Income Statement": 113000000.0,
        "Depreciation And Amortization In Income Statement": 113000000.0,
        "Selling General And Administration": 797000000.0,
        "Total Revenue": 2238000000.0,
        "Operating Revenue": 2079000000.0
    }
}