{
    "2023-03-31": {
        "Tax Effect Of Unusual Items": -8791208.791209,
        "Tax Rate For Calcs": 0.351648,
        "Normalized EBITDA": 324000000.0,
        "Total Unusual Items": -25000000.0,
        "Total Unusual Items Excluding Goodwill": -25000000.0,
        "Net Income From Continuing Operation Net Minority Interest": 50000000.0,
        "Reconciled Depreciation": 183000000.0,
        "EBITDA": 299000000.0,
        "EBIT": 116000000.0,
        "Net Interest Income": -25000000.0,
        "Interest Expense": 25000000.0,
        "Normalized Income": 66208791.208791,
        "Net Income From Continuing And Discontinued Operation": 50000000.0,
        "Total Expenses": 2310000000.0,
        "Diluted Average Shares": 577900000.0,
        "Basic Average Shares": 575400000.0,
        "Diluted EPS": 0.09,
        "Basic EPS": 0.09,
        "Diluted NI Availto Com Stockholders": 50000000.0,
        "Net Income Common Stockholders": 50000000.0,
        "Net Income": 50000000.0,
        "Minority Interests": -9000000.0,
        "Net Income Including Noncontrolling Interests": 59000000.0,
        "Net Income Continuous Operations": 59000000.0,
        "Tax Provision": 32000000.0,
        "Pretax Income": 91000000.0,
        "Other Income Expense": -21000000.0,
        "Other Non Operating Income Expenses": 14000000.0,
        "Special Income Charges": -25000000.0,
        "Gain On Sale Of Business": 0.0,
        "Write Off": 25000000.0,
        "Earnings From Equity Interest": -10000000.0,
        "Gain On Sale Of Security": NaN,
        "Net Non Operating Interest Income Expense": -25000000.0,
        "Interest Expense Non Operating": 25000000.0,
        "Operating Income": 137000000.0,
        "Operating Expense": 2310000000.0,
        "Other Operating Expenses": 1286000000.0,
        "Depreciation Amortization Depletion Income Statement": 183000000.0,
        "Depreciation And Amortization In Income Statement": 183000000.0,
        "Selling General And Administration": 841000000.0,
        "Total Revenue": 2447000000.0,
        "Operating Revenue": 2282000000.0
    },
    "2022-12-31": {
        "Tax Effect Of Unusual Items": -7477419.354839,
        "Tax Rate For Calcs": 0.393548,
        "Normalized EBITDA": 374000000.0,
        "Total Unusual Items": -19000000.0,
        "Total Unusual Items Excluding Goodwill": -19000000.0,
        "Net Income From Continuing Operation Net Minority Interest": 67000000.0,
        "Reconciled Depreciation": 174000000.0,
        "EBITDA": 355000000.0,
        "EBIT": 181000000.0,
        "Net Interest Income": -26000000.0,
        "Interest Expense": 26000000.0,
        "Normalized Income": 78522580.645161,
        "Net Income From Continuing And Discontinued Operation": 67000000.0,
        "Total Expenses": 2286000000.0,
        "Diluted Average Shares": 577800000.0,
        "Basic Average Shares": 576000000.0,
        "Diluted EPS": 0.12,
        "Basic EPS": 0.12,
        "Diluted NI Availto Com Stockholders": 67000000.0,
        "Net Income Common Stockholders": 67000000.0,
        "Net Income": 67000000.0,
        "Minority Interests": -27000000.0,
        "Net Income Including Noncontrolling Interests": 94000000.0,
        "Net Income Continuous Operations": 94000000.0,
        "Tax Provision": 61000000.0,
        "Pretax Income": 155000000.0,
        "Other Income Expense": -54000000.0,
        "Other Non Operating Income Expenses": -6000000.0,
        "Special Income Charges": -19000000.0,
        "Gain On Sale Of Business": 0.0,
        "Write Off": 19000000.0,
        "Earnings From Equity Interest": -29000000.0,
        "Gain On Sale Of Security": -9000000.0,
        "Net Non Operating Interest Income Expense": -26000000.0,
        "Interest Expense Non Operating": 26000000.0,
        "Operating Income": 235000000.0,
        "Operating Expense": 2286000000.0,
        "Other Operating Expenses": 1294000000.0,
        "Depreciation Amortization Depletion Income Statement": 174000000.0,
        "Depreciation And Amortization In Income Statement": 174000000.0,
        "Selling General And Administration": 818000000.0,
        "Total Revenue": 2521000000.0,
        "Operating Revenue": 2362000000.0
    },
    "2022-09-30": {
        "Tax Effect Of Unusual Items": -7277227.722772,
        "Tax Rate For Calcs": 0.346535,
        "Normalized EBITDA": 328000000.0,
        "Total Unusual Items": -21000000.0,
        "Total Unusual Items Excluding Goodwill": -21000000.0,
        "Net Income From Continuing Operation Net Minority Interest": 40000000.0,
        "Reconciled Depreciation": 179000000.0,
        "EBITDA": 307000000.0,
        "EBIT": 128000000.0,
        "Net Interest Income": -27000000.0,
        "Interest Expense": 27000000.0,
        "Normalized Income": 53722772.277228,
        "Net Income From Continuing And Discontinued Operation": 40000000.0,
        "Total Expenses": 2307000000.0,
        "Diluted Average Shares": 583200000.0,
        "Basic Average Shares": 581300000.0,
        "Diluted EPS": 0.07,
        "Basic EPS": 0.07,
        "Diluted NI Availto Com Stockholders": 40000000.0,
        "Net Income Common Stockholders": 40000000.0,
        "Net Income": 40000000.0,
        "Minority Interests": -26000000.0,
        "Net Income Including Noncontrolling Interests": 66000000.0,
        "Net Income Continuous Operations": 66000000.0,
        "Tax Provision": 35000000.0,
        "Pretax Income": 101000000.0,
        "Other Income Expense": -43000000.0,
        "Other Non Operating Income Expenses": -18000000.0,
        "Special Income Charges": -21000000.0,
        "Gain On Sale Of Business": 0.0,
        "Write Off": 21000000.0,
        "Earnings From Equity Interest": -4000000.0,
        "Gain On Sale Of Security": -1000000.0,
        "Net Non Operating Interest Income Expense": -27000000.0,
        "Interest Expense Non Operating": 27000000.0,
        "Operating Income": 171000000.0,
        "Operating Expense": 2307000000.0,
        "Other Operating Expenses": 1273000000.0,
        "Depreciation Amortization Depletion Income Statement": 179000000.0,
        "Depreciation And Amortization In Income Statement": 179000000.0,
        "Selling General And Administration": 855000000.0,
        "Total Revenue": 2478000000.0,
        "Operating Revenue": 2307000000.0
    },
    "2022-06-30": {
        "Tax Effect Of Unusual Items": -10800000.0,
        "Tax Rate For Calcs": 0.4,
        "Normalized EBITDA": 221000000.0,
        "Total Unusual Items": -27000000.0,
        "Total Unusual Items Excluding Goodwill": -27000000.0,
        "Net Income From Continuing Operation Net Minority Interest": 110000000.0,
        "Reconciled Depreciation": 183000000.0,
        "EBITDA": 194000000.0,
        "EBIT": 11000000.0,
        "Net Interest Income": -31000000.0,
        "Interest Expense": 31000000.0,
        "Normalized Income": 126200000.0,
        "Net Income From Continuing And Discontinued Operation": 110000000.0,
        "Total Expenses": 2542000000.0,
        "Diluted Average Shares": 588900000.0,
        "Basic Average Shares": 585300000.0,
        "Diluted EPS": 0.19,
        "Basic EPS": 0.19,
        "Diluted NI Availto Com Stockholders": 110000000.0,
        "Net Income Common Stockholders": 110000000.0,
        "Net Income": 110000000.0,
        "Minority Interests": -17000000.0,
        "Net Income Including Noncontrolling Interests": 127000000.0,
        "Net Income Continuous Operations": 127000000.0,
        "Tax Provision": -147000000.0,
        "Pretax Income": -20000000.0,
        "Other Income Expense": -121000000.0,
        "Other Non Operating Income Expenses": -91000000.0,
        "Special Income Charges": -27000000.0,
        "Gain On Sale Of Business": 0.0,
        "Write Off": 27000000.0,
        "Earnings From Equity Interest": -3000000.0,
        "Gain On Sale Of Security": -54000000.0,
        "Net Non Operating Interest Income Expense": -31000000.0,
        "Interest Expense Non Operating": 31000000.0,
        "Operating Income": 132000000.0,
        "Operating Expense": 2542000000.0,
        "Other Operating Expenses": 1355000000.0,
        "Depreciation Amortization Depletion Income Statement": 183000000.0,
        "Depreciation And Amortization In Income Statement": 183000000.0,
        "Selling General And Administration": 1004000000.0,
        "Total Revenue": 2674000000.0,
        "Operating Revenue": 2506000000.0
    },
    "2022-03-31": {
        "Diluted EPS": 0.14,
        "Total Revenue": NaN,
        "Gross Profit": NaN,
        "Operating Income": 186,
        "EBIT": 358,
        "Net Income": 82
    },
    "2021-12-31": {
        "Diluted EPS": 0.4,
        "Total Revenue": NaN,
        "Gross Profit": NaN,
        "Operating Income": 418,
        "EBIT": 586,
        "Net Income": 235
    },
    "2021-09-30": {
        "Diluted EPS": 0.33,
        "Total Revenue": NaN,
        "Gross Profit": NaN,
        "Operating Income": 245,
        "EBIT": 410,
        "Net Income": 196
    },
    "2021-06-30": {
        "Diluted EPS": -0.02,
        "Total Revenue": NaN,
        "Gross Profit": NaN,
        "Operating Income": 34,
        "EBIT": 210,
        "Net Income": -14
    },
    "2021-03-31": {
        "Diluted EPS": 0.13,
        "Total Revenue": NaN,
        "Gross Profit": NaN,
        "Operating Income": 125,
        "EBIT": 298,
        "Net Income": 79
    },
    "2020-12-31": {
        "Diluted EPS": 0.39,
        "Total Revenue": NaN,
        "Gross Profit": NaN,
        "Operating Income": 330,
        "EBIT": 497,
        "Net Income": 231
    },
    "2020-09-30": {
        "Diluted EPS": 0.06,
        "Total Revenue": NaN,
        "Gross Profit": 953,
        "Operating Income": 104,
        "EBIT": 268,
        "Net Income": 34
    },
    "2020-06-30": {
        "Diluted EPS": -0.67,
        "Total Revenue": NaN,
        "Gross Profit": 895,
        "Operating Income": 35,
        "EBIT": 195,
        "Net Income": -397
    },
    "2020-03-31": {
        "Diluted EPS": -1.24,
        "Total Revenue": NaN,
        "Gross Profit": 983,
        "Operating Income": 82,
        "EBIT": 242,
        "Net Income": -730
    },
    "2019-12-31": {
        "Diluted EPS": 0.14,
        "Total Revenue": NaN,
        "Gross Profit": NaN,
        "Operating Income": 193,
        "EBIT": 355,
        "Net Income": 85
    },
    "2019-09-30": {
        "Diluted EPS": -0.39,
        "Total Revenue": NaN,
        "Gross Profit": NaN,
        "Operating Income": 59,
        "EBIT": 221,
        "Net Income": -227
    },
    "2019-06-30": {
        "Diluted EPS": -0.09,
        "Total Revenue": NaN,
        "Gross Profit": NaN,
        "Operating Income": 104,
        "EBIT": 269,
        "Net Income": -51
    },
    "2019-03-31": {
        "Diluted EPS": 0.02,
        "Total Revenue": NaN,
        "Gross Profit": NaN,
        "Operating Income": 79,
        "EBIT": 247,
        "Net Income": 10
    },
    "2018-12-31": {
        "Diluted EPS": 0.16,
        "Total Revenue": NaN,
        "Gross Profit": NaN,
        "Operating Income": 207,
        "EBIT": 370,
        "Net Income": 95
    },
    "2018-09-30": {
        "Diluted EPS": 0.17,
        "Total Revenue": NaN,
        "Gross Profit": NaN,
        "Operating Income": 195,
        "EBIT": 358,
        "Net Income": 101
    },
    "2018-06-30": {
        "Diluted EPS": -0.64,
        "Total Revenue": NaN,
        "Gross Profit": NaN,
        "Operating Income": 139,
        "EBIT": 314,
        "Net Income": -372
    },
    "2018-03-31": {
        "Diluted EPS": -1.94,
        "Total Revenue": NaN,
        "Gross Profit": 942,
        "Operating Income": 81,
        "EBIT": 181,
        "Net Income": NaN
    },
    "2017-12-31": {
        "Diluted EPS": -0.14,
        "Total Revenue": NaN,
        "Gross Profit": NaN,
        "Operating Income": 228,
        "EBIT": 328,
        "Net Income": -84
    },
    "2017-09-30": {
        "Diluted EPS": 0.12,
        "Total Revenue": NaN,
        "Gross Profit": 909,
        "Operating Income": 151,
        "EBIT": 248,
        "Net Income": 68
    },
    "2017-06-30": {
        "Diluted EPS": -0.73,
        "Total Revenue": NaN,
        "Gross Profit": 935,
        "Operating Income": 112,
        "EBIT": 212,
        "Net Income": -430
    },
    "2017-03-31": {
        "Diluted EPS": -0.01,
        "Total Revenue": NaN,
        "Gross Profit": 877,
        "Operating Income": 106,
        "EBIT": 215,
        "Net Income": -5
    },
    "2016-12-31": {
        "Diluted EPS": -0.5,
        "Total Revenue": NaN,
        "Gross Profit": 990,
        "Operating Income": 205,
        "EBIT": 325,
        "Net Income": -290
    },
    "2016-09-30": {
        "Diluted EPS": -0.03,
        "Total Revenue": NaN,
        "Gross Profit": 808,
        "Operating Income": 10,
        "EBIT": 130,
        "Net Income": -15
    },
    "2016-06-30": {
        "Diluted EPS": 0.15,
        "Total Revenue": NaN,
        "Gross Profit": 974,
        "Operating Income": 226,
        "EBIT": 361,
        "Net Income": 89
    },
    "2016-03-31": {
        "Diluted EPS": -0.26,
        "Total Revenue": NaN,
        "Gross Profit": 807,
        "Operating Income": -248,
        "EBIT": -122,
        "Net Income": -149
    },
    "2015-12-31": {
        "Diluted EPS": 0.11,
        "Total Revenue": NaN,
        "Gross Profit": 968,
        "Operating Income": 157,
        "EBIT": 280,
        "Net Income": 62
    },
    "2015-09-30": {
        "Diluted EPS": 0.3,
        "Total Revenue": NaN,
        "Gross Profit": 815,
        "Operating Income": 44,
        "EBIT": 165,
        "Net Income": 175
    },
    "2015-06-30": {
        "Diluted EPS": -0.65,
        "Total Revenue": NaN,
        "Gross Profit": 902,
        "Operating Income": 92,
        "EBIT": 215,
        "Net Income": -380
    },
    "2015-03-31": {
        "Diluted EPS": 0.04,
        "Total Revenue": NaN,
        "Gross Profit": 837,
        "Operating Income": 60,
        "EBIT": 184,
        "Net Income": 23
    },
    "2014-12-31": {
        "Diluted EPS": 0.24,
        "Total Revenue": NaN,
        "Gross Profit": NaN,
        "Operating Income": 225,
        "EBIT": 352,
        "Net Income": 143
    },
    "2014-09-30": {
        "Diluted EPS": 0.11,
        "Total Revenue": NaN,
        "Gross Profit": 826,
        "Operating Income": 70,
        "EBIT": 194,
        "Net Income": 65
    },
    "2014-06-30": {
        "Diluted EPS": 0.02,
        "Total Revenue": NaN,
        "Gross Profit": 852,
        "Operating Income": 189,
        "EBIT": 320,
        "Net Income": 12
    },
    "2014-03-31": {
        "Diluted EPS": 0.08,
        "Total Revenue": NaN,
        "Gross Profit": 819,
        "Operating Income": 33,
        "EBIT": 175,
        "Net Income": 48
    },
    "2013-12-31": {
        "Diluted EPS": 0.26,
        "Total Revenue": NaN,
        "Gross Profit": 964,
        "Operating Income": 189,
        "EBIT": 327,
        "Net Income": 150
    },
    "2013-09-30": {
        "Diluted EPS": 0.05,
        "Total Revenue": NaN,
        "Gross Profit": 777,
        "Operating Income": NaN,
        "EBIT": 141,
        "Net Income": 27
    },
    "2013-06-30": {
        "Diluted EPS": -1.94,
        "Total Revenue": NaN,
        "Gross Profit": 877,
        "Operating Income": -20,
        "EBIT": 130,
        "Net Income": NaN
    },
    "2013-03-31": {
        "Diluted EPS": 0.56,
        "Total Revenue": NaN,
        "Gross Profit": 826,
        "Operating Income": 25,
        "EBIT": 169,
        "Net Income": 323
    },
    "2012-12-31": {
        "Diluted EPS": 2.42,
        "Total Revenue": NaN,
        "Gross Profit": 969,
        "Operating Income": 171,
        "EBIT": 300,
        "Net Income": NaN
    },
    "2012-09-30": {
        "Diluted EPS": -0.16,
        "Total Revenue": NaN,
        "Gross Profit": 799,
        "Operating Income": -36,
        "EBIT": 89,
        "Net Income": -92
    },
    "2012-06-30": {
        "Diluted EPS": 0.0,
        "Total Revenue": NaN,
        "Gross Profit": NaN,
        "Operating Income": NaN,
        "EBIT": NaN,
        "Net Income": NaN
    },
    "2011-06-30": {
        "Diluted EPS": 0.0,
        "Total Revenue": NaN,
        "Gross Profit": NaN,
        "Operating Income": NaN,
        "EBIT": NaN,
        "Net Income": NaN
    },
    "2023-06-30": {
        "Tax Effect Of Unusual Items": -17850000.0,
        "Tax Rate For Calcs": 0.21,
        "Normalized EBITDA": 268000000.0,
        "Total Unusual Items": -85000000.0,
        "Total Unusual Items Excluding Goodwill": -85000000.0,
        "Net Income From Continuing Operation Net Minority Interest": -8000000.0,
        "Reconciled Depreciation": 178000000.0,
        "EBITDA": 183000000.0,
        "EBIT": 5000000.0,
        "Net Interest Income": -22000000.0,
        "Interest Expense": 22000000.0,
        "Normalized Income": 59150000.0,
        "Net Income From Continuing And Discontinued Operation": -8000000.0,
        "Total Expenses": 2270000000.0,
        "Diluted Average Shares": 576400000.0,
        "Basic Average Shares": 572800000.0,
        "Diluted EPS": -0.01,
        "Basic EPS": -0.01,
        "Diluted NI Availto Com Stockholders": -8000000.0,
        "Net Income Common Stockholders": -8000000.0,
        "Net Income": -8000000.0,
        "Minority Interests": 24000000.0,
        "Net Income Including Noncontrolling Interests": -32000000.0,
        "Net Income Continuous Operations": -32000000.0,
        "Tax Provision": 15000000.0,
        "Pretax Income": -17000000.0,
        "Other Income Expense": -158000000.0,
        "Other Non Operating Income Expenses": 11000000.0,
        "Special Income Charges": -85000000.0,
        "Gain On Sale Of Business": 0.0,
        "Write Off": 85000000.0,
        "Earnings From Equity Interest": -84000000.0,
        "Gain On Sale Of Security": 7000000.0,
        "Net Non Operating Interest Income Expense": -22000000.0,
        "Interest Expense Non Operating": 22000000.0,
        "Operating Income": 163000000.0,
        "Operating Expense": 2270000000.0,
        "Other Operating Expenses": 1271000000.0,
        "Depreciation Amortization Depletion Income Statement": 178000000.0,
        "Depreciation And Amortization In Income Statement": 178000000.0,
        "Selling General And Administration": 821000000.0,
        "Total Revenue": 2433000000.0,
        "Operating Revenue": 2271000000.0
    }
}