{
    "2023-03-31": {
        "Tax Effect Of Unusual Items": NaN,
        "Tax Rate For Calcs": NaN,
        "Normalized EBITDA": NaN,
        "Total Unusual Items": NaN,
        "Total Unusual Items Excluding Goodwill": NaN,
        "Net Income From Continuing Operation Net Minority Interest": NaN,
        "Reconciled Depreciation": NaN,
        "EBITDA": NaN,
        "EBIT": NaN,
        "Net Interest Income": NaN,
        "Interest Expense": NaN,
        "Interest Income": NaN,
        "Normalized Income": NaN,
        "Net Income From Continuing And Discontinued Operation": NaN,
        "Total Expenses": NaN,
        "Diluted Average Shares": 485399867.0,
        "Basic Average Shares": 485399867.0,
        "Diluted EPS": -0.01,
        "Basic EPS": -0.01,
        "Diluted NI Availto Com Stockholders": NaN,
        "Average Dilution Earnings": NaN,
        "Net Income Common Stockholders": NaN,
        "Net Income": NaN,
        "Minority Interests": NaN,
        "Net Income Including Noncontrolling Interests": NaN,
        "Net Income Continuous Operations": NaN,
        "Tax Provision": NaN,
        "Pretax Income": NaN,
        "Other Income Expense": NaN,
        "Other Non Operating Income Expenses": 3804000.0,
        "Special Income Charges": NaN,
        "Gain On Sale Of Ppe": NaN,
        "Gain On Sale Of Business": 0.0,
        "Earnings From Equity Interest": 0.0,
        "Gain On Sale Of Security": NaN,
        "Net Non Operating Interest Income Expense": NaN,
        "Interest Expense Non Operating": NaN,
        "Interest Income Non Operating": NaN,
        "Operating Income": NaN,
        "Operating Expense": NaN,
        "Depreciation Amortization Depletion Income Statement": NaN,
        "Depreciation And Amortization In Income Statement": NaN,
        "Depreciation Income Statement": NaN,
        "Selling General And Administration": NaN,
        "General And Administrative Expense": NaN,
        "Other Gand A": NaN,
        "Salaries And Wages": NaN,
        "Total Revenue": NaN,
        "Operating Revenue": NaN
    },
    "2022-12-31": {
        "Tax Effect Of Unusual Items": NaN,
        "Tax Rate For Calcs": NaN,
        "Normalized EBITDA": NaN,
        "Total Unusual Items": NaN,
        "Total Unusual Items Excluding Goodwill": NaN,
        "Net Income From Continuing Operation Net Minority Interest": NaN,
        "Reconciled Depreciation": NaN,
        "EBITDA": NaN,
        "EBIT": NaN,
        "Net Interest Income": NaN,
        "Interest Expense": NaN,
        "Interest Income": NaN,
        "Normalized Income": NaN,
        "Net Income From Continuing And Discontinued Operation": NaN,
        "Total Expenses": NaN,
        "Diluted Average Shares": NaN,
        "Basic Average Shares": NaN,
        "Diluted EPS": NaN,
        "Basic EPS": NaN,
        "Diluted NI Availto Com Stockholders": NaN,
        "Average Dilution Earnings": NaN,
        "Net Income Common Stockholders": NaN,
        "Net Income": NaN,
        "Minority Interests": NaN,
        "Net Income Including Noncontrolling Interests": NaN,
        "Net Income Continuous Operations": NaN,
        "Tax Provision": NaN,
        "Pretax Income": NaN,
        "Other Income Expense": NaN,
        "Other Non Operating Income Expenses": NaN,
        "Special Income Charges": NaN,
        "Gain On Sale Of Ppe": 0.0,
        "Gain On Sale Of Business": NaN,
        "Earnings From Equity Interest": NaN,
        "Gain On Sale Of Security": NaN,
        "Net Non Operating Interest Income Expense": NaN,
        "Interest Expense Non Operating": NaN,
        "Interest Income Non Operating": NaN,
        "Operating Income": NaN,
        "Operating Expense": NaN,
        "Depreciation Amortization Depletion Income Statement": NaN,
        "Depreciation And Amortization In Income Statement": NaN,
        "Depreciation Income Statement": NaN,
        "Selling General And Administration": NaN,
        "General And Administrative Expense": NaN,
        "Other Gand A": NaN,
        "Salaries And Wages": NaN,
        "Total Revenue": NaN,
        "Operating Revenue": NaN
    },
    "2022-09-30": {
        "Tax Effect Of Unusual Items": NaN,
        "Tax Rate For Calcs": NaN,
        "Normalized EBITDA": NaN,
        "Total Unusual Items": NaN,
        "Total Unusual Items Excluding Goodwill": NaN,
        "Net Income From Continuing Operation Net Minority Interest": NaN,
        "Reconciled Depreciation": NaN,
        "EBITDA": NaN,
        "EBIT": NaN,
        "Net Interest Income": NaN,
        "Interest Expense": NaN,
        "Interest Income": NaN,
        "Normalized Income": NaN,
        "Net Income From Continuing And Discontinued Operation": NaN,
        "Total Expenses": NaN,
        "Diluted Average Shares": 479504037.0,
        "Basic Average Shares": 479504037.0,
        "Diluted EPS": -0.05,
        "Basic EPS": -0.05,
        "Diluted NI Availto Com Stockholders": NaN,
        "Average Dilution Earnings": NaN,
        "Net Income Common Stockholders": NaN,
        "Net Income": NaN,
        "Minority Interests": NaN,
        "Net Income Including Noncontrolling Interests": NaN,
        "Net Income Continuous Operations": NaN,
        "Tax Provision": NaN,
        "Pretax Income": NaN,
        "Other Income Expense": NaN,
        "Other Non Operating Income Expenses": NaN,
        "Special Income Charges": NaN,
        "Gain On Sale Of Ppe": -85000.0,
        "Gain On Sale Of Business": NaN,
        "Earnings From Equity Interest": NaN,
        "Gain On Sale Of Security": NaN,
        "Net Non Operating Interest Income Expense": NaN,
        "Interest Expense Non Operating": NaN,
        "Interest Income Non Operating": NaN,
        "Operating Income": NaN,
        "Operating Expense": NaN,
        "Depreciation Amortization Depletion Income Statement": NaN,
        "Depreciation And Amortization In Income Statement": NaN,
        "Depreciation Income Statement": NaN,
        "Selling General And Administration": NaN,
        "General And Administrative Expense": NaN,
        "Other Gand A": NaN,
        "Salaries And Wages": NaN,
        "Total Revenue": NaN,
        "Operating Revenue": NaN
    },
    "2022-06-30": {
        "Tax Effect Of Unusual Items": 189600.0,
        "Tax Rate For Calcs": 0.4,
        "Normalized EBITDA": 17857000.0,
        "Total Unusual Items": 474000.0,
        "Total Unusual Items Excluding Goodwill": 474000.0,
        "Net Income From Continuing Operation Net Minority Interest": 13484000.0,
        "Reconciled Depreciation": 446000.0,
        "EBITDA": 18331000.0,
        "EBIT": 17885000.0,
        "Net Interest Income": -92000.0,
        "Interest Expense": 583000.0,
        "Interest Income": 491000.0,
        "Normalized Income": 13199600.0,
        "Net Income From Continuing And Discontinued Operation": 13484000.0,
        "Total Expenses": 11584000.0,
        "Diluted Average Shares": 504256307.0,
        "Basic Average Shares": 479283015.0,
        "Diluted EPS": -0.02,
        "Basic EPS": 0.03,
        "Diluted NI Availto Com Stockholders": -9555000.0,
        "Average Dilution Earnings": -23039000.0,
        "Net Income Common Stockholders": 13484000.0,
        "Net Income": 13484000.0,
        "Minority Interests": -4101000.0,
        "Net Income Including Noncontrolling Interests": 17585000.0,
        "Net Income Continuous Operations": 17585000.0,
        "Tax Provision": -283000.0,
        "Pretax Income": 17302000.0,
        "Other Income Expense": 28978000.0,
        "Other Non Operating Income Expenses": 28504000.0,
        "Special Income Charges": 0.0,
        "Gain On Sale Of Ppe": 0.0,
        "Gain On Sale Of Security": 474000.0,
        "Net Non Operating Interest Income Expense": -92000.0,
        "Interest Expense Non Operating": 583000.0,
        "Interest Income Non Operating": 491000.0,
        "Operating Income": -11584000.0,
        "Operating Expense": 11584000.0,
        "Depreciation Amortization Depletion Income Statement": 446000.0,
        "Depreciation And Amortization In Income Statement": 446000.0,
        "Depreciation Income Statement": 446000.0,
        "Selling General And Administration": 11138000.0,
        "General And Administrative Expense": 11138000.0,
        "Other Gand A": 2931000.0,
        "Salaries And Wages": 8207000.0,
        "Total Revenue": 0.0,
        "Operating Revenue": 0.0
    },
    "2022-03-31": {
        "Diluted EPS": -0.04,
        "Total Revenue": NaN,
        "Gross Profit": NaN,
        "Operating Income": -9,
        "EBIT": -9,
        "Net Income": -20
    },
    "2021-12-31": {
        "Diluted EPS": -0.01,
        "Total Revenue": NaN,
        "Gross Profit": NaN,
        "Operating Income": -16,
        "EBIT": -16,
        "Net Income": -13
    },
    "2021-09-30": {
        "Diluted EPS": -0.03,
        "Total Revenue": NaN,
        "Gross Profit": NaN,
        "Operating Income": -7,
        "EBIT": -6,
        "Net Income": -14
    },
    "2021-06-30": {
        "Diluted EPS": -0.03,
        "Total Revenue": NaN,
        "Gross Profit": NaN,
        "Operating Income": -12,
        "EBIT": -12,
        "Net Income": -15
    },
    "2021-03-31": {
        "Diluted EPS": -0.13,
        "Total Revenue": NaN,
        "Gross Profit": NaN,
        "Operating Income": -6,
        "EBIT": -5,
        "Net Income": -52
    },
    "2020-12-31": {
        "Diluted EPS": -0.12,
        "Total Revenue": NaN,
        "Gross Profit": NaN,
        "Operating Income": -7,
        "EBIT": -6,
        "Net Income": -45
    },
    "2020-09-30": {
        "Diluted EPS": -0.05,
        "Total Revenue": NaN,
        "Gross Profit": NaN,
        "Operating Income": -3,
        "EBIT": -3,
        "Net Income": -16
    },
    "2020-06-30": {
        "Diluted EPS": -0.04,
        "Total Revenue": NaN,
        "Gross Profit": NaN,
        "Operating Income": -5,
        "EBIT": -4,
        "Net Income": -13
    },
    "2020-03-31": {
        "Diluted EPS": -0.02,
        "Total Revenue": NaN,
        "Gross Profit": NaN,
        "Operating Income": -3,
        "EBIT": -3,
        "Net Income": -7
    },
    "2019-12-31": {
        "Diluted EPS": -0.02,
        "Total Revenue": NaN,
        "Gross Profit": NaN,
        "Operating Income": -6,
        "EBIT": -5,
        "Net Income": -8
    },
    "2019-09-30": {
        "Diluted EPS": -0.01,
        "Total Revenue": NaN,
        "Gross Profit": NaN,
        "Operating Income": -4,
        "EBIT": -4,
        "Net Income": 0
    },
    "2019-06-30": {
        "Diluted EPS": -0.03,
        "Total Revenue": NaN,
        "Gross Profit": NaN,
        "Operating Income": -5,
        "EBIT": -5,
        "Net Income": -9
    },
    "2019-03-31": {
        "Diluted EPS": 0.01,
        "Total Revenue": NaN,
        "Gross Profit": NaN,
        "Operating Income": -4,
        "EBIT": -4,
        "Net Income": 5
    },
    "2018-12-31": {
        "Diluted EPS": 0.06,
        "Total Revenue": NaN,
        "Gross Profit": NaN,
        "Operating Income": -6,
        "EBIT": -6,
        "Net Income": 11
    },
    "2018-09-30": {
        "Diluted EPS": -0.05,
        "Total Revenue": NaN,
        "Gross Profit": NaN,
        "Operating Income": -4,
        "EBIT": -4,
        "Net Income": -15
    },
    "2018-06-30": {
        "Diluted EPS": -0.05,
        "Total Revenue": NaN,
        "Gross Profit": NaN,
        "Operating Income": -7,
        "EBIT": -6,
        "Net Income": -19
    },
    "2018-03-31": {
        "Diluted EPS": -0.01,
        "Total Revenue": NaN,
        "Gross Profit": NaN,
        "Operating Income": -3,
        "EBIT": -3,
        "Net Income": 24
    },
    "2017-12-31": {
        "Diluted EPS": -0.07,
        "Total Revenue": NaN,
        "Gross Profit": NaN,
        "Operating Income": -5,
        "EBIT": -5,
        "Net Income": -26
    },
    "2017-09-30": {
        "Diluted EPS": -0.01,
        "Total Revenue": NaN,
        "Gross Profit": NaN,
        "Operating Income": -3,
        "EBIT": -3,
        "Net Income": -1
    },
    "2017-06-30": {
        "Diluted EPS": 0.01,
        "Total Revenue": NaN,
        "Gross Profit": NaN,
        "Operating Income": -3,
        "EBIT": -3,
        "Net Income": 2
    },
    "2017-03-31": {
        "Diluted EPS": -0.06,
        "Total Revenue": NaN,
        "Gross Profit": NaN,
        "Operating Income": -3,
        "EBIT": -3,
        "Net Income": -19
    },
    "2016-12-31": {
        "Diluted EPS": -0.05,
        "Total Revenue": NaN,
        "Gross Profit": NaN,
        "Operating Income": NaN,
        "EBIT": NaN,
        "Net Income": -15
    },
    "2023-06-30": {
        "Tax Effect Of Unusual Items": -83532.369299,
        "Tax Rate For Calcs": 0.026808,
        "Normalized EBITDA": -13708000.0,
        "Total Unusual Items": -3116000.0,
        "Total Unusual Items Excluding Goodwill": -3116000.0,
        "Net Income From Continuing Operation Net Minority Interest": -19292000.0,
        "Reconciled Depreciation": 426000.0,
        "EBITDA": -16824000.0,
        "EBIT": -17250000.0,
        "Net Interest Income": 517000.0,
        "Interest Expense": 730000.0,
        "Interest Income": 1247000.0,
        "Normalized Income": -16259532.369299,
        "Net Income From Continuing And Discontinued Operation": -19292000.0,
        "Total Expenses": 15381000.0,
        "Diluted Average Shares": 486577487.0,
        "Basic Average Shares": 486577487.0,
        "Diluted EPS": -0.04,
        "Basic EPS": -0.04,
        "Diluted NI Availto Com Stockholders": -19292000.0,
        "Average Dilution Earnings": 0.0,
        "Net Income Common Stockholders": -19292000.0,
        "Net Income": -19292000.0,
        "Minority Interests": -1794000.0,
        "Net Income Including Noncontrolling Interests": -17498000.0,
        "Net Income Continuous Operations": -17498000.0,
        "Tax Provision": -482000.0,
        "Pretax Income": -17980000.0,
        "Other Income Expense": -3116000.0,
        "Other Non Operating Income Expenses": -2680000.0,
        "Special Income Charges": 0.0,
        "Gain On Sale Of Ppe": NaN,
        "Gain On Sale Of Business": 0.0,
        "Earnings From Equity Interest": 0.0,
        "Gain On Sale Of Security": -3116000.0,
        "Net Non Operating Interest Income Expense": 517000.0,
        "Interest Expense Non Operating": 730000.0,
        "Interest Income Non Operating": 1247000.0,
        "Operating Income": -15381000.0,
        "Operating Expense": 15381000.0,
        "Depreciation Amortization Depletion Income Statement": 426000.0,
        "Depreciation And Amortization In Income Statement": 426000.0,
        "Depreciation Income Statement": 426000.0,
        "Selling General And Administration": 14955000.0,
        "General And Administrative Expense": 14955000.0,
        "Other Gand A": 6496000.0,
        "Salaries And Wages": 8459000.0,
        "Total Revenue": 0.0,
        "Operating Revenue": 0.0
    },
    "2023-09-30": {
        "Tax Effect Of Unusual Items": -193798.274342,
        "Tax Rate For Calcs": 0.004975,
        "Normalized EBITDA": -23050000.0,
        "Total Unusual Items": -38951000.0,
        "Total Unusual Items Excluding Goodwill": -38951000.0,
        "Net Income From Continuing Operation Net Minority Interest": -52135000.0,
        "Reconciled Depreciation": 483000.0,
        "EBITDA": -62001000.0,
        "EBIT": -62484000.0,
        "Net Interest Income": 75000.0,
        "Interest Expense": 1028000.0,
        "Interest Income": 1103000.0,
        "Normalized Income": -13377798.274342,
        "Net Income From Continuing And Discontinued Operation": -52135000.0,
        "Total Expenses": 24636000.0,
        "Diluted Average Shares": 491274394.0,
        "Basic Average Shares": 491274394.0,
        "Diluted EPS": -0.11,
        "Basic EPS": -0.11,
        "Diluted NI Availto Com Stockholders": -52135000.0,
        "Average Dilution Earnings": NaN,
        "Net Income Common Stockholders": -52135000.0,
        "Net Income": -52135000.0,
        "Minority Interests": 11061000.0,
        "Net Income Including Noncontrolling Interests": -63196000.0,
        "Net Income Continuous Operations": -63196000.0,
        "Tax Provision": -316000.0,
        "Pretax Income": -63512000.0,
        "Other Income Expense": -38951000.0,
        "Other Non Operating Income Expenses": -39619000.0,
        "Special Income Charges": -12000.0,
        "Gain On Sale Of Ppe": -12000.0,
        "Gain On Sale Of Business": NaN,
        "Earnings From Equity Interest": NaN,
        "Gain On Sale Of Security": -38939000.0,
        "Net Non Operating Interest Income Expense": 75000.0,
        "Interest Expense Non Operating": 1028000.0,
        "Interest Income Non Operating": 1103000.0,
        "Operating Income": -24636000.0,
        "Operating Expense": 24636000.0,
        "Depreciation Amortization Depletion Income Statement": 483000.0,
        "Depreciation And Amortization In Income Statement": 483000.0,
        "Depreciation Income Statement": 483000.0,
        "Selling General And Administration": 24153000.0,
        "General And Administrative Expense": 24153000.0,
        "Other Gand A": 11067000.0,
        "Salaries And Wages": 13086000.0,
        "Total Revenue": 0.0,
        "Operating Revenue": 0.0
    },
    "2023-12-31": {
        "Tax Effect Of Unusual Items": 194779.174551,
        "Tax Rate For Calcs": 0.001012,
        "Normalized EBITDA": -28144000.0,
        "Total Unusual Items": 192532000.0,
        "Total Unusual Items Excluding Goodwill": 192532000.0,
        "Net Income From Continuing Operation Net Minority Interest": 158901000.0,
        "Reconciled Depreciation": 496000.0,
        "EBITDA": 164388000.0,
        "EBIT": 163892000.0,
        "Net Interest Income": -1437000.0,
        "Interest Expense": 3761000.0,
        "Interest Income": 2324000.0,
        "Normalized Income": -33436220.825449,
        "Net Income From Continuing And Discontinued Operation": 158901000.0,
        "Total Expenses": 30506000.0,
        "Diluted Average Shares": NaN,
        "Basic Average Shares": NaN,
        "Diluted EPS": NaN,
        "Basic EPS": NaN,
        "Diluted NI Availto Com Stockholders": 158901000.0,
        "Average Dilution Earnings": NaN,
        "Net Income Common Stockholders": 158901000.0,
        "Net Income": 158901000.0,
        "Minority Interests": -1068000.0,
        "Net Income Including Noncontrolling Interests": 159969000.0,
        "Net Income Continuous Operations": 159969000.0,
        "Tax Provision": 162000.0,
        "Pretax Income": 160131000.0,
        "Other Income Expense": 192074000.0,
        "Other Non Operating Income Expenses": -11628000.0,
        "Special Income Charges": 204050000.0,
        "Gain On Sale Of Ppe": NaN,
        "Gain On Sale Of Business": NaN,
        "Earnings From Equity Interest": NaN,
        "Gain On Sale Of Security": -11518000.0,
        "Net Non Operating Interest Income Expense": -1437000.0,
        "Interest Expense Non Operating": 3761000.0,
        "Interest Income Non Operating": 2324000.0,
        "Operating Income": -30506000.0,
        "Operating Expense": 30506000.0,
        "Depreciation Amortization Depletion Income Statement": 496000.0,
        "Depreciation And Amortization In Income Statement": 496000.0,
        "Depreciation Income Statement": 496000.0,
        "Selling General And Administration": 30010000.0,
        "General And Administrative Expense": 30010000.0,
        "Other Gand A": 10442000.0,
        "Salaries And Wages": 19568000.0,
        "Total Revenue": 0.0,
        "Operating Revenue": 0.0
    },
    "2024-03-31": {
        "Tax Effect Of Unusual Items": -2299800.0,
        "Tax Rate For Calcs": 0.15,
        "Normalized EBITDA": -15054000.0,
        "Total Unusual Items": -15332000.0,
        "Total Unusual Items Excluding Goodwill": -15332000.0,
        "Net Income From Continuing Operation Net Minority Interest": -34620000.0,
        "Reconciled Depreciation": 516000.0,
        "EBITDA": -30386000.0,
        "EBIT": -30902000.0,
        "Net Interest Income": 97000.0,
        "Interest Expense": 3408000.0,
        "Interest Income": 3505000.0,
        "Normalized Income": -21587800.0,
        "Net Income From Continuing And Discontinued Operation": -34620000.0,
        "Total Expenses": 17498000.0,
        "Diluted Average Shares": 536646284.0,
        "Basic Average Shares": 536646284.0,
        "Diluted EPS": -0.06,
        "Basic EPS": -0.06,
        "Diluted NI Availto Com Stockholders": -34620000.0,
        "Average Dilution Earnings": NaN,
        "Net Income Common Stockholders": -34620000.0,
        "Net Income": -34620000.0,
        "Minority Interests": 0.0,
        "Net Income Including Noncontrolling Interests": -34620000.0,
        "Net Income Continuous Operations": -34620000.0,
        "Tax Provision": 310000.0,
        "Pretax Income": -34310000.0,
        "Other Income Expense": -16909000.0,
        "Other Non Operating Income Expenses": NaN,
        "Special Income Charges": 221000.0,
        "Gain On Sale Of Ppe": NaN,
        "Gain On Sale Of Business": 221000.0,
        "Earnings From Equity Interest": -1577000.0,
        "Gain On Sale Of Security": -15553000.0,
        "Net Non Operating Interest Income Expense": 97000.0,
        "Interest Expense Non Operating": 3408000.0,
        "Interest Income Non Operating": 3505000.0,
        "Operating Income": -17498000.0,
        "Operating Expense": 17498000.0,
        "Depreciation Amortization Depletion Income Statement": 516000.0,
        "Depreciation And Amortization In Income Statement": 516000.0,
        "Depreciation Income Statement": 516000.0,
        "Selling General And Administration": 16982000.0,
        "General And Administrative Expense": 16982000.0,
        "Other Gand A": 8175000.0,
        "Salaries And Wages": 8807000.0,
        "Total Revenue": 0.0,
        "Operating Revenue": 0.0
    },
    "2024-06-30": {
        "Tax Effect Of Unusual Items": 4457400.0,
        "Tax Rate For Calcs": 0.15,
        "Normalized EBITDA": -13224000.0,
        "Total Unusual Items": 29716000.0,
        "Total Unusual Items Excluding Goodwill": 29716000.0,
        "Net Income From Continuing Operation Net Minority Interest": 13196000.0,
        "Reconciled Depreciation": 564000.0,
        "EBITDA": 16492000.0,
        "EBIT": 15928000.0,
        "Net Interest Income": -164000.0,
        "Interest Expense": 6087000.0,
        "Interest Income": 5923000.0,
        "Normalized Income": -12062600.0,
        "Net Income From Continuing And Discontinued Operation": 13196000.0,
        "Total Expenses": 17612000.0,
        "Diluted Average Shares": 613813089.0,
        "Basic Average Shares": 551519415.0,
        "Diluted EPS": -0.02,
        "Basic EPS": 0.02,
        "Diluted NI Availto Com Stockholders": -10462000.0,
        "Average Dilution Earnings": -23658000.0,
        "Net Income Common Stockholders": 13196000.0,
        "Net Income": 13196000.0,
        "Minority Interests": 0.0,
        "Net Income Including Noncontrolling Interests": 13196000.0,
        "Net Income Continuous Operations": 13196000.0,
        "Tax Provision": -3355000.0,
        "Pretax Income": 9841000.0,
        "Other Income Expense": 27617000.0,
        "Other Non Operating Income Expenses": -159000.0,
        "Special Income Charges": -66000.0,
        "Gain On Sale Of Ppe": NaN,
        "Gain On Sale Of Business": -66000.0,
        "Earnings From Equity Interest": -1940000.0,
        "Gain On Sale Of Security": 29782000.0,
        "Net Non Operating Interest Income Expense": -164000.0,
        "Interest Expense Non Operating": 6087000.0,
        "Interest Income Non Operating": 5923000.0,
        "Operating Income": -17612000.0,
        "Operating Expense": 17612000.0,
        "Depreciation Amortization Depletion Income Statement": 564000.0,
        "Depreciation And Amortization In Income Statement": 564000.0,
        "Depreciation Income Statement": 564000.0,
        "Selling General And Administration": 17048000.0,
        "General And Administrative Expense": 17048000.0,
        "Other Gand A": 8402000.0,
        "Salaries And Wages": 8646000.0,
        "Total Revenue": 0.0,
        "Operating Revenue": 0.0
    }
}