{
    "2023-03-31": {
        "Tax Effect Of Unusual Items": NaN,
        "Tax Rate For Calcs": NaN,
        "Normalized EBITDA": NaN,
        "Total Unusual Items": NaN,
        "Total Unusual Items Excluding Goodwill": NaN,
        "Net Income From Continuing Operation Net Minority Interest": NaN,
        "Reconciled Depreciation": NaN,
        "Reconciled Cost Of Revenue": NaN,
        "EBITDA": NaN,
        "EBIT": NaN,
        "Net Interest Income": NaN,
        "Interest Expense": NaN,
        "Interest Income": NaN,
        "Normalized Income": NaN,
        "Net Income From Continuing And Discontinued Operation": NaN,
        "Total Expenses": NaN,
        "Total Operating Income As Reported": NaN,
        "Diluted Average Shares": NaN,
        "Basic Average Shares": NaN,
        "Diluted EPS": NaN,
        "Basic EPS": NaN,
        "Diluted NI Availto Com Stockholders": NaN,
        "Net Income Common Stockholders": NaN,
        "Net Income": NaN,
        "Minority Interests": NaN,
        "Net Income Including Noncontrolling Interests": NaN,
        "Net Income Continuous Operations": NaN,
        "Tax Provision": NaN,
        "Pretax Income": NaN,
        "Other Income Expense": NaN,
        "Other Non Operating Income Expenses": 4000.0,
        "Special Income Charges": 0.0,
        "Gain On Sale Of Ppe": NaN,
        "Gain On Sale Of Security": NaN,
        "Net Non Operating Interest Income Expense": NaN,
        "Interest Expense Non Operating": NaN,
        "Interest Income Non Operating": NaN,
        "Operating Income": NaN,
        "Operating Expense": NaN,
        "Other Taxes": NaN,
        "Depreciation Amortization Depletion Income Statement": NaN,
        "Depreciation And Amortization In Income Statement": NaN,
        "Research And Development": NaN,
        "Selling General And Administration": NaN,
        "Selling And Marketing Expense": NaN,
        "General And Administrative Expense": NaN,
        "Other Gand A": NaN,
        "Salaries And Wages": NaN,
        "Gross Profit": NaN,
        "Cost Of Revenue": NaN,
        "Total Revenue": NaN,
        "Operating Revenue": NaN
    },
    "2022-12-31": {
        "Tax Effect Of Unusual Items": NaN,
        "Tax Rate For Calcs": NaN,
        "Normalized EBITDA": NaN,
        "Total Unusual Items": NaN,
        "Total Unusual Items Excluding Goodwill": NaN,
        "Net Income From Continuing Operation Net Minority Interest": NaN,
        "Reconciled Depreciation": NaN,
        "Reconciled Cost Of Revenue": NaN,
        "EBITDA": NaN,
        "EBIT": NaN,
        "Net Interest Income": NaN,
        "Interest Expense": NaN,
        "Interest Income": NaN,
        "Normalized Income": NaN,
        "Net Income From Continuing And Discontinued Operation": NaN,
        "Total Expenses": NaN,
        "Total Operating Income As Reported": NaN,
        "Diluted Average Shares": NaN,
        "Basic Average Shares": NaN,
        "Diluted EPS": NaN,
        "Basic EPS": NaN,
        "Diluted NI Availto Com Stockholders": NaN,
        "Net Income Common Stockholders": NaN,
        "Net Income": NaN,
        "Minority Interests": NaN,
        "Net Income Including Noncontrolling Interests": NaN,
        "Net Income Continuous Operations": NaN,
        "Tax Provision": NaN,
        "Pretax Income": NaN,
        "Other Income Expense": NaN,
        "Other Non Operating Income Expenses": 1000.0,
        "Special Income Charges": NaN,
        "Gain On Sale Of Ppe": NaN,
        "Other Special Charges": 0.0,
        "Gain On Sale Of Security": NaN,
        "Net Non Operating Interest Income Expense": NaN,
        "Interest Expense Non Operating": NaN,
        "Interest Income Non Operating": NaN,
        "Operating Income": NaN,
        "Operating Expense": NaN,
        "Other Taxes": NaN,
        "Depreciation Amortization Depletion Income Statement": NaN,
        "Depreciation And Amortization In Income Statement": NaN,
        "Research And Development": NaN,
        "Selling General And Administration": NaN,
        "Selling And Marketing Expense": NaN,
        "General And Administrative Expense": NaN,
        "Other Gand A": NaN,
        "Salaries And Wages": NaN,
        "Gross Profit": NaN,
        "Cost Of Revenue": NaN,
        "Total Revenue": NaN,
        "Operating Revenue": NaN
    },
    "2022-09-30": {
        "Tax Effect Of Unusual Items": NaN,
        "Tax Rate For Calcs": NaN,
        "Normalized EBITDA": NaN,
        "Total Unusual Items": NaN,
        "Total Unusual Items Excluding Goodwill": NaN,
        "Net Income From Continuing Operation Net Minority Interest": NaN,
        "Reconciled Depreciation": NaN,
        "Reconciled Cost Of Revenue": NaN,
        "EBITDA": NaN,
        "EBIT": NaN,
        "Net Interest Income": NaN,
        "Interest Expense": NaN,
        "Interest Income": 0.0,
        "Normalized Income": NaN,
        "Net Income From Continuing And Discontinued Operation": NaN,
        "Total Expenses": NaN,
        "Total Operating Income As Reported": NaN,
        "Diluted Average Shares": 5572234.0,
        "Basic Average Shares": 5572234.0,
        "Diluted EPS": -0.22,
        "Basic EPS": -0.22,
        "Diluted NI Availto Com Stockholders": NaN,
        "Net Income Common Stockholders": NaN,
        "Net Income": NaN,
        "Minority Interests": NaN,
        "Net Income Including Noncontrolling Interests": NaN,
        "Net Income Continuous Operations": NaN,
        "Tax Provision": NaN,
        "Pretax Income": NaN,
        "Other Income Expense": NaN,
        "Other Non Operating Income Expenses": NaN,
        "Special Income Charges": NaN,
        "Other Special Charges": NaN,
        "Gain On Sale Of Security": NaN,
        "Net Non Operating Interest Income Expense": NaN,
        "Interest Expense Non Operating": NaN,
        "Interest Income Non Operating": 0.0,
        "Operating Income": NaN,
        "Operating Expense": NaN,
        "Other Taxes": NaN,
        "Depreciation Amortization Depletion Income Statement": NaN,
        "Depreciation And Amortization In Income Statement": NaN,
        "Research And Development": NaN,
        "Selling General And Administration": NaN,
        "Selling And Marketing Expense": NaN,
        "General And Administrative Expense": NaN,
        "Other Gand A": NaN,
        "Salaries And Wages": NaN,
        "Gross Profit": NaN,
        "Cost Of Revenue": NaN,
        "Total Revenue": NaN,
        "Operating Revenue": NaN
    },
    "2022-06-30": {
        "Tax Effect Of Unusual Items": 0.0,
        "Tax Rate For Calcs": 0.0,
        "Normalized EBITDA": -687000.0,
        "Total Unusual Items": 29000.0,
        "Total Unusual Items Excluding Goodwill": 29000.0,
        "Net Income From Continuing Operation Net Minority Interest": -1035000.0,
        "Reconciled Depreciation": 29000.0,
        "Reconciled Cost Of Revenue": 435000.0,
        "EBITDA": -658000.0,
        "EBIT": -687000.0,
        "Net Interest Income": -348000.0,
        "Interest Expense": 348000.0,
        "Interest Income": NaN,
        "Normalized Income": -1064000.0,
        "Net Income From Continuing And Discontinued Operation": -1035000.0,
        "Total Expenses": 1279000.0,
        "Total Operating Income As Reported": -718000.0,
        "Diluted Average Shares": 5572234.0,
        "Basic Average Shares": 5572234.0,
        "Diluted EPS": -0.19,
        "Basic EPS": -0.19,
        "Diluted NI Availto Com Stockholders": -1035000.0,
        "Net Income Common Stockholders": -1035000.0,
        "Net Income": -1035000.0,
        "Minority Interests": NaN,
        "Net Income Including Noncontrolling Interests": -1035000.0,
        "Net Income Continuous Operations": -1035000.0,
        "Tax Provision": 0.0,
        "Pretax Income": -1035000.0,
        "Other Income Expense": 31000.0,
        "Other Non Operating Income Expenses": 2000.0,
        "Special Income Charges": 0.0,
        "Other Special Charges": NaN,
        "Gain On Sale Of Security": 29000.0,
        "Net Non Operating Interest Income Expense": -348000.0,
        "Interest Expense Non Operating": 348000.0,
        "Interest Income Non Operating": NaN,
        "Operating Income": -718000.0,
        "Operating Expense": 819000.0,
        "Other Taxes": NaN,
        "Depreciation Amortization Depletion Income Statement": 4000.0,
        "Depreciation And Amortization In Income Statement": 4000.0,
        "Research And Development": 111000.0,
        "Selling General And Administration": 704000.0,
        "Selling And Marketing Expense": NaN,
        "General And Administrative Expense": 704000.0,
        "Other Gand A": 490000.0,
        "Salaries And Wages": 214000.0,
        "Gross Profit": 101000.0,
        "Cost Of Revenue": 460000.0,
        "Total Revenue": 561000.0,
        "Operating Revenue": 523000.0
    },
    "2022-03-31": {
        "Diluted EPS": -0.33,
        "Total Revenue": 0,
        "Gross Profit": 0,
        "Operating Income": -1,
        "EBIT": 0,
        "Net Income": -2
    },
    "2021-12-31": {
        "Diluted EPS": -0.54,
        "Total Revenue": 1,
        "Gross Profit": 0,
        "Operating Income": -1,
        "EBIT": 0,
        "Net Income": -2
    },
    "2021-09-30": {
        "Diluted EPS": -0.38,
        "Total Revenue": 0,
        "Gross Profit": 0,
        "Operating Income": -1,
        "EBIT": 0,
        "Net Income": -1
    },
    "2021-06-30": {
        "Diluted EPS": -0.28,
        "Total Revenue": 0,
        "Gross Profit": 0,
        "Operating Income": -1,
        "EBIT": 0,
        "Net Income": -1
    },
    "2021-03-31": {
        "Diluted EPS": -0.25,
        "Total Revenue": 0,
        "Gross Profit": 0,
        "Operating Income": -1,
        "EBIT": 0,
        "Net Income": -1
    },
    "2020-12-31": {
        "Diluted EPS": -1.02,
        "Total Revenue": 0,
        "Gross Profit": 0,
        "Operating Income": -1,
        "EBIT": -1,
        "Net Income": -1
    },
    "2020-09-30": {
        "Diluted EPS": -0.01,
        "Total Revenue": 0,
        "Gross Profit": 0,
        "Operating Income": -1,
        "EBIT": 0,
        "Net Income": -1
    },
    "2020-06-30": {
        "Diluted EPS": -0.01,
        "Total Revenue": 0,
        "Gross Profit": 0,
        "Operating Income": -1,
        "EBIT": -1,
        "Net Income": -1
    },
    "2020-03-31": {
        "Diluted EPS": -0.01,
        "Total Revenue": 0,
        "Gross Profit": 0,
        "Operating Income": -1,
        "EBIT": 0,
        "Net Income": -1
    },
    "2023-06-30": {
        "Tax Effect Of Unusual Items": NaN,
        "Tax Rate For Calcs": NaN,
        "Normalized EBITDA": NaN,
        "Total Unusual Items": NaN,
        "Total Unusual Items Excluding Goodwill": NaN,
        "Net Income From Continuing Operation Net Minority Interest": NaN,
        "Reconciled Depreciation": NaN,
        "Reconciled Cost Of Revenue": NaN,
        "EBITDA": NaN,
        "EBIT": NaN,
        "Net Interest Income": NaN,
        "Interest Expense": NaN,
        "Interest Income": 2000.0,
        "Normalized Income": NaN,
        "Net Income From Continuing And Discontinued Operation": NaN,
        "Total Expenses": NaN,
        "Total Operating Income As Reported": NaN,
        "Diluted Average Shares": 5662338.0,
        "Basic Average Shares": 5662338.0,
        "Diluted EPS": -0.12,
        "Basic EPS": -0.12,
        "Diluted NI Availto Com Stockholders": NaN,
        "Net Income Common Stockholders": NaN,
        "Net Income": NaN,
        "Minority Interests": NaN,
        "Net Income Including Noncontrolling Interests": NaN,
        "Net Income Continuous Operations": NaN,
        "Tax Provision": NaN,
        "Pretax Income": NaN,
        "Other Income Expense": NaN,
        "Other Non Operating Income Expenses": NaN,
        "Special Income Charges": 0.0,
        "Gain On Sale Of Ppe": 0.0,
        "Gain On Sale Of Security": NaN,
        "Net Non Operating Interest Income Expense": NaN,
        "Interest Expense Non Operating": NaN,
        "Interest Income Non Operating": 2000.0,
        "Operating Income": NaN,
        "Operating Expense": NaN,
        "Other Taxes": NaN,
        "Depreciation Amortization Depletion Income Statement": NaN,
        "Depreciation And Amortization In Income Statement": NaN,
        "Research And Development": NaN,
        "Selling General And Administration": NaN,
        "Selling And Marketing Expense": NaN,
        "General And Administrative Expense": NaN,
        "Other Gand A": NaN,
        "Salaries And Wages": NaN,
        "Gross Profit": NaN,
        "Cost Of Revenue": NaN,
        "Total Revenue": NaN,
        "Operating Revenue": NaN
    },
    "2023-09-30": {
        "Tax Effect Of Unusual Items": 0.0,
        "Tax Rate For Calcs": 0.0,
        "Normalized EBITDA": -576000.0,
        "Total Unusual Items": 62000.0,
        "Total Unusual Items Excluding Goodwill": 62000.0,
        "Net Income From Continuing Operation Net Minority Interest": -550000.0,
        "Reconciled Depreciation": 35000.0,
        "Reconciled Cost Of Revenue": 847000.0,
        "EBITDA": -514000.0,
        "EBIT": -549000.0,
        "Net Interest Income": -2000.0,
        "Interest Expense": 3000.0,
        "Interest Income": 1000.0,
        "Normalized Income": -612000.0,
        "Net Income From Continuing And Discontinued Operation": -550000.0,
        "Total Expenses": 1833000.0,
        "Total Operating Income As Reported": -612000.0,
        "Diluted Average Shares": 5714316.0,
        "Basic Average Shares": 5714316.0,
        "Diluted EPS": -0.1,
        "Basic EPS": -0.1,
        "Diluted NI Availto Com Stockholders": -550000.0,
        "Net Income Common Stockholders": -550000.0,
        "Net Income": -550000.0,
        "Minority Interests": 2000.0,
        "Net Income Including Noncontrolling Interests": -552000.0,
        "Net Income Continuous Operations": -552000.0,
        "Tax Provision": 0.0,
        "Pretax Income": -552000.0,
        "Other Income Expense": 62000.0,
        "Other Non Operating Income Expenses": NaN,
        "Special Income Charges": 0.0,
        "Gain On Sale Of Ppe": NaN,
        "Gain On Sale Of Security": 62000.0,
        "Net Non Operating Interest Income Expense": -2000.0,
        "Interest Expense Non Operating": 3000.0,
        "Interest Income Non Operating": 1000.0,
        "Operating Income": -612000.0,
        "Operating Expense": 956000.0,
        "Other Taxes": 52000.0,
        "Depreciation Amortization Depletion Income Statement": 5000.0,
        "Depreciation And Amortization In Income Statement": 5000.0,
        "Research And Development": 6000.0,
        "Selling General And Administration": 893000.0,
        "Selling And Marketing Expense": 178000.0,
        "General And Administrative Expense": 715000.0,
        "Other Gand A": 480000.0,
        "Salaries And Wages": 235000.0,
        "Gross Profit": 344000.0,
        "Cost Of Revenue": 877000.0,
        "Total Revenue": 1221000.0,
        "Operating Revenue": 1166000.0
    },
    "2023-12-31": {
        "Tax Effect Of Unusual Items": 0.0,
        "Tax Rate For Calcs": 0.0,
        "Normalized EBITDA": -868000.0,
        "Total Unusual Items": 23000.0,
        "Total Unusual Items Excluding Goodwill": 23000.0,
        "Net Income From Continuing Operation Net Minority Interest": -1098000.0,
        "Reconciled Depreciation": 340000.0,
        "Reconciled Cost Of Revenue": 678000.0,
        "EBITDA": -845000.0,
        "EBIT": -1185000.0,
        "Net Interest Income": -5000.0,
        "Interest Expense": 2000.0,
        "Interest Income": NaN,
        "Normalized Income": -1121000.0,
        "Net Income From Continuing And Discontinued Operation": -1098000.0,
        "Total Expenses": 2301000.0,
        "Total Operating Income As Reported": -1219000.0,
        "Diluted Average Shares": NaN,
        "Basic Average Shares": NaN,
        "Diluted EPS": NaN,
        "Basic EPS": NaN,
        "Diluted NI Availto Com Stockholders": -1098000.0,
        "Net Income Common Stockholders": -1098000.0,
        "Net Income": -1098000.0,
        "Minority Interests": 89000.0,
        "Net Income Including Noncontrolling Interests": -1187000.0,
        "Net Income Continuous Operations": -1187000.0,
        "Tax Provision": 0.0,
        "Pretax Income": -1187000.0,
        "Other Income Expense": 37000.0,
        "Other Non Operating Income Expenses": 14000.0,
        "Special Income Charges": 0.0,
        "Gain On Sale Of Ppe": NaN,
        "Gain On Sale Of Security": 23000.0,
        "Net Non Operating Interest Income Expense": -5000.0,
        "Interest Expense Non Operating": 2000.0,
        "Interest Income Non Operating": NaN,
        "Operating Income": -1219000.0,
        "Operating Expense": 1377000.0,
        "Other Taxes": 50000.0,
        "Depreciation Amortization Depletion Income Statement": 94000.0,
        "Depreciation And Amortization In Income Statement": 94000.0,
        "Research And Development": 13000.0,
        "Selling General And Administration": 1220000.0,
        "Selling And Marketing Expense": 182000.0,
        "General And Administrative Expense": 1038000.0,
        "Other Gand A": 694000.0,
        "Salaries And Wages": 344000.0,
        "Gross Profit": 158000.0,
        "Cost Of Revenue": 924000.0,
        "Total Revenue": 1082000.0,
        "Operating Revenue": 1073000.0
    },
    "2024-03-31": {
        "Tax Effect Of Unusual Items": 0.0,
        "Tax Rate For Calcs": 0.0,
        "Normalized EBITDA": -757000.0,
        "Total Unusual Items": -19000.0,
        "Total Unusual Items Excluding Goodwill": -19000.0,
        "Net Income From Continuing Operation Net Minority Interest": -853000.0,
        "Reconciled Depreciation": 114000.0,
        "Reconciled Cost Of Revenue": 906000.0,
        "EBITDA": -776000.0,
        "EBIT": -890000.0,
        "Net Interest Income": -15000.0,
        "Interest Expense": 15000.0,
        "Interest Income": NaN,
        "Normalized Income": -834000.0,
        "Net Income From Continuing And Discontinued Operation": -853000.0,
        "Total Expenses": 2137000.0,
        "Total Operating Income As Reported": -871000.0,
        "Diluted Average Shares": 5982062.0,
        "Basic Average Shares": 5982062.0,
        "Diluted EPS": -0.14,
        "Basic EPS": -0.14,
        "Diluted NI Availto Com Stockholders": -853000.0,
        "Net Income Common Stockholders": -853000.0,
        "Net Income": -853000.0,
        "Minority Interests": 52000.0,
        "Net Income Including Noncontrolling Interests": -905000.0,
        "Net Income Continuous Operations": -905000.0,
        "Tax Provision": 0.0,
        "Pretax Income": -905000.0,
        "Other Income Expense": -19000.0,
        "Other Non Operating Income Expenses": NaN,
        "Special Income Charges": NaN,
        "Gain On Sale Of Ppe": NaN,
        "Gain On Sale Of Security": -19000.0,
        "Net Non Operating Interest Income Expense": -15000.0,
        "Interest Expense Non Operating": 15000.0,
        "Interest Income Non Operating": NaN,
        "Operating Income": -871000.0,
        "Operating Expense": 1148000.0,
        "Other Taxes": 58000.0,
        "Depreciation Amortization Depletion Income Statement": 31000.0,
        "Depreciation And Amortization In Income Statement": 31000.0,
        "Research And Development": 2000.0,
        "Selling General And Administration": 1057000.0,
        "Selling And Marketing Expense": 253000.0,
        "General And Administrative Expense": 804000.0,
        "Other Gand A": 501000.0,
        "Salaries And Wages": 303000.0,
        "Gross Profit": 277000.0,
        "Cost Of Revenue": 989000.0,
        "Total Revenue": 1266000.0,
        "Operating Revenue": 1249000.0
    },
    "2024-06-30": {
        "Tax Effect Of Unusual Items": 0.0,
        "Tax Rate For Calcs": 0.0,
        "Normalized EBITDA": -995000.0,
        "Total Unusual Items": 98000.0,
        "Total Unusual Items Excluding Goodwill": 98000.0,
        "Net Income From Continuing Operation Net Minority Interest": -885000.0,
        "Reconciled Depreciation": 30000.0,
        "Reconciled Cost Of Revenue": 1052000.0,
        "EBITDA": -897000.0,
        "EBIT": -949000.0,
        "Net Interest Income": -29000.0,
        "Interest Expense": 30000.0,
        "Interest Income": 1000.0,
        "Normalized Income": -983000.0,
        "Net Income From Continuing And Discontinued Operation": -885000.0,
        "Total Expenses": 2494000.0,
        "Total Operating Income As Reported": -1054000.0,
        "Diluted Average Shares": 6254659.0,
        "Basic Average Shares": 6254659.0,
        "Diluted EPS": -0.14,
        "Basic EPS": -0.14,
        "Diluted NI Availto Com Stockholders": -885000.0,
        "Net Income Common Stockholders": -885000.0,
        "Net Income": -885000.0,
        "Minority Interests": 94000.0,
        "Net Income Including Noncontrolling Interests": -979000.0,
        "Net Income Continuous Operations": -979000.0,
        "Tax Provision": 0.0,
        "Pretax Income": -979000.0,
        "Other Income Expense": 104000.0,
        "Other Non Operating Income Expenses": 6000.0,
        "Special Income Charges": -4000.0,
        "Gain On Sale Of Ppe": -4000.0,
        "Gain On Sale Of Security": 102000.0,
        "Net Non Operating Interest Income Expense": -29000.0,
        "Interest Expense Non Operating": 30000.0,
        "Interest Income Non Operating": 1000.0,
        "Operating Income": -1054000.0,
        "Operating Expense": 1464000.0,
        "Other Taxes": 22000.0,
        "Depreciation Amortization Depletion Income Statement": 52000.0,
        "Depreciation And Amortization In Income Statement": 52000.0,
        "Research And Development": 76000.0,
        "Selling General And Administration": 1314000.0,
        "Selling And Marketing Expense": 442000.0,
        "General And Administrative Expense": 872000.0,
        "Other Gand A": 567000.0,
        "Salaries And Wages": 305000.0,
        "Gross Profit": 410000.0,
        "Cost Of Revenue": 1030000.0,
        "Total Revenue": 1440000.0,
        "Operating Revenue": 1404000.0
    },
    "2024-09-30": {
        "Tax Effect Of Unusual Items": 0.0,
        "Tax Rate For Calcs": 0.0,
        "Normalized EBITDA": -565000.0,
        "Total Unusual Items": 15000.0,
        "Total Unusual Items Excluding Goodwill": 15000.0,
        "Net Income From Continuing Operation Net Minority Interest": -693000.0,
        "Reconciled Depreciation": 184000.0,
        "Reconciled Cost Of Revenue": 1501000.0,
        "EBITDA": -550000.0,
        "EBIT": -734000.0,
        "Net Interest Income": -20000.0,
        "Interest Expense": 20000.0,
        "Interest Income": 0.0,
        "Normalized Income": -708000.0,
        "Net Income From Continuing And Discontinued Operation": -693000.0,
        "Total Expenses": 3728000.0,
        "Total Operating Income As Reported": -788000.0,
        "Diluted Average Shares": 6569403.0,
        "Basic Average Shares": 6569403.0,
        "Diluted EPS": -0.11,
        "Basic EPS": -0.11,
        "Diluted NI Availto Com Stockholders": -693000.0,
        "Net Income Common Stockholders": -693000.0,
        "Net Income": -693000.0,
        "Minority Interests": 61000.0,
        "Net Income Including Noncontrolling Interests": -754000.0,
        "Net Income Continuous Operations": -754000.0,
        "Tax Provision": 0.0,
        "Pretax Income": -754000.0,
        "Other Income Expense": 54000.0,
        "Other Non Operating Income Expenses": 39000.0,
        "Special Income Charges": NaN,
        "Gain On Sale Of Ppe": NaN,
        "Gain On Sale Of Security": 15000.0,
        "Net Non Operating Interest Income Expense": -20000.0,
        "Interest Expense Non Operating": 20000.0,
        "Interest Income Non Operating": 0.0,
        "Operating Income": -788000.0,
        "Operating Expense": 2070000.0,
        "Other Taxes": 38000.0,
        "Depreciation Amortization Depletion Income Statement": 27000.0,
        "Depreciation And Amortization In Income Statement": 27000.0,
        "Research And Development": 0.0,
        "Selling General And Administration": 2005000.0,
        "Selling And Marketing Expense": 997000.0,
        "General And Administrative Expense": 1008000.0,
        "Other Gand A": 626000.0,
        "Salaries And Wages": 382000.0,
        "Gross Profit": 1282000.0,
        "Cost Of Revenue": 1658000.0,
        "Total Revenue": 2940000.0,
        "Operating Revenue": 2794000.0
    }
}