{
    "2023-06-30": {
        "Tax Effect Of Unusual Items": 0.0,
        "Tax Rate For Calcs": 0.183,
        "Normalized EBITDA": 1253000000.0,
        "Total Unusual Items": 0.0,
        "Total Unusual Items Excluding Goodwill": 0.0,
        "Net Income From Continuing Operation Net Minority Interest": 698000000.0,
        "Reconciled Depreciation": 281000000.0,
        "Reconciled Cost Of Revenue": 1218000000.0,
        "EBITDA": 1253000000.0,
        "EBIT": 972000000.0,
        "Net Interest Income": -74000000.0,
        "Interest Expense": 109000000.0,
        "Interest Income": 43000000.0,
        "Normalized Income": 698000000.0,
        "Net Income From Continuing And Discontinued Operation": 698000000.0,
        "Total Expenses": 2362000000.0,
        "Total Operating Income As Reported": 937000000.0,
        "Diluted Average Shares": 261303000.0,
        "Basic Average Shares": 259160000.0,
        "Diluted EPS": 2.67,
        "Basic EPS": 2.69,
        "Diluted NI Availto Com Stockholders": 698000000.0,
        "Net Income Common Stockholders": 698000000.0,
        "Net Income": 698000000.0,
        "Minority Interests": -6000000.0,
        "Net Income Including Noncontrolling Interests": 704000000.0,
        "Net Income Continuous Operations": 704000000.0,
        "Earnings From Equity Interest Net Of Tax": -1000000.0,
        "Tax Provision": 158000000.0,
        "Pretax Income": 863000000.0,
        "Other Income Expense": NaN,
        "Other Non Operating Income Expenses": NaN,
        "Special Income Charges": 0.0,
        "Net Non Operating Interest Income Expense": -74000000.0,
        "Total Other Finance Cost": 8000000.0,
        "Interest Expense Non Operating": 109000000.0,
        "Interest Income Non Operating": 43000000.0,
        "Operating Income": 937000000.0,
        "Operating Expense": 944000000.0,
        "Depreciation Amortization Depletion Income Statement": 81000000.0,
        "Depreciation And Amortization In Income Statement": 81000000.0,
        "Amortization": 81000000.0,
        "Amortization Of Intangibles Income Statement": 81000000.0,
        "Research And Development": 589000000.0,
        "Selling General And Administration": 274000000.0,
        "Gross Profit": 1881000000.0,
        "Cost Of Revenue": 1418000000.0,
        "Total Revenue": 3299000000.0,
        "Operating Revenue": 3275000000.0
    },
    "2023-03-31": {
        "Tax Effect Of Unusual Items": NaN,
        "Tax Rate For Calcs": NaN,
        "Normalized EBITDA": NaN,
        "Total Unusual Items": NaN,
        "Total Unusual Items Excluding Goodwill": NaN,
        "Net Income From Continuing Operation Net Minority Interest": NaN,
        "Reconciled Depreciation": NaN,
        "Reconciled Cost Of Revenue": NaN,
        "EBITDA": NaN,
        "EBIT": NaN,
        "Net Interest Income": NaN,
        "Interest Expense": NaN,
        "Interest Income": NaN,
        "Normalized Income": NaN,
        "Net Income From Continuing And Discontinued Operation": NaN,
        "Total Expenses": NaN,
        "Total Operating Income As Reported": NaN,
        "Diluted Average Shares": NaN,
        "Basic Average Shares": NaN,
        "Diluted EPS": NaN,
        "Basic EPS": NaN,
        "Diluted NI Availto Com Stockholders": NaN,
        "Net Income Common Stockholders": NaN,
        "Net Income": NaN,
        "Minority Interests": NaN,
        "Net Income Including Noncontrolling Interests": NaN,
        "Net Income Continuous Operations": NaN,
        "Earnings From Equity Interest Net Of Tax": NaN,
        "Tax Provision": NaN,
        "Pretax Income": NaN,
        "Other Income Expense": -3000000.0,
        "Other Non Operating Income Expenses": -3000000.0,
        "Special Income Charges": NaN,
        "Net Non Operating Interest Income Expense": NaN,
        "Total Other Finance Cost": NaN,
        "Interest Expense Non Operating": NaN,
        "Interest Income Non Operating": NaN,
        "Operating Income": NaN,
        "Operating Expense": NaN,
        "Depreciation Amortization Depletion Income Statement": NaN,
        "Depreciation And Amortization In Income Statement": NaN,
        "Amortization": NaN,
        "Amortization Of Intangibles Income Statement": NaN,
        "Research And Development": NaN,
        "Selling General And Administration": NaN,
        "Gross Profit": NaN,
        "Cost Of Revenue": NaN,
        "Total Revenue": NaN,
        "Operating Revenue": NaN
    },
    "2022-12-31": {
        "Tax Effect Of Unusual Items": NaN,
        "Tax Rate For Calcs": NaN,
        "Normalized EBITDA": NaN,
        "Total Unusual Items": NaN,
        "Total Unusual Items Excluding Goodwill": NaN,
        "Net Income From Continuing Operation Net Minority Interest": NaN,
        "Reconciled Depreciation": NaN,
        "Reconciled Cost Of Revenue": NaN,
        "EBITDA": NaN,
        "EBIT": NaN,
        "Net Interest Income": NaN,
        "Interest Expense": NaN,
        "Interest Income": NaN,
        "Normalized Income": NaN,
        "Net Income From Continuing And Discontinued Operation": NaN,
        "Total Expenses": NaN,
        "Total Operating Income As Reported": NaN,
        "Diluted Average Shares": NaN,
        "Basic Average Shares": NaN,
        "Diluted EPS": NaN,
        "Basic EPS": NaN,
        "Diluted NI Availto Com Stockholders": NaN,
        "Net Income Common Stockholders": NaN,
        "Net Income": NaN,
        "Minority Interests": NaN,
        "Net Income Including Noncontrolling Interests": NaN,
        "Net Income Continuous Operations": NaN,
        "Earnings From Equity Interest Net Of Tax": NaN,
        "Tax Provision": NaN,
        "Pretax Income": NaN,
        "Other Income Expense": NaN,
        "Other Non Operating Income Expenses": NaN,
        "Special Income Charges": NaN,
        "Other Special Charges": 0.0,
        "Gain On Sale Of Security": -19000000.0,
        "Net Non Operating Interest Income Expense": NaN,
        "Total Other Finance Cost": NaN,
        "Interest Expense Non Operating": NaN,
        "Interest Income Non Operating": NaN,
        "Operating Income": NaN,
        "Operating Expense": NaN,
        "Depreciation Amortization Depletion Income Statement": NaN,
        "Depreciation And Amortization In Income Statement": NaN,
        "Amortization": NaN,
        "Amortization Of Intangibles Income Statement": NaN,
        "Research And Development": NaN,
        "Selling General And Administration": NaN,
        "Gross Profit": NaN,
        "Cost Of Revenue": NaN,
        "Total Revenue": NaN,
        "Operating Revenue": NaN
    },
    "2022-09-30": {
        "Tax Effect Of Unusual Items": NaN,
        "Tax Rate For Calcs": NaN,
        "Normalized EBITDA": NaN,
        "Total Unusual Items": NaN,
        "Total Unusual Items Excluding Goodwill": NaN,
        "Net Income From Continuing Operation Net Minority Interest": NaN,
        "Reconciled Depreciation": NaN,
        "Reconciled Cost Of Revenue": NaN,
        "EBITDA": NaN,
        "EBIT": NaN,
        "Net Interest Income": NaN,
        "Interest Expense": NaN,
        "Interest Income": NaN,
        "Normalized Income": NaN,
        "Net Income From Continuing And Discontinued Operation": NaN,
        "Total Expenses": NaN,
        "Total Operating Income As Reported": NaN,
        "Diluted Average Shares": NaN,
        "Basic Average Shares": NaN,
        "Diluted EPS": NaN,
        "Basic EPS": NaN,
        "Diluted NI Availto Com Stockholders": NaN,
        "Net Income Common Stockholders": NaN,
        "Net Income": NaN,
        "Minority Interests": NaN,
        "Net Income Including Noncontrolling Interests": NaN,
        "Net Income Continuous Operations": NaN,
        "Earnings From Equity Interest Net Of Tax": NaN,
        "Tax Provision": NaN,
        "Pretax Income": NaN,
        "Other Income Expense": NaN,
        "Other Non Operating Income Expenses": NaN,
        "Special Income Charges": NaN,
        "Other Special Charges": NaN,
        "Gain On Sale Of Security": -1000000.0,
        "Net Non Operating Interest Income Expense": NaN,
        "Total Other Finance Cost": NaN,
        "Interest Expense Non Operating": NaN,
        "Interest Income Non Operating": NaN,
        "Operating Income": NaN,
        "Operating Expense": NaN,
        "Depreciation Amortization Depletion Income Statement": NaN,
        "Depreciation And Amortization In Income Statement": NaN,
        "Amortization": NaN,
        "Amortization Of Intangibles Income Statement": NaN,
        "Research And Development": NaN,
        "Selling General And Administration": NaN,
        "Gross Profit": NaN,
        "Cost Of Revenue": NaN,
        "Total Revenue": NaN,
        "Operating Revenue": NaN
    },
    "2022-06-30": {
        "Tax Effect Of Unusual Items": -2370000.0,
        "Tax Rate For Calcs": 0.158,
        "Normalized EBITDA": 1253000000.0,
        "Total Unusual Items": -15000000.0,
        "Total Unusual Items Excluding Goodwill": -15000000.0,
        "Net Income From Continuing Operation Net Minority Interest": 670000000.0,
        "Reconciled Depreciation": 317000000.0,
        "Reconciled Cost Of Revenue": 1247000000.0,
        "EBITDA": 1238000000.0,
        "EBIT": 921000000.0,
        "Net Interest Income": -113000000.0,
        "Interest Expense": 106000000.0,
        "Interest Income": 6000000.0,
        "Normalized Income": 682630000.0,
        "Net Income From Continuing And Discontinued Operation": 670000000.0,
        "Total Expenses": 2371000000.0,
        "Total Operating Income As Reported": 943000000.0,
        "Diluted Average Shares": 264692000.0,
        "Basic Average Shares": 262579000.0,
        "Diluted EPS": 2.53,
        "Basic EPS": 2.55,
        "Diluted NI Availto Com Stockholders": 670000000.0,
        "Net Income Common Stockholders": 670000000.0,
        "Net Income": 670000000.0,
        "Minority Interests": -13000000.0,
        "Net Income Including Noncontrolling Interests": 683000000.0,
        "Net Income Continuous Operations": 683000000.0,
        "Earnings From Equity Interest Net Of Tax": -3000000.0,
        "Tax Provision": 129000000.0,
        "Pretax Income": 815000000.0,
        "Other Income Expense": -13000000.0,
        "Other Non Operating Income Expenses": 2000000.0,
        "Special Income Charges": -18000000.0,
        "Other Special Charges": 18000000.0,
        "Gain On Sale Of Security": 3000000.0,
        "Net Non Operating Interest Income Expense": -113000000.0,
        "Total Other Finance Cost": 13000000.0,
        "Interest Expense Non Operating": 106000000.0,
        "Interest Income Non Operating": 6000000.0,
        "Operating Income": 941000000.0,
        "Operating Expense": 941000000.0,
        "Depreciation Amortization Depletion Income Statement": 134000000.0,
        "Depreciation And Amortization In Income Statement": 134000000.0,
        "Amortization": 134000000.0,
        "Amortization Of Intangibles Income Statement": 134000000.0,
        "Research And Development": 542000000.0,
        "Selling General And Administration": 265000000.0,
        "Gross Profit": 1882000000.0,
        "Cost Of Revenue": 1430000000.0,
        "Total Revenue": 3312000000.0,
        "Operating Revenue": 3270000000.0
    },
    "2022-03-31": {
        "Diluted EPS": 2.48,
        "Total Revenue": NaN,
        "Gross Profit": NaN,
        "Operating Income": 873,
        "EBIT": NaN,
        "Net Income": 657
    },
    "2021-12-31": {
        "Diluted EPS": 2.21,
        "Total Revenue": NaN,
        "Gross Profit": NaN,
        "Operating Income": 807,
        "EBIT": NaN,
        "Net Income": 602
    },
    "2021-09-30": {
        "Diluted EPS": 1.91,
        "Total Revenue": NaN,
        "Gross Profit": NaN,
        "Operating Income": 711,
        "EBIT": NaN,
        "Net Income": 519
    },
    "2021-06-30": {
        "Diluted EPS": 1.42,
        "Total Revenue": NaN,
        "Gross Profit": NaN,
        "Operating Income": 573,
        "EBIT": 878,
        "Net Income": 397
    },
    "2021-03-31": {
        "Diluted EPS": 1.25,
        "Total Revenue": NaN,
        "Gross Profit": NaN,
        "Operating Income": 492,
        "EBIT": 833,
        "Net Income": 353
    },
    "2020-12-31": {
        "Diluted EPS": 1.11,
        "Total Revenue": NaN,
        "Gross Profit": NaN,
        "Operating Income": 463,
        "EBIT": 779,
        "Net Income": 309
    },
    "2020-09-30": {
        "Diluted EPS": -0.08,
        "Total Revenue": NaN,
        "Gross Profit": NaN,
        "Operating Income": 32,
        "EBIT": 621,
        "Net Income": -22
    },
    "2020-06-30": {
        "Diluted EPS": -0.77,
        "Total Revenue": NaN,
        "Gross Profit": 860,
        "Operating Income": -145,
        "EBIT": 398,
        "Net Income": -214
    },
    "2020-03-31": {
        "Diluted EPS": -0.08,
        "Total Revenue": NaN,
        "Gross Profit": 997,
        "Operating Income": 68,
        "EBIT": 608,
        "Net Income": -21
    },
    "2019-12-31": {
        "Diluted EPS": 0.4,
        "Total Revenue": NaN,
        "Gross Profit": NaN,
        "Operating Income": 197,
        "EBIT": 719,
        "Net Income": 114
    },
    "2019-09-30": {
        "Diluted EPS": 0.38,
        "Total Revenue": NaN,
        "Gross Profit": NaN,
        "Operating Income": 233,
        "EBIT": 750,
        "Net Income": 109
    },
    "2019-06-30": {
        "Diluted EPS": 0.14,
        "Total Revenue": NaN,
        "Gross Profit": NaN,
        "Operating Income": 157,
        "EBIT": 663,
        "Net Income": 41
    },
    "2019-03-31": {
        "Diluted EPS": -0.07,
        "Total Revenue": NaN,
        "Gross Profit": NaN,
        "Operating Income": 54,
        "EBIT": 556,
        "Net Income": -21
    },
    "2018-12-31": {
        "Diluted EPS": 0.79,
        "Total Revenue": NaN,
        "Gross Profit": NaN,
        "Operating Income": 224,
        "EBIT": 727,
        "Net Income": 276
    },
    "2018-09-30": {
        "Diluted EPS": 5.6,
        "Total Revenue": NaN,
        "Gross Profit": NaN,
        "Operating Income": NaN,
        "EBIT": NaN,
        "Net Income": NaN
    },
    "2018-06-30": {
        "Diluted EPS": 0.16,
        "Total Revenue": NaN,
        "Gross Profit": NaN,
        "Operating Income": 137,
        "EBIT": 633,
        "Net Income": 54
    },
    "2018-03-31": {
        "Diluted EPS": 0.17,
        "Total Revenue": NaN,
        "Gross Profit": NaN,
        "Operating Income": 138,
        "EBIT": 629,
        "Net Income": 58
    },
    "2017-12-31": {
        "Diluted EPS": 2.17,
        "Total Revenue": NaN,
        "Gross Profit": NaN,
        "Operating Income": 210,
        "EBIT": 752,
        "Net Income": 753
    },
    "2017-09-30": {
        "Diluted EPS": 0.31,
        "Total Revenue": NaN,
        "Gross Profit": NaN,
        "Operating Income": 163,
        "EBIT": 700,
        "Net Income": 108
    },
    "2017-06-30": {
        "Diluted EPS": 0.14,
        "Total Revenue": NaN,
        "Gross Profit": NaN,
        "Operating Income": 50,
        "EBIT": 610,
        "Net Income": 49
    },
    "2017-03-31": {
        "Diluted EPS": 3.79,
        "Total Revenue": NaN,
        "Gross Profit": NaN,
        "Operating Income": NaN,
        "EBIT": NaN,
        "Net Income": NaN
    },
    "2016-12-31": {
        "Diluted EPS": 1.52,
        "Total Revenue": NaN,
        "Gross Profit": NaN,
        "Operating Income": 173,
        "EBIT": 703,
        "Net Income": 520
    },
    "2016-09-30": {
        "Diluted EPS": 0.26,
        "Total Revenue": NaN,
        "Gross Profit": NaN,
        "Operating Income": 174,
        "EBIT": 700,
        "Net Income": 91
    },
    "2016-06-30": {
        "Diluted EPS": -0.04,
        "Total Revenue": NaN,
        "Gross Profit": NaN,
        "Operating Income": -26,
        "EBIT": 594,
        "Net Income": -13
    },
    "2016-03-31": {
        "Diluted EPS": -1.16,
        "Total Revenue": NaN,
        "Gross Profit": 597,
        "Operating Income": -471,
        "EBIT": 58,
        "Net Income": -398
    },
    "2015-12-31": {
        "Diluted EPS": 3.84,
        "Total Revenue": NaN,
        "Gross Profit": 619,
        "Operating Income": NaN,
        "EBIT": NaN,
        "Net Income": 972
    },
    "2015-09-30": {
        "Diluted EPS": 1.49,
        "Total Revenue": NaN,
        "Gross Profit": 740,
        "Operating Income": 375,
        "EBIT": 469,
        "Net Income": 361
    },
    "2015-06-30": {
        "Diluted EPS": 1.23,
        "Total Revenue": NaN,
        "Gross Profit": 724,
        "Operating Income": 332,
        "EBIT": 430,
        "Net Income": 300
    },
    "2015-03-31": {
        "Diluted EPS": -0.46,
        "Total Revenue": NaN,
        "Gross Profit": 704,
        "Operating Income": 295,
        "EBIT": 390,
        "Net Income": -107
    },
    "2014-12-31": {
        "Diluted EPS": 0.61,
        "Total Revenue": NaN,
        "Gross Profit": 704,
        "Operating Income": 310,
        "EBIT": 407,
        "Net Income": 149
    },
    "2014-09-30": {
        "Diluted EPS": 0.49,
        "Total Revenue": NaN,
        "Gross Profit": 713,
        "Operating Income": 307,
        "EBIT": 410,
        "Net Income": 121
    },
    "2014-06-30": {
        "Diluted EPS": 0.64,
        "Total Revenue": NaN,
        "Gross Profit": 638,
        "Operating Income": 249,
        "EBIT": 352,
        "Net Income": 159
    },
    "2014-03-31": {
        "Diluted EPS": 0.43,
        "Total Revenue": NaN,
        "Gross Profit": 585,
        "Operating Income": 183,
        "EBIT": 285,
        "Net Income": 110
    },
    "2013-12-31": {
        "Diluted EPS": 0.39,
        "Total Revenue": NaN,
        "Gross Profit": 589,
        "Operating Income": 198,
        "EBIT": 311,
        "Net Income": 96
    },
    "2013-09-30": {
        "Diluted EPS": 0.6,
        "Total Revenue": NaN,
        "Gross Profit": 570,
        "Operating Income": 168,
        "EBIT": 305,
        "Net Income": 155
    },
    "2013-06-30": {
        "Diluted EPS": 0.43,
        "Total Revenue": NaN,
        "Gross Profit": 535,
        "Operating Income": 170,
        "EBIT": 302,
        "Net Income": 111
    },
    "2013-03-31": {
        "Diluted EPS": -0.06,
        "Total Revenue": NaN,
        "Gross Profit": 483,
        "Operating Income": 115,
        "EBIT": 247,
        "Net Income": -14
    },
    "2012-12-31": {
        "Diluted EPS": -0.45,
        "Total Revenue": NaN,
        "Gross Profit": 490,
        "Operating Income": 33,
        "EBIT": 165,
        "Net Income": -116
    },
    "2012-09-30": {
        "Diluted EPS": 0.45,
        "Total Revenue": NaN,
        "Gross Profit": 536,
        "Operating Income": 168,
        "EBIT": 296,
        "Net Income": 115
    },
    "2012-06-30": {
        "Diluted EPS": -0.36,
        "Total Revenue": NaN,
        "Gross Profit": 538,
        "Operating Income": 156,
        "EBIT": 295,
        "Net Income": -90
    },
    "2012-03-31": {
        "Diluted EPS": -0.1,
        "Total Revenue": 978,
        "Gross Profit": 424,
        "Operating Income": 55,
        "EBIT": 189,
        "Net Income": -24
    },
    "2011-12-31": {
        "Diluted EPS": -0.7,
        "Total Revenue": 931,
        "Gross Profit": 389,
        "Operating Income": 7,
        "EBIT": 158,
        "Net Income": -182
    },
    "2011-09-30": {
        "Diluted EPS": 1.21,
        "Total Revenue": NaN,
        "Gross Profit": 488,
        "Operating Income": 109,
        "EBIT": 261,
        "Net Income": 301
    },
    "2011-06-30": {
        "Diluted EPS": 0.33,
        "Total Revenue": NaN,
        "Gross Profit": 523,
        "Operating Income": 133,
        "EBIT": 276,
        "Net Income": 84
    },
    "2011-03-31": {
        "Diluted EPS": 0.73,
        "Total Revenue": NaN,
        "Gross Profit": 506,
        "Operating Income": 108,
        "EBIT": 253,
        "Net Income": 187
    },
    "2010-12-31": {
        "Diluted EPS": -0.47,
        "Total Revenue": NaN,
        "Gross Profit": 495,
        "Operating Income": 113,
        "EBIT": 297,
        "Net Income": -118
    },
    "2010-09-30": {
        "Diluted EPS": 1.55,
        "Total Revenue": NaN,
        "Gross Profit": 476,
        "Operating Income": 106,
        "EBIT": 261,
        "Net Income": 369
    },
    "2010-06-30": {
        "Diluted EPS": -1.68,
        "Total Revenue": NaN,
        "Gross Profit": 446,
        "Operating Income": 76,
        "EBIT": 236,
        "Net Income": -362
    },
    "2010-03-31": {
        "Diluted EPS": -1.6,
        "Total Revenue": NaN,
        "Gross Profit": 406,
        "Operating Income": -15,
        "EBIT": 170,
        "Net Income": -345
    },
    "2009-12-31": {
        "Diluted EPS": 0.0,
        "Total Revenue": NaN,
        "Gross Profit": NaN,
        "Operating Income": NaN,
        "EBIT": NaN,
        "Net Income": NaN
    },
    "2009-09-30": {
        "Diluted EPS": 1.93,
        "Total Revenue": NaN,
        "Gross Profit": NaN,
        "Operating Income": NaN,
        "EBIT": NaN,
        "Net Income": 418
    },
    "2023-09-30": {
        "Tax Effect Of Unusual Items": 0.0,
        "Tax Rate For Calcs": 0.134,
        "Normalized EBITDA": 1299000000.0,
        "Total Unusual Items": 0.0,
        "Total Unusual Items Excluding Goodwill": 0.0,
        "Net Income From Continuing Operation Net Minority Interest": 787000000.0,
        "Reconciled Depreciation": 273000000.0,
        "Reconciled Cost Of Revenue": 1267000000.0,
        "EBITDA": 1299000000.0,
        "EBIT": 1026000000.0,
        "Net Interest Income": -75000000.0,
        "Interest Expense": 109000000.0,
        "Interest Income": 49000000.0,
        "Normalized Income": 787000000.0,
        "Net Income From Continuing And Discontinued Operation": 787000000.0,
        "Total Expenses": 2435000000.0,
        "Total Operating Income As Reported": 992000000.0,
        "Diluted Average Shares": 261095000.0,
        "Basic Average Shares": 257488000.0,
        "Diluted EPS": 3.01,
        "Basic EPS": 3.06,
        "Diluted NI Availto Com Stockholders": 787000000.0,
        "Net Income Common Stockholders": 787000000.0,
        "Net Income": 787000000.0,
        "Minority Interests": -5000000.0,
        "Net Income Including Noncontrolling Interests": 792000000.0,
        "Net Income Continuous Operations": 792000000.0,
        "Earnings From Equity Interest Net Of Tax": -2000000.0,
        "Tax Provision": 123000000.0,
        "Pretax Income": 917000000.0,
        "Other Income Expense": -7000000.0,
        "Other Non Operating Income Expenses": -7000000.0,
        "Special Income Charges": 0.0,
        "Net Non Operating Interest Income Expense": -75000000.0,
        "Total Other Finance Cost": 15000000.0,
        "Interest Expense Non Operating": 109000000.0,
        "Interest Income Non Operating": 49000000.0,
        "Operating Income": 999000000.0,
        "Operating Expense": 966000000.0,
        "Depreciation Amortization Depletion Income Statement": 71000000.0,
        "Depreciation And Amortization In Income Statement": 71000000.0,
        "Amortization": 71000000.0,
        "Amortization Of Intangibles Income Statement": 71000000.0,
        "Research And Development": 601000000.0,
        "Selling General And Administration": 294000000.0,
        "Gross Profit": 1965000000.0,
        "Cost Of Revenue": 1469000000.0,
        "Total Revenue": 3434000000.0,
        "Operating Revenue": 3410000000.0
    },
    "2023-12-31": {
        "Tax Effect Of Unusual Items": 0.0,
        "Tax Rate For Calcs": 0.149578,
        "Normalized EBITDA": 1207000000.0,
        "Total Unusual Items": 0.0,
        "Total Unusual Items Excluding Goodwill": 0.0,
        "Net Income From Continuing Operation Net Minority Interest": 697000000.0,
        "Reconciled Depreciation": 269000000.0,
        "Reconciled Cost Of Revenue": 1279000000.0,
        "EBITDA": 1207000000.0,
        "EBIT": 938000000.0,
        "Net Interest Income": -78000000.0,
        "Interest Expense": 109000000.0,
        "Interest Income": 53000000.0,
        "Normalized Income": 697000000.0,
        "Net Income From Continuing And Discontinued Operation": 697000000.0,
        "Total Expenses": 2510000000.0,
        "Total Operating Income As Reported": 907000000.0,
        "Diluted Average Shares": 260298000.0,
        "Basic Average Shares": 257285000.0,
        "Diluted EPS": 2.68,
        "Basic EPS": 2.71,
        "Diluted NI Availto Com Stockholders": 697000000.0,
        "Net Income Common Stockholders": 697000000.0,
        "Net Income": 697000000.0,
        "Minority Interests": -6000000.0,
        "Net Income Including Noncontrolling Interests": 703000000.0,
        "Net Income Continuous Operations": 703000000.0,
        "Earnings From Equity Interest Net Of Tax": -2000000.0,
        "Tax Provision": 124000000.0,
        "Pretax Income": 829000000.0,
        "Other Income Expense": -5000000.0,
        "Other Non Operating Income Expenses": -5000000.0,
        "Special Income Charges": 0.0,
        "Net Non Operating Interest Income Expense": -78000000.0,
        "Total Other Finance Cost": 22000000.0,
        "Interest Expense Non Operating": 109000000.0,
        "Interest Income Non Operating": 53000000.0,
        "Operating Income": 912000000.0,
        "Operating Expense": 1025000000.0,
        "Depreciation Amortization Depletion Income Statement": 63000000.0,
        "Depreciation And Amortization In Income Statement": 63000000.0,
        "Amortization": 63000000.0,
        "Amortization Of Intangibles Income Statement": 63000000.0,
        "Research And Development": 651000000.0,
        "Selling General And Administration": 311000000.0,
        "Gross Profit": 1937000000.0,
        "Cost Of Revenue": 1485000000.0,
        "Total Revenue": 3422000000.0,
        "Operating Revenue": 3506000000.0
    },
    "2024-03-31": {
        "Tax Effect Of Unusual Items": 0.0,
        "Tax Rate For Calcs": 0.179,
        "Normalized EBITDA": 1126000000.0,
        "Total Unusual Items": 0.0,
        "Total Unusual Items Excluding Goodwill": 0.0,
        "Net Income From Continuing Operation Net Minority Interest": 639000000.0,
        "Reconciled Depreciation": 235000000.0,
        "Reconciled Cost Of Revenue": 1159000000.0,
        "EBITDA": 1126000000.0,
        "EBIT": 891000000.0,
        "Net Interest Income": -70000000.0,
        "Interest Expense": 105000000.0,
        "Interest Income": 50000000.0,
        "Normalized Income": 639000000.0,
        "Net Income From Continuing And Discontinued Operation": 639000000.0,
        "Total Expenses": 2264000000.0,
        "Total Operating Income As Reported": 856000000.0,
        "Diluted Average Shares": 258954000.0,
        "Basic Average Shares": 256567000.0,
        "Diluted EPS": 2.47,
        "Basic EPS": 2.49,
        "Diluted NI Availto Com Stockholders": 639000000.0,
        "Net Income Common Stockholders": 639000000.0,
        "Net Income": 639000000.0,
        "Minority Interests": -5000000.0,
        "Net Income Including Noncontrolling Interests": 644000000.0,
        "Net Income Continuous Operations": 644000000.0,
        "Earnings From Equity Interest Net Of Tax": -1000000.0,
        "Tax Provision": 141000000.0,
        "Pretax Income": 786000000.0,
        "Other Income Expense": -6000000.0,
        "Other Non Operating Income Expenses": -6000000.0,
        "Special Income Charges": 0.0,
        "Net Non Operating Interest Income Expense": -70000000.0,
        "Total Other Finance Cost": 15000000.0,
        "Interest Expense Non Operating": 105000000.0,
        "Interest Income Non Operating": 50000000.0,
        "Operating Income": 862000000.0,
        "Operating Expense": 921000000.0,
        "Depreciation Amortization Depletion Income Statement": 51000000.0,
        "Depreciation And Amortization In Income Statement": 51000000.0,
        "Amortization": 51000000.0,
        "Amortization Of Intangibles Income Statement": 51000000.0,
        "Research And Development": 564000000.0,
        "Selling General And Administration": 306000000.0,
        "Gross Profit": 1783000000.0,
        "Cost Of Revenue": 1343000000.0,
        "Total Revenue": 3126000000.0,
        "Operating Revenue": 3094000000.0
    },
    "2024-06-30": {
        "Tax Effect Of Unusual Items": 0.0,
        "Tax Rate For Calcs": 0.188,
        "Normalized EBITDA": 1131000000.0,
        "Total Unusual Items": 0.0,
        "Total Unusual Items Excluding Goodwill": 0.0,
        "Net Income From Continuing Operation Net Minority Interest": 658000000.0,
        "Reconciled Depreciation": 213000000.0,
        "Reconciled Cost Of Revenue": 1150000000.0,
        "EBITDA": 1131000000.0,
        "EBIT": 918000000.0,
        "Net Interest Income": -75000000.0,
        "Interest Expense": 97000000.0,
        "Interest Income": 39000000.0,
        "Normalized Income": 658000000.0,
        "Net Income From Continuing And Discontinued Operation": 658000000.0,
        "Total Expenses": 2227000000.0,
        "Total Operating Income As Reported": 896000000.0,
        "Diluted Average Shares": 258732000.0,
        "Basic Average Shares": 255478000.0,
        "Diluted EPS": 2.54,
        "Basic EPS": 2.58,
        "Diluted NI Availto Com Stockholders": 658000000.0,
        "Net Income Common Stockholders": 658000000.0,
        "Net Income": 658000000.0,
        "Minority Interests": -6000000.0,
        "Net Income Including Noncontrolling Interests": 664000000.0,
        "Net Income Continuous Operations": 664000000.0,
        "Earnings From Equity Interest Net Of Tax": -3000000.0,
        "Tax Provision": 154000000.0,
        "Pretax Income": 821000000.0,
        "Other Income Expense": -4000000.0,
        "Other Non Operating Income Expenses": -4000000.0,
        "Special Income Charges": 0.0,
        "Net Non Operating Interest Income Expense": -75000000.0,
        "Total Other Finance Cost": 17000000.0,
        "Interest Expense Non Operating": 97000000.0,
        "Interest Income Non Operating": 39000000.0,
        "Operating Income": 900000000.0,
        "Operating Expense": 892000000.0,
        "Depreciation Amortization Depletion Income Statement": 28000000.0,
        "Depreciation And Amortization In Income Statement": 28000000.0,
        "Amortization": 28000000.0,
        "Amortization Of Intangibles Income Statement": 28000000.0,
        "Research And Development": 594000000.0,
        "Selling General And Administration": 270000000.0,
        "Gross Profit": 1792000000.0,
        "Cost Of Revenue": 1335000000.0,
        "Total Revenue": 3127000000.0,
        "Operating Revenue": 3098000000.0
    },
    "2024-09-30": {
        "Tax Effect Of Unusual Items": 0.0,
        "Tax Rate For Calcs": 0.19,
        "Normalized EBITDA": 1222000000.0,
        "Total Unusual Items": 0.0,
        "Total Unusual Items Excluding Goodwill": 0.0,
        "Net Income From Continuing Operation Net Minority Interest": 718000000.0,
        "Reconciled Depreciation": 218000000.0,
        "Reconciled Cost Of Revenue": 1195000000.0,
        "EBITDA": 1222000000.0,
        "EBIT": 1004000000.0,
        "Net Interest Income": -82000000.0,
        "Interest Expense": 96000000.0,
        "Interest Income": 36000000.0,
        "Normalized Income": 718000000.0,
        "Net Income From Continuing And Discontinued Operation": 718000000.0,
        "Total Expenses": 2255000000.0,
        "Total Operating Income As Reported": 990000000.0,
        "Diluted Average Shares": 257717000.0,
        "Basic Average Shares": 254458000.0,
        "Diluted EPS": 2.79,
        "Basic EPS": 2.82,
        "Diluted NI Availto Com Stockholders": 718000000.0,
        "Net Income Common Stockholders": 718000000.0,
        "Net Income": 718000000.0,
        "Minority Interests": -11000000.0,
        "Net Income Including Noncontrolling Interests": 729000000.0,
        "Net Income Continuous Operations": 729000000.0,
        "Earnings From Equity Interest Net Of Tax": -6000000.0,
        "Tax Provision": 173000000.0,
        "Pretax Income": 908000000.0,
        "Other Income Expense": -5000000.0,
        "Other Non Operating Income Expenses": -5000000.0,
        "Special Income Charges": 0.0,
        "Net Non Operating Interest Income Expense": -82000000.0,
        "Total Other Finance Cost": 22000000.0,
        "Interest Expense Non Operating": 96000000.0,
        "Interest Income Non Operating": 36000000.0,
        "Operating Income": 995000000.0,
        "Operating Expense": 871000000.0,
        "Depreciation Amortization Depletion Income Statement": 29000000.0,
        "Depreciation And Amortization In Income Statement": 29000000.0,
        "Amortization": 29000000.0,
        "Amortization Of Intangibles Income Statement": 29000000.0,
        "Research And Development": 577000000.0,
        "Selling General And Administration": 265000000.0,
        "Gross Profit": 1866000000.0,
        "Cost Of Revenue": 1384000000.0,
        "Total Revenue": 3250000000.0,
        "Operating Revenue": 3218000000.0
    }
}