{
    "2023-06-30": {
        "Tax Effect Of Unusual Items": NaN,
        "Tax Rate For Calcs": NaN,
        "Normalized EBITDA": NaN,
        "Total Unusual Items": NaN,
        "Total Unusual Items Excluding Goodwill": NaN,
        "Net Income From Continuing Operation Net Minority Interest": NaN,
        "Reconciled Depreciation": NaN,
        "Reconciled Cost Of Revenue": NaN,
        "EBITDA": NaN,
        "EBIT": NaN,
        "Net Interest Income": NaN,
        "Interest Expense": NaN,
        "Interest Income": NaN,
        "Normalized Income": NaN,
        "Net Income From Continuing And Discontinued Operation": NaN,
        "Total Expenses": NaN,
        "Total Operating Income As Reported": NaN,
        "Diluted Average Shares": NaN,
        "Basic Average Shares": NaN,
        "Diluted EPS": NaN,
        "Basic EPS": NaN,
        "Diluted NI Availto Com Stockholders": NaN,
        "Average Dilution Earnings": NaN,
        "Net Income Common Stockholders": NaN,
        "Otherunder Preferred Stock Dividend": 0.0,
        "Net Income": NaN,
        "Minority Interests": NaN,
        "Net Income Including Noncontrolling Interests": NaN,
        "Net Income From Tax Loss Carryforward": 0.0,
        "Net Income Continuous Operations": NaN,
        "Tax Provision": NaN,
        "Pretax Income": NaN,
        "Other Income Expense": NaN,
        "Other Non Operating Income Expenses": NaN,
        "Gain On Sale Of Security": NaN,
        "Net Non Operating Interest Income Expense": NaN,
        "Total Other Finance Cost": NaN,
        "Interest Expense Non Operating": NaN,
        "Interest Income Non Operating": NaN,
        "Operating Income": NaN,
        "Operating Expense": NaN,
        "Other Taxes": NaN,
        "Research And Development": NaN,
        "Selling General And Administration": NaN,
        "Gross Profit": NaN,
        "Cost Of Revenue": NaN,
        "Total Revenue": NaN,
        "Operating Revenue": NaN
    },
    "2023-03-31": {
        "Tax Effect Of Unusual Items": NaN,
        "Tax Rate For Calcs": NaN,
        "Normalized EBITDA": NaN,
        "Total Unusual Items": NaN,
        "Total Unusual Items Excluding Goodwill": NaN,
        "Net Income From Continuing Operation Net Minority Interest": NaN,
        "Reconciled Depreciation": NaN,
        "Reconciled Cost Of Revenue": NaN,
        "EBITDA": NaN,
        "EBIT": NaN,
        "Net Interest Income": NaN,
        "Interest Expense": NaN,
        "Interest Income": NaN,
        "Normalized Income": NaN,
        "Net Income From Continuing And Discontinued Operation": NaN,
        "Total Expenses": NaN,
        "Total Operating Income As Reported": NaN,
        "Diluted Average Shares": NaN,
        "Basic Average Shares": NaN,
        "Diluted EPS": NaN,
        "Basic EPS": NaN,
        "Diluted NI Availto Com Stockholders": NaN,
        "Average Dilution Earnings": NaN,
        "Net Income Common Stockholders": NaN,
        "Otherunder Preferred Stock Dividend": NaN,
        "Net Income": NaN,
        "Minority Interests": NaN,
        "Net Income Including Noncontrolling Interests": NaN,
        "Net Income From Tax Loss Carryforward": NaN,
        "Net Income Continuous Operations": NaN,
        "Tax Provision": NaN,
        "Pretax Income": NaN,
        "Other Income Expense": NaN,
        "Other Non Operating Income Expenses": NaN,
        "Gain On Sale Of Security": NaN,
        "Net Non Operating Interest Income Expense": NaN,
        "Total Other Finance Cost": 520000.0,
        "Interest Expense Non Operating": NaN,
        "Interest Income Non Operating": NaN,
        "Operating Income": NaN,
        "Operating Expense": NaN,
        "Other Taxes": NaN,
        "Research And Development": NaN,
        "Selling General And Administration": NaN,
        "Gross Profit": NaN,
        "Cost Of Revenue": NaN,
        "Total Revenue": NaN,
        "Operating Revenue": NaN
    },
    "2022-12-31": {
        "Tax Effect Of Unusual Items": NaN,
        "Tax Rate For Calcs": NaN,
        "Normalized EBITDA": NaN,
        "Net Income From Continuing Operation Net Minority Interest": NaN,
        "Reconciled Depreciation": NaN,
        "Reconciled Cost Of Revenue": NaN,
        "EBITDA": NaN,
        "EBIT": NaN,
        "Net Interest Income": NaN,
        "Interest Expense": NaN,
        "Interest Income": 2366000.0,
        "Normalized Income": NaN,
        "Net Income From Continuing And Discontinued Operation": NaN,
        "Total Expenses": NaN,
        "Total Operating Income As Reported": NaN,
        "Diluted Average Shares": NaN,
        "Basic Average Shares": NaN,
        "Diluted EPS": NaN,
        "Basic EPS": NaN,
        "Diluted NI Availto Com Stockholders": NaN,
        "Net Income Common Stockholders": NaN,
        "Otherunder Preferred Stock Dividend": -42586000.0,
        "Net Income": NaN,
        "Minority Interests": NaN,
        "Net Income Including Noncontrolling Interests": NaN,
        "Net Income From Tax Loss Carryforward": 42586000.0,
        "Net Income Continuous Operations": NaN,
        "Tax Provision": NaN,
        "Pretax Income": NaN,
        "Other Income Expense": NaN,
        "Other Non Operating Income Expenses": NaN,
        "Net Non Operating Interest Income Expense": NaN,
        "Total Other Finance Cost": -2366000.0,
        "Interest Expense Non Operating": NaN,
        "Interest Income Non Operating": 2366000.0,
        "Operating Income": NaN,
        "Operating Expense": NaN,
        "Research And Development": NaN,
        "Selling General And Administration": NaN,
        "Gross Profit": NaN,
        "Cost Of Revenue": NaN,
        "Total Revenue": NaN,
        "Operating Revenue": NaN
    },
    "2022-03-31": {
        "Diluted EPS": 0.0,
        "Total Revenue": NaN,
        "Gross Profit": NaN,
        "Operating Income": NaN,
        "EBIT": NaN,
        "Net Income": NaN
    },
    "2021-12-31": {
        "Diluted EPS": 0.0,
        "Total Revenue": 338,
        "Gross Profit": 34,
        "Operating Income": 17,
        "EBIT": 17,
        "Net Income": 13
    },
    "2021-03-31": {
        "Diluted EPS": 0.0,
        "Total Revenue": NaN,
        "Gross Profit": NaN,
        "Operating Income": NaN,
        "EBIT": NaN,
        "Net Income": NaN
    },
    "2020-03-31": {
        "Diluted EPS": 0.0,
        "Total Revenue": NaN,
        "Gross Profit": NaN,
        "Operating Income": NaN,
        "EBIT": NaN,
        "Net Income": NaN
    },
    "2022-09-30": {
        "Tax Effect Of Unusual Items": NaN,
        "Tax Rate For Calcs": NaN,
        "Normalized EBITDA": NaN,
        "Net Income From Continuing Operation Net Minority Interest": NaN,
        "Reconciled Depreciation": NaN,
        "Reconciled Cost Of Revenue": NaN,
        "EBITDA": NaN,
        "EBIT": NaN,
        "Net Interest Income": NaN,
        "Interest Expense": NaN,
        "Interest Income": NaN,
        "Normalized Income": NaN,
        "Net Income From Continuing And Discontinued Operation": NaN,
        "Total Expenses": NaN,
        "Total Operating Income As Reported": NaN,
        "Diluted Average Shares": NaN,
        "Basic Average Shares": NaN,
        "Diluted EPS": NaN,
        "Basic EPS": NaN,
        "Diluted NI Availto Com Stockholders": NaN,
        "Net Income Common Stockholders": NaN,
        "Otherunder Preferred Stock Dividend": NaN,
        "Net Income": NaN,
        "Minority Interests": NaN,
        "Net Income Including Noncontrolling Interests": NaN,
        "Net Income From Tax Loss Carryforward": -27087000.0,
        "Net Income Continuous Operations": NaN,
        "Tax Provision": NaN,
        "Pretax Income": NaN,
        "Net Non Operating Interest Income Expense": NaN,
        "Total Other Finance Cost": 1309000.0,
        "Interest Expense Non Operating": NaN,
        "Interest Income Non Operating": NaN,
        "Operating Income": NaN,
        "Operating Expense": NaN,
        "Research And Development": NaN,
        "Selling General And Administration": NaN,
        "Gross Profit": NaN,
        "Cost Of Revenue": NaN,
        "Total Revenue": NaN,
        "Operating Revenue": NaN
    },
    "2022-06-30": {
        "Tax Effect Of Unusual Items": 0.0,
        "Tax Rate For Calcs": 0.191083,
        "Normalized EBITDA": 31038000.0,
        "Net Income From Continuing Operation Net Minority Interest": 24130000.0,
        "Reconciled Depreciation": 1269000.0,
        "Reconciled Cost Of Revenue": 353367000.0,
        "EBITDA": 31038000.0,
        "EBIT": 29769000.0,
        "Net Interest Income": 61000.0,
        "Interest Expense": NaN,
        "Interest Income": 61000.0,
        "Normalized Income": 24130000.0,
        "Net Income From Continuing And Discontinued Operation": 24130000.0,
        "Total Expenses": 373461000.0,
        "Total Operating Income As Reported": 29769000.0,
        "Diluted Average Shares": 41879190.0,
        "Basic Average Shares": 41879190.0,
        "Diluted EPS": 0.0,
        "Basic EPS": 0.0,
        "Diluted NI Availto Com Stockholders": 0.0,
        "Net Income Common Stockholders": 0.0,
        "Net Income": 0.0,
        "Minority Interests": 0.0,
        "Net Income Including Noncontrolling Interests": 0.0,
        "Net Income From Tax Loss Carryforward": -24130000.0,
        "Net Income Continuous Operations": 24130000.0,
        "Tax Provision": 5700000.0,
        "Pretax Income": 29830000.0,
        "Net Non Operating Interest Income Expense": 61000.0,
        "Total Other Finance Cost": NaN,
        "Interest Expense Non Operating": NaN,
        "Interest Income Non Operating": 61000.0,
        "Operating Income": 29769000.0,
        "Operating Expense": 20094000.0,
        "Research And Development": 3977000.0,
        "Selling General And Administration": 16117000.0,
        "Gross Profit": 49863000.0,
        "Cost Of Revenue": 353367000.0,
        "Total Revenue": 403230000.0,
        "Operating Revenue": 403230000.0
    },
    "2023-09-30": {
        "Tax Effect Of Unusual Items": NaN,
        "Tax Rate For Calcs": NaN,
        "Normalized EBITDA": NaN,
        "Total Unusual Items": -3000000.0,
        "Total Unusual Items Excluding Goodwill": -3000000.0,
        "Net Income From Continuing Operation Net Minority Interest": NaN,
        "Reconciled Depreciation": NaN,
        "Reconciled Cost Of Revenue": NaN,
        "EBITDA": NaN,
        "EBIT": NaN,
        "Net Interest Income": NaN,
        "Interest Expense": 3646000.0,
        "Interest Income": 3700000.0,
        "Normalized Income": NaN,
        "Net Income From Continuing And Discontinued Operation": NaN,
        "Total Expenses": NaN,
        "Total Operating Income As Reported": NaN,
        "Diluted Average Shares": NaN,
        "Basic Average Shares": NaN,
        "Diluted EPS": NaN,
        "Basic EPS": NaN,
        "Diluted NI Availto Com Stockholders": NaN,
        "Average Dilution Earnings": 42156000.0,
        "Net Income Common Stockholders": NaN,
        "Otherunder Preferred Stock Dividend": 0.0,
        "Net Income": NaN,
        "Minority Interests": NaN,
        "Net Income Including Noncontrolling Interests": NaN,
        "Net Income From Tax Loss Carryforward": 0.0,
        "Net Income Continuous Operations": NaN,
        "Tax Provision": NaN,
        "Pretax Income": NaN,
        "Other Income Expense": -3038000.0,
        "Other Non Operating Income Expenses": -38000.0,
        "Gain On Sale Of Security": -3000000.0,
        "Net Non Operating Interest Income Expense": NaN,
        "Total Other Finance Cost": 8684000.0,
        "Interest Expense Non Operating": 3646000.0,
        "Interest Income Non Operating": 3700000.0,
        "Operating Income": NaN,
        "Operating Expense": NaN,
        "Other Taxes": 5700000.0,
        "Research And Development": NaN,
        "Selling General And Administration": NaN,
        "Gross Profit": NaN,
        "Cost Of Revenue": NaN,
        "Total Revenue": NaN,
        "Operating Revenue": NaN
    },
    "2023-12-31": {
        "Tax Effect Of Unusual Items": 1210305.853855,
        "Tax Rate For Calcs": 0.232751,
        "Normalized EBITDA": 165924000.0,
        "Total Unusual Items": 5200000.0,
        "Total Unusual Items Excluding Goodwill": 5200000.0,
        "Net Income From Continuing Operation Net Minority Interest": 41396000.0,
        "Reconciled Depreciation": 1118000.0,
        "Reconciled Cost Of Revenue": 500701000.0,
        "EBITDA": 171124000.0,
        "EBIT": 170006000.0,
        "Net Interest Income": 173000.0,
        "Interest Expense": 3227000.0,
        "Interest Income": 3400000.0,
        "Normalized Income": 37406305.853855,
        "Net Income From Continuing And Discontinued Operation": 41396000.0,
        "Total Expenses": 549054000.0,
        "Total Operating Income As Reported": 148472000.0,
        "Diluted Average Shares": 147344370.0,
        "Basic Average Shares": 62108835.0,
        "Diluted EPS": 0.67,
        "Basic EPS": 0.67,
        "Diluted NI Availto Com Stockholders": 127961000.0,
        "Average Dilution Earnings": 86565000.0,
        "Net Income Common Stockholders": 41396000.0,
        "Otherunder Preferred Stock Dividend": 0.0,
        "Net Income": 41396000.0,
        "Minority Interests": -86565000.0,
        "Net Income Including Noncontrolling Interests": 127961000.0,
        "Net Income From Tax Loss Carryforward": 0.0,
        "Net Income Continuous Operations": 127961000.0,
        "Tax Provision": 38818000.0,
        "Pretax Income": 166779000.0,
        "Other Income Expense": 5234000.0,
        "Other Non Operating Income Expenses": 34000.0,
        "Gain On Sale Of Security": 5200000.0,
        "Net Non Operating Interest Income Expense": 173000.0,
        "Total Other Finance Cost": NaN,
        "Interest Expense Non Operating": 3227000.0,
        "Interest Income Non Operating": 3400000.0,
        "Operating Income": 161372000.0,
        "Operating Expense": 48353000.0,
        "Other Taxes": -12900000.0,
        "Research And Development": 12897000.0,
        "Selling General And Administration": 48356000.0,
        "Gross Profit": 209725000.0,
        "Cost Of Revenue": 500701000.0,
        "Total Revenue": 710426000.0,
        "Operating Revenue": 710426000.0
    },
    "2024-03-31": {
        "Tax Effect Of Unusual Items": 0.0,
        "Tax Rate For Calcs": 0.211486,
        "Normalized EBITDA": 306598000.0,
        "Total Unusual Items": NaN,
        "Total Unusual Items Excluding Goodwill": NaN,
        "Net Income From Continuing Operation Net Minority Interest": 205163000.0,
        "Reconciled Depreciation": 1225000.0,
        "Reconciled Cost Of Revenue": 396045000.0,
        "EBITDA": 306598000.0,
        "EBIT": 305373000.0,
        "Net Interest Income": -22309000.0,
        "Interest Expense": NaN,
        "Interest Income": NaN,
        "Normalized Income": 205163000.0,
        "Net Income From Continuing And Discontinued Operation": 205163000.0,
        "Total Expenses": 465841000.0,
        "Total Operating Income As Reported": 270674000.0,
        "Diluted Average Shares": 148144066.0,
        "Basic Average Shares": 138389259.0,
        "Diluted EPS": 1.48,
        "Basic EPS": 1.48,
        "Diluted NI Availto Com Stockholders": 205163000.0,
        "Average Dilution Earnings": NaN,
        "Net Income Common Stockholders": 205163000.0,
        "Otherunder Preferred Stock Dividend": 0.0,
        "Net Income": 205163000.0,
        "Minority Interests": -18037000.0,
        "Net Income Including Noncontrolling Interests": 223200000.0,
        "Net Income From Tax Loss Carryforward": NaN,
        "Net Income Continuous Operations": 223200000.0,
        "Tax Provision": 59864000.0,
        "Pretax Income": 283064000.0,
        "Other Income Expense": NaN,
        "Other Non Operating Income Expenses": NaN,
        "Gain On Sale Of Security": NaN,
        "Net Non Operating Interest Income Expense": -22309000.0,
        "Total Other Finance Cost": NaN,
        "Interest Expense Non Operating": NaN,
        "Interest Income Non Operating": NaN,
        "Operating Income": 270674000.0,
        "Operating Expense": 69796000.0,
        "Other Taxes": NaN,
        "Research And Development": 13090000.0,
        "Selling General And Administration": 56706000.0,
        "Gross Profit": 340470000.0,
        "Cost Of Revenue": 396045000.0,
        "Total Revenue": 736515000.0,
        "Operating Revenue": 736515000.0
    },
    "2024-06-30": {
        "Tax Effect Of Unusual Items": 0.0,
        "Tax Rate For Calcs": 0.179,
        "Normalized EBITDA": 156167000.0,
        "Total Unusual Items": NaN,
        "Total Unusual Items Excluding Goodwill": NaN,
        "Net Income From Continuing Operation Net Minority Interest": 121700000.0,
        "Reconciled Depreciation": 941000.0,
        "Reconciled Cost Of Revenue": 482481000.0,
        "EBITDA": 156167000.0,
        "EBIT": 155226000.0,
        "Net Interest Income": -3280000.0,
        "Interest Expense": 3280000.0,
        "Interest Income": NaN,
        "Normalized Income": 121700000.0,
        "Net Income From Continuing And Discontinued Operation": 121700000.0,
        "Total Expenses": 559827000.0,
        "Total Operating Income As Reported": 160094000.0,
        "Diluted Average Shares": 149233237.0,
        "Basic Average Shares": 142102503.0,
        "Diluted EPS": 0.84,
        "Basic EPS": 0.86,
        "Diluted NI Availto Com Stockholders": 121700000.0,
        "Average Dilution Earnings": NaN,
        "Net Income Common Stockholders": 121700000.0,
        "Otherunder Preferred Stock Dividend": NaN,
        "Net Income": 121700000.0,
        "Minority Interests": -3094000.0,
        "Net Income Including Noncontrolling Interests": 124794000.0,
        "Net Income From Tax Loss Carryforward": NaN,
        "Net Income Continuous Operations": 124794000.0,
        "Tax Provision": 27152000.0,
        "Pretax Income": 151946000.0,
        "Other Income Expense": -4868000.0,
        "Other Non Operating Income Expenses": -4868000.0,
        "Gain On Sale Of Security": NaN,
        "Net Non Operating Interest Income Expense": -3280000.0,
        "Total Other Finance Cost": NaN,
        "Interest Expense Non Operating": 3280000.0,
        "Interest Income Non Operating": NaN,
        "Operating Income": 160094000.0,
        "Operating Expense": 77346000.0,
        "Other Taxes": NaN,
        "Research And Development": 16519000.0,
        "Selling General And Administration": 60827000.0,
        "Gross Profit": 237440000.0,
        "Cost Of Revenue": 482481000.0,
        "Total Revenue": 719921000.0,
        "Operating Revenue": 719921000.0
    },
    "2024-09-30": {
        "Tax Effect Of Unusual Items": 348000.0,
        "Tax Rate For Calcs": 0.145,
        "Normalized EBITDA": 141399000.0,
        "Total Unusual Items": 2400000.0,
        "Total Unusual Items Excluding Goodwill": 2400000.0,
        "Net Income From Continuing Operation Net Minority Interest": 115391000.0,
        "Reconciled Depreciation": 2942000.0,
        "Reconciled Cost Of Revenue": 410776000.0,
        "EBITDA": 143799000.0,
        "EBIT": 140857000.0,
        "Net Interest Income": -365000.0,
        "Interest Expense": 3665000.0,
        "Interest Income": 3300000.0,
        "Normalized Income": 113339000.0,
        "Net Income From Continuing And Discontinued Operation": 115391000.0,
        "Total Expenses": 502096000.0,
        "Total Operating Income As Reported": 133475000.0,
        "Diluted Average Shares": 149079000.0,
        "Basic Average Shares": 143479000.0,
        "Diluted EPS": 0.79,
        "Basic EPS": 0.8,
        "Diluted NI Availto Com Stockholders": 117264000.0,
        "Average Dilution Earnings": 1873000.0,
        "Net Income Common Stockholders": 115391000.0,
        "Otherunder Preferred Stock Dividend": NaN,
        "Net Income": 115391000.0,
        "Minority Interests": -1873000.0,
        "Net Income Including Noncontrolling Interests": 117264000.0,
        "Net Income From Tax Loss Carryforward": NaN,
        "Net Income Continuous Operations": 117264000.0,
        "Tax Provision": 19928000.0,
        "Pretax Income": 137192000.0,
        "Other Income Expense": 4082000.0,
        "Other Non Operating Income Expenses": 1682000.0,
        "Gain On Sale Of Security": 2400000.0,
        "Net Non Operating Interest Income Expense": -365000.0,
        "Total Other Finance Cost": NaN,
        "Interest Expense Non Operating": 3665000.0,
        "Interest Income Non Operating": 3300000.0,
        "Operating Income": 133475000.0,
        "Operating Expense": 91320000.0,
        "Other Taxes": NaN,
        "Research And Development": 19193000.0,
        "Selling General And Administration": 72127000.0,
        "Gross Profit": 224795000.0,
        "Cost Of Revenue": 410776000.0,
        "Total Revenue": 635571000.0,
        "Operating Revenue": 635571000.0
    },
    "2024-12-31": {
        "Tax Effect Of Unusual Items": 962645.428671,
        "Tax Rate For Calcs": 0.267402,
        "Normalized EBITDA": 164830000.0,
        "Total Unusual Items": 3600000.0,
        "Total Unusual Items Excluding Goodwill": 3600000.0,
        "Net Income From Continuing Operation Net Minority Interest": 115283000.0,
        "Reconciled Depreciation": 4416000.0,
        "Reconciled Cost Of Revenue": 438460000.0,
        "EBITDA": 168430000.0,
        "EBIT": 164014000.0,
        "Net Interest Income": 2002000.0,
        "Interest Expense": 3798000.0,
        "Interest Income": 5800000.0,
        "Normalized Income": 112645645.428671,
        "Net Income From Continuing And Discontinued Operation": 115283000.0,
        "Total Expenses": 524727000.0,
        "Total Operating Income As Reported": 150236000.0,
        "Diluted Average Shares": 149028000.0,
        "Basic Average Shares": 143664000.0,
        "Diluted EPS": 0.79,
        "Basic EPS": 0.8,
        "Diluted NI Availto Com Stockholders": 117374000.0,
        "Average Dilution Earnings": 2091000.0,
        "Net Income Common Stockholders": 115283000.0,
        "Otherunder Preferred Stock Dividend": NaN,
        "Net Income": 115283000.0,
        "Minority Interests": -2091000.0,
        "Net Income Including Noncontrolling Interests": 117374000.0,
        "Net Income From Tax Loss Carryforward": NaN,
        "Net Income Continuous Operations": 117374000.0,
        "Tax Provision": 42842000.0,
        "Pretax Income": 160216000.0,
        "Other Income Expense": 3578000.0,
        "Other Non Operating Income Expenses": -22000.0,
        "Gain On Sale Of Security": 3600000.0,
        "Net Non Operating Interest Income Expense": 2002000.0,
        "Total Other Finance Cost": NaN,
        "Interest Expense Non Operating": 3798000.0,
        "Interest Income Non Operating": 5800000.0,
        "Operating Income": 154636000.0,
        "Operating Expense": 86267000.0,
        "Other Taxes": -4400000.0,
        "Research And Development": 20094000.0,
        "Selling General And Administration": 70573000.0,
        "Gross Profit": 240903000.0,
        "Cost Of Revenue": 438460000.0,
        "Total Revenue": 679363000.0,
        "Operating Revenue": 679363000.0
    }
}