{
    "2024-03-31": {
        "Tax Effect Of Unusual Items": -318518.518519,
        "Tax Rate For Calcs": 0.265432,
        "Normalized EBITDA": 80400000.0,
        "Total Unusual Items": -1200000.0,
        "Total Unusual Items Excluding Goodwill": -1200000.0,
        "Net Income From Continuing Operation Net Minority Interest": 11900000.0,
        "Reconciled Depreciation": 55900000.0,
        "Reconciled Cost Of Revenue": 81200000.0,
        "EBITDA": 79200000.0,
        "EBIT": 23300000.0,
        "Net Interest Income": -7700000.0,
        "Interest Expense": 7100000.0,
        "Normalized Income": 12781481.481481,
        "Net Income From Continuing And Discontinued Operation": 11900000.0,
        "Total Expenses": 161500000.0,
        "Diluted Average Shares": 80300000.0,
        "Basic Average Shares": 77300000.0,
        "Diluted EPS": 0.15,
        "Basic EPS": 0.15,
        "Diluted NI Availto Com Stockholders": 11900000.0,
        "Net Income Common Stockholders": 11900000.0,
        "Net Income": 11900000.0,
        "Net Income Including Noncontrolling Interests": 11900000.0,
        "Net Income Continuous Operations": 11900000.0,
        "Tax Provision": 4300000.0,
        "Pretax Income": 16200000.0,
        "Other Income Expense": 400000.0,
        "Other Non Operating Income Expenses": 1600000.0,
        "Special Income Charges": -100000.0,
        "Other Special Charges": 100000.0,
        "Restructuring And Mergern Acquisition": NaN,
        "Gain On Sale Of Security": -1100000.0,
        "Net Non Operating Interest Income Expense": -7700000.0,
        "Total Other Finance Cost": 600000.0,
        "Interest Expense Non Operating": 7100000.0,
        "Operating Income": 23500000.0,
        "Operating Expense": 80300000.0,
        "Other Operating Expenses": 65800000.0,
        "Selling General And Administration": 14500000.0,
        "General And Administrative Expense": 14500000.0,
        "Other Gand A": 5500000.0,
        "Salaries And Wages": 9000000.0,
        "Gross Profit": 103800000.0,
        "Cost Of Revenue": 81200000.0,
        "Total Revenue": 185000000.0,
        "Operating Revenue": 181200000.0
    },
    "2023-12-31": {
        "Tax Effect Of Unusual Items": 3890672.451193,
        "Tax Rate For Calcs": 0.255965,
        "Normalized EBITDA": 90400000.0,
        "Total Unusual Items": 15200000.0,
        "Total Unusual Items Excluding Goodwill": 15200000.0,
        "Net Income From Continuing Operation Net Minority Interest": 34300000.0,
        "Reconciled Depreciation": 53000000.0,
        "Reconciled Cost Of Revenue": 80600000.0,
        "EBITDA": 105600000.0,
        "EBIT": 52600000.0,
        "Net Interest Income": -7100000.0,
        "Interest Expense": 6500000.0,
        "Normalized Income": 22990672.451193,
        "Net Income From Continuing And Discontinued Operation": 34300000.0,
        "Total Expenses": 144100000.0,
        "Diluted Average Shares": NaN,
        "Basic Average Shares": NaN,
        "Diluted EPS": NaN,
        "Basic EPS": NaN,
        "Diluted NI Availto Com Stockholders": 34300000.0,
        "Net Income Common Stockholders": 34300000.0,
        "Net Income": 34300000.0,
        "Net Income Including Noncontrolling Interests": 34300000.0,
        "Net Income Continuous Operations": 34300000.0,
        "Tax Provision": 11800000.0,
        "Pretax Income": 46100000.0,
        "Other Income Expense": 17100000.0,
        "Other Non Operating Income Expenses": 1900000.0,
        "Special Income Charges": 0.0,
        "Other Special Charges": 0.0,
        "Restructuring And Mergern Acquisition": 0.0,
        "Gain On Sale Of Security": 15200000.0,
        "Net Non Operating Interest Income Expense": -7100000.0,
        "Total Other Finance Cost": 600000.0,
        "Interest Expense Non Operating": 6500000.0,
        "Operating Income": 35700000.0,
        "Operating Expense": 63500000.0,
        "Other Operating Expenses": 61000000.0,
        "Selling General And Administration": 2500000.0,
        "General And Administrative Expense": 2500000.0,
        "Other Gand A": 4400000.0,
        "Salaries And Wages": -1900000.0,
        "Gross Profit": 99200000.0,
        "Cost Of Revenue": 80600000.0,
        "Total Revenue": 179800000.0,
        "Operating Revenue": 176900000.0
    },
    "2023-09-30": {
        "Tax Effect Of Unusual Items": -265749.235474,
        "Tax Rate For Calcs": 0.24159,
        "Normalized EBITDA": 96700000.0,
        "Total Unusual Items": -1100000.0,
        "Total Unusual Items Excluding Goodwill": -1100000.0,
        "Net Income From Continuing Operation Net Minority Interest": 24800000.0,
        "Reconciled Depreciation": 55000000.0,
        "Reconciled Cost Of Revenue": 85000000.0,
        "EBITDA": 95600000.0,
        "EBIT": 40600000.0,
        "Net Interest Income": -8500000.0,
        "Interest Expense": 7900000.0,
        "Normalized Income": 25634250.764526,
        "Net Income From Continuing And Discontinued Operation": 24800000.0,
        "Total Expenses": 166800000.0,
        "Diluted Average Shares": 83000000.0,
        "Basic Average Shares": 80900000.0,
        "Diluted EPS": 0.3,
        "Basic EPS": 0.31,
        "Diluted NI Availto Com Stockholders": 24800000.0,
        "Net Income Common Stockholders": 24800000.0,
        "Net Income": 24800000.0,
        "Net Income Including Noncontrolling Interests": 24800000.0,
        "Net Income Continuous Operations": 24800000.0,
        "Tax Provision": 7900000.0,
        "Pretax Income": 32700000.0,
        "Other Income Expense": 800000.0,
        "Other Non Operating Income Expenses": 1900000.0,
        "Special Income Charges": -400000.0,
        "Other Special Charges": 400000.0,
        "Restructuring And Mergern Acquisition": 0.0,
        "Gain On Sale Of Security": -700000.0,
        "Net Non Operating Interest Income Expense": -8500000.0,
        "Total Other Finance Cost": 600000.0,
        "Interest Expense Non Operating": 7900000.0,
        "Operating Income": 40400000.0,
        "Operating Expense": 81800000.0,
        "Other Operating Expenses": 62200000.0,
        "Selling General And Administration": 19600000.0,
        "General And Administrative Expense": 19600000.0,
        "Other Gand A": 4600000.0,
        "Salaries And Wages": 15000000.0,
        "Gross Profit": 122200000.0,
        "Cost Of Revenue": 85000000.0,
        "Total Revenue": 207200000.0,
        "Operating Revenue": 203800000.0
    },
    "2023-06-30": {
        "Tax Effect Of Unusual Items": NaN,
        "Tax Rate For Calcs": NaN,
        "Normalized EBITDA": NaN,
        "Total Unusual Items": NaN,
        "Total Unusual Items Excluding Goodwill": NaN,
        "Net Income From Continuing Operation Net Minority Interest": NaN,
        "Reconciled Depreciation": NaN,
        "Reconciled Cost Of Revenue": NaN,
        "EBITDA": NaN,
        "EBIT": NaN,
        "Net Interest Income": NaN,
        "Interest Expense": NaN,
        "Normalized Income": NaN,
        "Net Income From Continuing And Discontinued Operation": NaN,
        "Total Expenses": NaN,
        "Diluted Average Shares": 84700000.0,
        "Basic Average Shares": 81800000.0,
        "Diluted EPS": 0.22,
        "Basic EPS": 0.22,
        "Diluted NI Availto Com Stockholders": NaN,
        "Net Income Common Stockholders": NaN,
        "Net Income": NaN,
        "Net Income Including Noncontrolling Interests": NaN,
        "Net Income Continuous Operations": NaN,
        "Tax Provision": NaN,
        "Pretax Income": NaN,
        "Other Income Expense": NaN,
        "Other Non Operating Income Expenses": NaN,
        "Special Income Charges": NaN,
        "Other Special Charges": 100000.0,
        "Restructuring And Mergern Acquisition": 0.0,
        "Gain On Sale Of Security": NaN,
        "Net Non Operating Interest Income Expense": NaN,
        "Total Other Finance Cost": NaN,
        "Interest Expense Non Operating": NaN,
        "Operating Income": NaN,
        "Operating Expense": NaN,
        "Other Operating Expenses": NaN,
        "Selling General And Administration": NaN,
        "General And Administrative Expense": NaN,
        "Other Gand A": NaN,
        "Salaries And Wages": NaN,
        "Gross Profit": NaN,
        "Cost Of Revenue": NaN,
        "Total Revenue": NaN,
        "Operating Revenue": NaN
    },
    "2023-03-31": {
        "Tax Effect Of Unusual Items": NaN,
        "Tax Rate For Calcs": NaN,
        "Normalized EBITDA": NaN,
        "Total Unusual Items": NaN,
        "Total Unusual Items Excluding Goodwill": NaN,
        "Net Income From Continuing Operation Net Minority Interest": NaN,
        "Reconciled Depreciation": NaN,
        "Reconciled Cost Of Revenue": NaN,
        "EBITDA": NaN,
        "EBIT": NaN,
        "Net Interest Income": NaN,
        "Interest Expense": NaN,
        "Normalized Income": NaN,
        "Net Income From Continuing And Discontinued Operation": NaN,
        "Total Expenses": NaN,
        "Diluted Average Shares": 83900000.0,
        "Basic Average Shares": 82000000.0,
        "Diluted EPS": 0.36,
        "Basic EPS": 0.37,
        "Diluted NI Availto Com Stockholders": NaN,
        "Net Income Common Stockholders": NaN,
        "Net Income": NaN,
        "Net Income Including Noncontrolling Interests": NaN,
        "Net Income Continuous Operations": NaN,
        "Tax Provision": NaN,
        "Pretax Income": NaN,
        "Other Income Expense": NaN,
        "Other Non Operating Income Expenses": NaN,
        "Special Income Charges": NaN,
        "Other Special Charges": NaN,
        "Restructuring And Mergern Acquisition": 0.0,
        "Gain On Sale Of Security": NaN,
        "Net Non Operating Interest Income Expense": NaN,
        "Total Other Finance Cost": NaN,
        "Interest Expense Non Operating": NaN,
        "Operating Income": NaN,
        "Operating Expense": NaN,
        "Other Operating Expenses": NaN,
        "Selling General And Administration": NaN,
        "General And Administrative Expense": NaN,
        "Other Gand A": NaN,
        "Salaries And Wages": NaN,
        "Gross Profit": NaN,
        "Cost Of Revenue": NaN,
        "Total Revenue": NaN,
        "Operating Revenue": NaN
    },
    "2022-12-31": {
        "Tax Effect Of Unusual Items": NaN,
        "Tax Rate For Calcs": NaN,
        "Normalized EBITDA": NaN,
        "Total Unusual Items": NaN,
        "Total Unusual Items Excluding Goodwill": NaN,
        "Net Income From Continuing Operation Net Minority Interest": NaN,
        "Reconciled Depreciation": NaN,
        "Reconciled Cost Of Revenue": NaN,
        "EBITDA": NaN,
        "EBIT": NaN,
        "Net Interest Income": NaN,
        "Interest Expense": NaN,
        "Normalized Income": NaN,
        "Net Income From Continuing And Discontinued Operation": NaN,
        "Total Expenses": NaN,
        "Diluted Average Shares": NaN,
        "Basic Average Shares": NaN,
        "Diluted EPS": NaN,
        "Basic EPS": NaN,
        "Diluted NI Availto Com Stockholders": NaN,
        "Net Income Common Stockholders": NaN,
        "Net Income": NaN,
        "Net Income Including Noncontrolling Interests": NaN,
        "Net Income Continuous Operations": NaN,
        "Tax Provision": NaN,
        "Pretax Income": NaN,
        "Other Income Expense": NaN,
        "Other Non Operating Income Expenses": NaN,
        "Special Income Charges": NaN,
        "Other Special Charges": 0.0,
        "Restructuring And Mergern Acquisition": NaN,
        "Gain On Sale Of Security": NaN,
        "Net Non Operating Interest Income Expense": NaN,
        "Total Other Finance Cost": NaN,
        "Interest Expense Non Operating": NaN,
        "Operating Income": NaN,
        "Operating Expense": NaN,
        "Other Operating Expenses": NaN,
        "Selling General And Administration": NaN,
        "General And Administrative Expense": NaN,
        "Other Gand A": NaN,
        "Salaries And Wages": NaN,
        "Gross Profit": NaN,
        "Cost Of Revenue": NaN,
        "Total Revenue": NaN,
        "Operating Revenue": NaN
    },
    "2022-09-30": {
        "Tax Effect Of Unusual Items": NaN,
        "Tax Rate For Calcs": NaN,
        "Normalized EBITDA": NaN,
        "Total Unusual Items": NaN,
        "Total Unusual Items Excluding Goodwill": NaN,
        "Net Income From Continuing Operation Net Minority Interest": NaN,
        "Reconciled Depreciation": NaN,
        "Reconciled Cost Of Revenue": NaN,
        "EBITDA": NaN,
        "EBIT": NaN,
        "Net Interest Income": NaN,
        "Interest Expense": NaN,
        "Normalized Income": NaN,
        "Net Income From Continuing And Discontinued Operation": NaN,
        "Total Expenses": NaN,
        "Diluted Average Shares": 84500000.0,
        "Basic Average Shares": 82200000.0,
        "Diluted EPS": 0.48,
        "Basic EPS": 0.5,
        "Diluted NI Availto Com Stockholders": NaN,
        "Net Income Common Stockholders": NaN,
        "Net Income": NaN,
        "Net Income Including Noncontrolling Interests": NaN,
        "Net Income Continuous Operations": NaN,
        "Tax Provision": NaN,
        "Pretax Income": NaN,
        "Other Income Expense": NaN,
        "Other Non Operating Income Expenses": NaN,
        "Special Income Charges": NaN,
        "Other Special Charges": -100000.0,
        "Restructuring And Mergern Acquisition": NaN,
        "Gain On Sale Of Security": NaN,
        "Net Non Operating Interest Income Expense": NaN,
        "Total Other Finance Cost": NaN,
        "Interest Expense Non Operating": NaN,
        "Operating Income": NaN,
        "Operating Expense": NaN,
        "Other Operating Expenses": NaN,
        "Selling General And Administration": NaN,
        "General And Administrative Expense": NaN,
        "Other Gand A": NaN,
        "Salaries And Wages": NaN,
        "Gross Profit": NaN,
        "Cost Of Revenue": NaN,
        "Total Revenue": NaN,
        "Operating Revenue": NaN
    },
    "2024-06-30": {
        "Tax Effect Of Unusual Items": 1270696.721311,
        "Tax Rate For Calcs": 0.239754,
        "Normalized EBITDA": 112500000.0,
        "Total Unusual Items": 5300000.0,
        "Total Unusual Items Excluding Goodwill": 5300000.0,
        "Net Income From Continuing Operation Net Minority Interest": 37100000.0,
        "Reconciled Depreciation": 60900000.0,
        "Reconciled Cost Of Revenue": 89400000.0,
        "EBITDA": 117800000.0,
        "EBIT": 56900000.0,
        "Net Interest Income": -8700000.0,
        "Interest Expense": 8100000.0,
        "Normalized Income": 33070696.721311,
        "Net Income From Continuing And Discontinued Operation": 37100000.0,
        "Total Expenses": 161900000.0,
        "Diluted Average Shares": 79800000.0,
        "Basic Average Shares": 76500000.0,
        "Diluted EPS": 0.46,
        "Basic EPS": 0.48,
        "Diluted NI Availto Com Stockholders": 37100000.0,
        "Net Income Common Stockholders": 37100000.0,
        "Net Income": 37100000.0,
        "Net Income Including Noncontrolling Interests": 37100000.0,
        "Net Income Continuous Operations": 37100000.0,
        "Tax Provision": 11700000.0,
        "Pretax Income": 48800000.0,
        "Other Income Expense": 6400000.0,
        "Other Non Operating Income Expenses": 1100000.0,
        "Special Income Charges": -1400000.0,
        "Other Special Charges": NaN,
        "Restructuring And Mergern Acquisition": 1400000.0,
        "Gain On Sale Of Security": 6700000.0,
        "Net Non Operating Interest Income Expense": -8700000.0,
        "Total Other Finance Cost": 600000.0,
        "Interest Expense Non Operating": 8100000.0,
        "Operating Income": 51100000.0,
        "Operating Expense": 72500000.0,
        "Other Operating Expenses": 66700000.0,
        "Selling General And Administration": 5800000.0,
        "General And Administrative Expense": 5800000.0,
        "Other Gand A": 4900000.0,
        "Salaries And Wages": 900000.0,
        "Gross Profit": 123600000.0,
        "Cost Of Revenue": 89400000.0,
        "Total Revenue": 213000000.0,
        "Operating Revenue": 211300000.0
    },
    "2024-09-30": {
        "Tax Effect Of Unusual Items": 378220.140515,
        "Tax Rate For Calcs": 0.222482,
        "Normalized EBITDA": 119800000.0,
        "Total Unusual Items": 1700000.0,
        "Total Unusual Items Excluding Goodwill": 1700000.0,
        "Net Income From Continuing Operation Net Minority Interest": 33200000.0,
        "Reconciled Depreciation": 69100000.0,
        "Reconciled Cost Of Revenue": 98300000.0,
        "EBITDA": 121500000.0,
        "EBIT": 52400000.0,
        "Net Interest Income": -10300000.0,
        "Interest Expense": 9700000.0,
        "Normalized Income": 31878220.140515,
        "Net Income From Continuing And Discontinued Operation": 33200000.0,
        "Total Expenses": 172600000.0,
        "Diluted Average Shares": 79000000.0,
        "Basic Average Shares": 75900000.0,
        "Diluted EPS": 0.42,
        "Basic EPS": 0.44,
        "Diluted NI Availto Com Stockholders": 33200000.0,
        "Net Income Common Stockholders": 33200000.0,
        "Net Income": 33200000.0,
        "Net Income Including Noncontrolling Interests": 33200000.0,
        "Net Income Continuous Operations": 33200000.0,
        "Tax Provision": 9500000.0,
        "Pretax Income": 42700000.0,
        "Other Income Expense": 3600000.0,
        "Other Non Operating Income Expenses": 1900000.0,
        "Special Income Charges": 0.0,
        "Other Special Charges": NaN,
        "Restructuring And Mergern Acquisition": 0.0,
        "Gain On Sale Of Security": 1700000.0,
        "Net Non Operating Interest Income Expense": -10300000.0,
        "Total Other Finance Cost": 600000.0,
        "Interest Expense Non Operating": 9700000.0,
        "Operating Income": 49400000.0,
        "Operating Expense": 74300000.0,
        "Other Operating Expenses": 73700000.0,
        "Selling General And Administration": 600000.0,
        "General And Administrative Expense": 600000.0,
        "Other Gand A": 5000000.0,
        "Salaries And Wages": -4400000.0,
        "Gross Profit": 123700000.0,
        "Cost Of Revenue": 98300000.0,
        "Total Revenue": 222000000.0,
        "Operating Revenue": 220900000.0
    }
}