{
    "2023-03-31": {
        "Tax Effect Of Unusual Items": NaN,
        "Tax Rate For Calcs": NaN,
        "Normalized EBITDA": NaN,
        "Total Unusual Items": NaN,
        "Total Unusual Items Excluding Goodwill": NaN,
        "Net Income From Continuing Operation Net Minority Interest": NaN,
        "Reconciled Depreciation": NaN,
        "Reconciled Cost Of Revenue": NaN,
        "EBITDA": NaN,
        "EBIT": NaN,
        "Net Interest Income": NaN,
        "Interest Income": 885000.0,
        "Normalized Income": NaN,
        "Net Income From Continuing And Discontinued Operation": NaN,
        "Total Expenses": NaN,
        "Total Operating Income As Reported": NaN,
        "Diluted Average Shares": 27643549.0,
        "Basic Average Shares": 27643549.0,
        "Diluted EPS": -0.4,
        "Basic EPS": -0.4,
        "Diluted NI Availto Com Stockholders": NaN,
        "Net Income Common Stockholders": NaN,
        "Net Income": NaN,
        "Net Income Including Noncontrolling Interests": NaN,
        "Net Income Continuous Operations": NaN,
        "Pretax Income": NaN,
        "Other Income Expense": NaN,
        "Other Non Operating Income Expenses": NaN,
        "Special Income Charges": NaN,
        "Gain On Sale Of Security": NaN,
        "Net Non Operating Interest Income Expense": NaN,
        "Total Other Finance Cost": -885000.0,
        "Interest Income Non Operating": 885000.0,
        "Operating Income": NaN,
        "Operating Expense": NaN,
        "Research And Development": NaN,
        "Selling General And Administration": NaN,
        "Gross Profit": NaN,
        "Cost Of Revenue": NaN,
        "Total Revenue": NaN,
        "Operating Revenue": NaN
    },
    "2022-06-30": {
        "Tax Effect Of Unusual Items": 0.0,
        "Tax Rate For Calcs": 0.0,
        "Normalized EBITDA": -7949000.0,
        "Total Unusual Items": 33000.0,
        "Total Unusual Items Excluding Goodwill": 33000.0,
        "Net Income From Continuing Operation Net Minority Interest": -7847000.0,
        "Reconciled Depreciation": 50000.0,
        "Reconciled Cost Of Revenue": 60000.0,
        "EBITDA": -7916000.0,
        "EBIT": -7966000.0,
        "Net Interest Income": -246000.0,
        "Interest Expense": 246000.0,
        "Interest Income": NaN,
        "Normalized Income": -7880000.0,
        "Net Income From Continuing And Discontinued Operation": -7847000.0,
        "Total Expenses": 8035000.0,
        "Total Operating Income As Reported": -7634000.0,
        "Diluted Average Shares": 31614079.0,
        "Basic Average Shares": 31614079.0,
        "Diluted EPS": -0.248212,
        "Basic EPS": -0.248212,
        "Diluted NI Availto Com Stockholders": -9857000.0,
        "Net Income Common Stockholders": -9857000.0,
        "Net Income": -7847000.0,
        "Net Income Including Noncontrolling Interests": -7847000.0,
        "Net Income Continuous Operations": -7847000.0,
        "Pretax Income": -7847000.0,
        "Other Income Expense": 33000.0,
        "Special Income Charges": -682000.0,
        "Other Special Charges": 682000.0,
        "Gain On Sale Of Security": 715000.0,
        "Net Non Operating Interest Income Expense": -246000.0,
        "Total Other Finance Cost": NaN,
        "Interest Expense Non Operating": 246000.0,
        "Interest Income Non Operating": NaN,
        "Operating Income": -7634000.0,
        "Operating Expense": 7975000.0,
        "Research And Development": 5029000.0,
        "Selling General And Administration": 2946000.0,
        "Gross Profit": 341000.0,
        "Cost Of Revenue": 60000.0,
        "Total Revenue": 401000.0,
        "Operating Revenue": 401000.0
    },
    "2022-12-31": {
        "Tax Effect Of Unusual Items": NaN,
        "Tax Rate For Calcs": NaN,
        "Normalized EBITDA": NaN,
        "Total Unusual Items": NaN,
        "Total Unusual Items Excluding Goodwill": NaN,
        "Net Income From Continuing Operation Net Minority Interest": NaN,
        "Reconciled Depreciation": NaN,
        "Reconciled Cost Of Revenue": NaN,
        "EBITDA": NaN,
        "EBIT": NaN,
        "Net Interest Income": NaN,
        "Interest Income": NaN,
        "Normalized Income": NaN,
        "Net Income From Continuing And Discontinued Operation": NaN,
        "Total Expenses": NaN,
        "Total Operating Income As Reported": NaN,
        "Diluted Average Shares": NaN,
        "Basic Average Shares": NaN,
        "Diluted EPS": NaN,
        "Basic EPS": NaN,
        "Diluted NI Availto Com Stockholders": NaN,
        "Net Income Common Stockholders": NaN,
        "Net Income": NaN,
        "Net Income Including Noncontrolling Interests": NaN,
        "Net Income Continuous Operations": NaN,
        "Pretax Income": NaN,
        "Other Income Expense": NaN,
        "Other Non Operating Income Expenses": NaN,
        "Special Income Charges": 0.0,
        "Other Special Charges": 0.0,
        "Gain On Sale Of Security": NaN,
        "Net Non Operating Interest Income Expense": NaN,
        "Total Other Finance Cost": NaN,
        "Interest Income Non Operating": NaN,
        "Operating Income": NaN,
        "Operating Expense": NaN,
        "Research And Development": NaN,
        "Selling General And Administration": NaN,
        "Gross Profit": NaN,
        "Cost Of Revenue": NaN,
        "Total Revenue": NaN,
        "Operating Revenue": NaN
    },
    "2022-09-30": {
        "Tax Effect Of Unusual Items": NaN,
        "Tax Rate For Calcs": NaN,
        "Normalized EBITDA": NaN,
        "Total Unusual Items": NaN,
        "Total Unusual Items Excluding Goodwill": NaN,
        "Net Income From Continuing Operation Net Minority Interest": NaN,
        "Reconciled Depreciation": NaN,
        "Reconciled Cost Of Revenue": NaN,
        "EBITDA": NaN,
        "EBIT": NaN,
        "Net Interest Income": NaN,
        "Interest Income": NaN,
        "Normalized Income": NaN,
        "Net Income From Continuing And Discontinued Operation": NaN,
        "Total Expenses": NaN,
        "Total Operating Income As Reported": NaN,
        "Diluted Average Shares": 31614079.0,
        "Basic Average Shares": 31614079.0,
        "Diluted EPS": -0.325235,
        "Basic EPS": -0.325235,
        "Diluted NI Availto Com Stockholders": NaN,
        "Net Income Common Stockholders": NaN,
        "Net Income": NaN,
        "Net Income Including Noncontrolling Interests": NaN,
        "Net Income Continuous Operations": NaN,
        "Pretax Income": NaN,
        "Other Income Expense": NaN,
        "Other Non Operating Income Expenses": NaN,
        "Special Income Charges": 0.0,
        "Other Special Charges": NaN,
        "Gain On Sale Of Security": NaN,
        "Net Non Operating Interest Income Expense": NaN,
        "Total Other Finance Cost": -63000.0,
        "Interest Income Non Operating": NaN,
        "Operating Income": NaN,
        "Operating Expense": NaN,
        "Research And Development": NaN,
        "Selling General And Administration": NaN,
        "Gross Profit": NaN,
        "Cost Of Revenue": NaN,
        "Total Revenue": NaN,
        "Operating Revenue": NaN
    },
    "2022-03-31": {
        "Diluted EPS": -0.62,
        "Total Revenue": 1,
        "Gross Profit": 1,
        "Operating Income": -5,
        "EBIT": -5,
        "Net Income": -6
    },
    "2021-12-31": {
        "Diluted EPS": -0.01,
        "Total Revenue": NaN,
        "Gross Profit": NaN,
        "Operating Income": 0,
        "EBIT": 0,
        "Net Income": 0
    },
    "2021-09-30": {
        "Diluted EPS": 0.0,
        "Total Revenue": NaN,
        "Gross Profit": NaN,
        "Operating Income": 0,
        "EBIT": 0,
        "Net Income": 0
    },
    "2021-06-30": {
        "Diluted EPS": 0.0,
        "Total Revenue": NaN,
        "Gross Profit": NaN,
        "Operating Income": 0,
        "EBIT": 0,
        "Net Income": 0
    },
    "2021-03-31": {
        "Diluted EPS": -0.01,
        "Total Revenue": NaN,
        "Gross Profit": NaN,
        "Operating Income": 0,
        "EBIT": 0,
        "Net Income": 0
    },
    "2020-12-31": {
        "Diluted EPS": 0.0,
        "Total Revenue": NaN,
        "Gross Profit": NaN,
        "Operating Income": NaN,
        "EBIT": NaN,
        "Net Income": NaN
    },
    "2020-09-30": {
        "Diluted EPS": 0.0,
        "Total Revenue": NaN,
        "Gross Profit": NaN,
        "Operating Income": 0,
        "EBIT": 0,
        "Net Income": 0
    },
    "2023-06-30": {
        "Tax Effect Of Unusual Items": 0.0,
        "Tax Rate For Calcs": 0.0,
        "Normalized EBITDA": -12852000.0,
        "Total Unusual Items": -31000.0,
        "Total Unusual Items Excluding Goodwill": -31000.0,
        "Net Income From Continuing Operation Net Minority Interest": -12046000.0,
        "Reconciled Depreciation": 73000.0,
        "Reconciled Cost Of Revenue": 54000.0,
        "EBITDA": -12883000.0,
        "EBIT": -12956000.0,
        "Net Interest Income": 941000.0,
        "Interest Income": 941000.0,
        "Normalized Income": -12015000.0,
        "Net Income From Continuing And Discontinued Operation": -12046000.0,
        "Total Expenses": 13871000.0,
        "Total Operating Income As Reported": -12956000.0,
        "Diluted Average Shares": 34613466.0,
        "Basic Average Shares": 34613466.0,
        "Diluted EPS": -0.35,
        "Basic EPS": -0.35,
        "Diluted NI Availto Com Stockholders": -12046000.0,
        "Net Income Common Stockholders": -12046000.0,
        "Net Income": -12046000.0,
        "Net Income Including Noncontrolling Interests": -12046000.0,
        "Net Income Continuous Operations": -12046000.0,
        "Pretax Income": -12046000.0,
        "Other Income Expense": -31000.0,
        "Other Non Operating Income Expenses": NaN,
        "Special Income Charges": 0.0,
        "Gain On Sale Of Security": -31000.0,
        "Net Non Operating Interest Income Expense": 941000.0,
        "Total Other Finance Cost": NaN,
        "Interest Income Non Operating": 941000.0,
        "Operating Income": -12956000.0,
        "Operating Expense": 13817000.0,
        "Research And Development": 8499000.0,
        "Selling General And Administration": 5318000.0,
        "Gross Profit": 861000.0,
        "Cost Of Revenue": 54000.0,
        "Total Revenue": 915000.0,
        "Operating Revenue": 915000.0
    },
    "2023-09-30": {
        "Tax Effect Of Unusual Items": 0.0,
        "Tax Rate For Calcs": 0.0,
        "Normalized EBITDA": -14746000.0,
        "Total Unusual Items": 293000.0,
        "Total Unusual Items Excluding Goodwill": 293000.0,
        "Net Income From Continuing Operation Net Minority Interest": -13316000.0,
        "Reconciled Depreciation": 71000.0,
        "Reconciled Cost Of Revenue": 41000.0,
        "EBITDA": -14453000.0,
        "EBIT": -14524000.0,
        "Net Interest Income": 915000.0,
        "Interest Income": NaN,
        "Normalized Income": -13609000.0,
        "Net Income From Continuing And Discontinued Operation": -13316000.0,
        "Total Expenses": 14943000.0,
        "Total Operating Income As Reported": -14524000.0,
        "Diluted Average Shares": 35243598.0,
        "Basic Average Shares": 35243598.0,
        "Diluted EPS": -0.38,
        "Basic EPS": -0.38,
        "Diluted NI Availto Com Stockholders": -13316000.0,
        "Net Income Common Stockholders": -13316000.0,
        "Net Income": -13316000.0,
        "Net Income Including Noncontrolling Interests": -13316000.0,
        "Net Income Continuous Operations": -13316000.0,
        "Pretax Income": -13316000.0,
        "Other Income Expense": 293000.0,
        "Other Non Operating Income Expenses": NaN,
        "Special Income Charges": 0.0,
        "Gain On Sale Of Security": 293000.0,
        "Net Non Operating Interest Income Expense": 915000.0,
        "Total Other Finance Cost": -915000.0,
        "Interest Income Non Operating": NaN,
        "Operating Income": -14524000.0,
        "Operating Expense": 14902000.0,
        "Research And Development": 8558000.0,
        "Selling General And Administration": 6344000.0,
        "Gross Profit": 378000.0,
        "Cost Of Revenue": 41000.0,
        "Total Revenue": 419000.0,
        "Operating Revenue": 419000.0
    },
    "2023-12-31": {
        "Tax Effect Of Unusual Items": 0.0,
        "Tax Rate For Calcs": 0.0,
        "Normalized EBITDA": -10964000.0,
        "Total Unusual Items": -1445000.0,
        "Total Unusual Items Excluding Goodwill": -1445000.0,
        "Net Income From Continuing Operation Net Minority Interest": -12818000.0,
        "Reconciled Depreciation": 72000.0,
        "Reconciled Cost Of Revenue": 47000.0,
        "EBITDA": -12409000.0,
        "EBIT": -12481000.0,
        "Net Interest Income": 1108000.0,
        "Interest Income": NaN,
        "Normalized Income": -11373000.0,
        "Net Income From Continuing And Discontinued Operation": -12818000.0,
        "Total Expenses": 12743000.0,
        "Total Operating Income As Reported": -12481000.0,
        "Diluted Average Shares": NaN,
        "Basic Average Shares": NaN,
        "Diluted EPS": NaN,
        "Basic EPS": NaN,
        "Diluted NI Availto Com Stockholders": -12818000.0,
        "Net Income Common Stockholders": -12818000.0,
        "Net Income": -12818000.0,
        "Net Income Including Noncontrolling Interests": -12818000.0,
        "Net Income Continuous Operations": -12818000.0,
        "Pretax Income": -12818000.0,
        "Other Income Expense": -1445000.0,
        "Other Non Operating Income Expenses": NaN,
        "Special Income Charges": -1151000.0,
        "Gain On Sale Of Security": -294000.0,
        "Net Non Operating Interest Income Expense": 1108000.0,
        "Total Other Finance Cost": NaN,
        "Interest Income Non Operating": NaN,
        "Operating Income": -12481000.0,
        "Operating Expense": 12696000.0,
        "Research And Development": 8511000.0,
        "Selling General And Administration": 4185000.0,
        "Gross Profit": 215000.0,
        "Cost Of Revenue": 47000.0,
        "Total Revenue": 262000.0,
        "Operating Revenue": 262000.0
    },
    "2024-03-31": {
        "Tax Effect Of Unusual Items": 0.0,
        "Tax Rate For Calcs": 0.0,
        "Normalized EBITDA": -14304000.0,
        "Total Unusual Items": -45000.0,
        "Total Unusual Items Excluding Goodwill": -45000.0,
        "Net Income From Continuing Operation Net Minority Interest": -13463000.0,
        "Reconciled Depreciation": 74000.0,
        "Reconciled Cost Of Revenue": 34000.0,
        "EBITDA": -14349000.0,
        "EBIT": -14423000.0,
        "Net Interest Income": 1016000.0,
        "Interest Income": 1016000.0,
        "Normalized Income": -13418000.0,
        "Net Income From Continuing And Discontinued Operation": -13463000.0,
        "Total Expenses": 15043000.0,
        "Total Operating Income As Reported": -14423000.0,
        "Diluted Average Shares": 35777877.0,
        "Basic Average Shares": 35777877.0,
        "Diluted EPS": -0.38,
        "Basic EPS": -0.38,
        "Diluted NI Availto Com Stockholders": -13463000.0,
        "Net Income Common Stockholders": -13463000.0,
        "Net Income": -13463000.0,
        "Net Income Including Noncontrolling Interests": -13463000.0,
        "Net Income Continuous Operations": -13463000.0,
        "Pretax Income": -13463000.0,
        "Other Income Expense": -56000.0,
        "Other Non Operating Income Expenses": -11000.0,
        "Special Income Charges": NaN,
        "Gain On Sale Of Security": -45000.0,
        "Net Non Operating Interest Income Expense": 1016000.0,
        "Total Other Finance Cost": NaN,
        "Interest Income Non Operating": 1016000.0,
        "Operating Income": -14423000.0,
        "Operating Expense": 15009000.0,
        "Research And Development": 9112000.0,
        "Selling General And Administration": 5897000.0,
        "Gross Profit": 586000.0,
        "Cost Of Revenue": 34000.0,
        "Total Revenue": 620000.0,
        "Operating Revenue": 620000.0
    },
    "2024-06-30": {
        "Tax Effect Of Unusual Items": 0.0,
        "Tax Rate For Calcs": 0.0,
        "Normalized EBITDA": -16762000.0,
        "Total Unusual Items": -23000.0,
        "Total Unusual Items Excluding Goodwill": -23000.0,
        "Net Income From Continuing Operation Net Minority Interest": -15980000.0,
        "Reconciled Depreciation": 74000.0,
        "Reconciled Cost Of Revenue": 44000.0,
        "EBITDA": -16785000.0,
        "EBIT": -16859000.0,
        "Net Interest Income": 902000.0,
        "Interest Income": 902000.0,
        "Normalized Income": -15957000.0,
        "Net Income From Continuing And Discontinued Operation": -15980000.0,
        "Total Expenses": 17637000.0,
        "Total Operating Income As Reported": -16859000.0,
        "Diluted Average Shares": 35800273.0,
        "Basic Average Shares": 35800273.0,
        "Diluted EPS": -0.45,
        "Basic EPS": -0.45,
        "Diluted NI Availto Com Stockholders": -15980000.0,
        "Net Income Common Stockholders": -15980000.0,
        "Net Income": -15980000.0,
        "Net Income Including Noncontrolling Interests": -15980000.0,
        "Net Income Continuous Operations": -15980000.0,
        "Pretax Income": -15980000.0,
        "Other Income Expense": -23000.0,
        "Other Non Operating Income Expenses": NaN,
        "Special Income Charges": NaN,
        "Gain On Sale Of Security": -23000.0,
        "Net Non Operating Interest Income Expense": 902000.0,
        "Total Other Finance Cost": NaN,
        "Interest Income Non Operating": 902000.0,
        "Operating Income": -16859000.0,
        "Operating Expense": 17593000.0,
        "Research And Development": 11126000.0,
        "Selling General And Administration": 6467000.0,
        "Gross Profit": 734000.0,
        "Cost Of Revenue": 44000.0,
        "Total Revenue": 778000.0,
        "Operating Revenue": 778000.0
    }
}