{
    "2023-06-30": {
        "Tax Effect Of Unusual Items": 0.0,
        "Tax Rate For Calcs": 0.26,
        "Normalized EBITDA": 646000000.0,
        "Total Unusual Items": 0.0,
        "Total Unusual Items Excluding Goodwill": 0.0,
        "Net Income From Continuing Operation Net Minority Interest": 345000000.0,
        "Reconciled Depreciation": 159000000.0,
        "Reconciled Cost Of Revenue": 1811000000.0,
        "EBITDA": 646000000.0,
        "EBIT": 487000000.0,
        "Net Interest Income": -23000000.0,
        "Interest Expense": 23000000.0,
        "Normalized Income": 345000000.0,
        "Net Income From Continuing And Discontinued Operation": 345000000.0,
        "Total Expenses": 2076000000.0,
        "Total Operating Income As Reported": 487000000.0,
        "Diluted Average Shares": 91300000.0,
        "Basic Average Shares": 90500000.0,
        "Diluted EPS": 3.78,
        "Basic EPS": 3.81,
        "Diluted NI Availto Com Stockholders": 345000000.0,
        "Net Income Common Stockholders": 345000000.0,
        "Net Income": 345000000.0,
        "Minority Interests": 1000000.0,
        "Net Income Including Noncontrolling Interests": 344000000.0,
        "Net Income Continuous Operations": 344000000.0,
        "Earnings From Equity Interest Net Of Tax": 1000000.0,
        "Tax Provision": 121000000.0,
        "Pretax Income": 464000000.0,
        "Other Income Expense": NaN,
        "Other Non Operating Income Expenses": NaN,
        "Special Income Charges": 0.0,
        "Gain On Sale Of Ppe": 0.0,
        "Earnings From Equity Interest": NaN,
        "Net Non Operating Interest Income Expense": -23000000.0,
        "Interest Expense Non Operating": 23000000.0,
        "Operating Income": 487000000.0,
        "Operating Expense": 265000000.0,
        "Other Operating Expenses": 30000000.0,
        "Research And Development": 28000000.0,
        "Selling General And Administration": 207000000.0,
        "Gross Profit": 752000000.0,
        "Cost Of Revenue": 1811000000.0,
        "Total Revenue": 2563000000.0,
        "Operating Revenue": 2563000000.0
    },
    "2023-03-31": {
        "Tax Effect Of Unusual Items": NaN,
        "Tax Rate For Calcs": NaN,
        "Normalized EBITDA": NaN,
        "Total Unusual Items": NaN,
        "Total Unusual Items Excluding Goodwill": NaN,
        "Net Income From Continuing Operation Net Minority Interest": NaN,
        "Reconciled Depreciation": NaN,
        "Reconciled Cost Of Revenue": NaN,
        "EBITDA": NaN,
        "EBIT": NaN,
        "Net Interest Income": NaN,
        "Interest Expense": NaN,
        "Normalized Income": NaN,
        "Net Income From Continuing And Discontinued Operation": NaN,
        "Total Expenses": NaN,
        "Total Operating Income As Reported": NaN,
        "Diluted Average Shares": NaN,
        "Basic Average Shares": NaN,
        "Diluted EPS": NaN,
        "Basic EPS": NaN,
        "Diluted NI Availto Com Stockholders": NaN,
        "Net Income Common Stockholders": NaN,
        "Net Income": NaN,
        "Minority Interests": NaN,
        "Net Income Including Noncontrolling Interests": NaN,
        "Net Income Continuous Operations": NaN,
        "Earnings From Equity Interest Net Of Tax": NaN,
        "Tax Provision": NaN,
        "Pretax Income": NaN,
        "Other Income Expense": 189000000.0,
        "Other Non Operating Income Expenses": NaN,
        "Special Income Charges": NaN,
        "Gain On Sale Of Ppe": NaN,
        "Earnings From Equity Interest": NaN,
        "Net Non Operating Interest Income Expense": NaN,
        "Interest Expense Non Operating": NaN,
        "Operating Income": NaN,
        "Operating Expense": NaN,
        "Other Operating Expenses": NaN,
        "Research And Development": NaN,
        "Selling General And Administration": NaN,
        "Gross Profit": NaN,
        "Cost Of Revenue": NaN,
        "Total Revenue": NaN,
        "Operating Revenue": NaN
    },
    "2022-12-31": {
        "Tax Effect Of Unusual Items": NaN,
        "Tax Rate For Calcs": NaN,
        "Normalized EBITDA": NaN,
        "Total Unusual Items": NaN,
        "Total Unusual Items Excluding Goodwill": NaN,
        "Net Income From Continuing Operation Net Minority Interest": NaN,
        "Reconciled Depreciation": NaN,
        "Reconciled Cost Of Revenue": NaN,
        "EBITDA": NaN,
        "EBIT": NaN,
        "Net Interest Income": NaN,
        "Interest Expense": NaN,
        "Normalized Income": NaN,
        "Net Income From Continuing And Discontinued Operation": NaN,
        "Total Expenses": NaN,
        "Total Operating Income As Reported": NaN,
        "Diluted Average Shares": NaN,
        "Basic Average Shares": NaN,
        "Diluted EPS": NaN,
        "Basic EPS": NaN,
        "Diluted NI Availto Com Stockholders": NaN,
        "Net Income Common Stockholders": NaN,
        "Net Income": NaN,
        "Minority Interests": NaN,
        "Net Income Including Noncontrolling Interests": NaN,
        "Net Income Continuous Operations": NaN,
        "Earnings From Equity Interest Net Of Tax": 0.0,
        "Tax Provision": NaN,
        "Pretax Income": NaN,
        "Other Income Expense": 3000000.0,
        "Other Non Operating Income Expenses": 3000000.0,
        "Special Income Charges": NaN,
        "Gain On Sale Of Ppe": NaN,
        "Earnings From Equity Interest": 0.0,
        "Net Non Operating Interest Income Expense": NaN,
        "Interest Expense Non Operating": NaN,
        "Operating Income": NaN,
        "Operating Expense": NaN,
        "Other Operating Expenses": NaN,
        "Research And Development": NaN,
        "Selling General And Administration": NaN,
        "Gross Profit": NaN,
        "Cost Of Revenue": NaN,
        "Total Revenue": NaN,
        "Operating Revenue": NaN
    },
    "2022-09-30": {
        "Tax Effect Of Unusual Items": NaN,
        "Tax Rate For Calcs": NaN,
        "Normalized EBITDA": NaN,
        "Total Unusual Items": NaN,
        "Total Unusual Items Excluding Goodwill": NaN,
        "Net Income From Continuing Operation Net Minority Interest": NaN,
        "Reconciled Depreciation": NaN,
        "Reconciled Cost Of Revenue": NaN,
        "EBITDA": NaN,
        "EBIT": NaN,
        "Net Interest Income": NaN,
        "Interest Expense": NaN,
        "Normalized Income": NaN,
        "Net Income From Continuing And Discontinued Operation": NaN,
        "Total Expenses": NaN,
        "Total Operating Income As Reported": NaN,
        "Diluted Average Shares": NaN,
        "Basic Average Shares": NaN,
        "Diluted EPS": NaN,
        "Basic EPS": NaN,
        "Diluted NI Availto Com Stockholders": NaN,
        "Net Income Common Stockholders": NaN,
        "Net Income": NaN,
        "Minority Interests": NaN,
        "Net Income Including Noncontrolling Interests": NaN,
        "Net Income Continuous Operations": NaN,
        "Earnings From Equity Interest Net Of Tax": 1000000.0,
        "Tax Provision": NaN,
        "Pretax Income": NaN,
        "Other Income Expense": 132000000.0,
        "Other Non Operating Income Expenses": 2000000.0,
        "Special Income Charges": NaN,
        "Gain On Sale Of Ppe": NaN,
        "Earnings From Equity Interest": 130000000.0,
        "Net Non Operating Interest Income Expense": NaN,
        "Interest Expense Non Operating": NaN,
        "Operating Income": NaN,
        "Operating Expense": NaN,
        "Other Operating Expenses": NaN,
        "Research And Development": NaN,
        "Selling General And Administration": NaN,
        "Gross Profit": NaN,
        "Cost Of Revenue": NaN,
        "Total Revenue": NaN,
        "Operating Revenue": NaN
    },
    "2022-06-30": {
        "Tax Effect Of Unusual Items": 0.0,
        "Tax Rate For Calcs": 0.26,
        "Normalized EBITDA": 627000000.0,
        "Total Unusual Items": NaN,
        "Total Unusual Items Excluding Goodwill": NaN,
        "Net Income From Continuing Operation Net Minority Interest": 343000000.0,
        "Reconciled Depreciation": 138000000.0,
        "Reconciled Cost Of Revenue": 1867000000.0,
        "EBITDA": 627000000.0,
        "EBIT": 489000000.0,
        "Net Interest Income": -26000000.0,
        "Interest Expense": 26000000.0,
        "Normalized Income": 343000000.0,
        "Net Income From Continuing And Discontinued Operation": 343000000.0,
        "Total Expenses": 2114000000.0,
        "Total Operating Income As Reported": 487000000.0,
        "Diluted Average Shares": 98400000.0,
        "Basic Average Shares": 97600000.0,
        "Diluted EPS": 3.49,
        "Basic EPS": 3.51,
        "Diluted NI Availto Com Stockholders": 343000000.0,
        "Net Income Common Stockholders": 343000000.0,
        "Net Income": 343000000.0,
        "Minority Interests": 0.0,
        "Net Income Including Noncontrolling Interests": 343000000.0,
        "Net Income Continuous Operations": 343000000.0,
        "Earnings From Equity Interest Net Of Tax": -1000000.0,
        "Tax Provision": 119000000.0,
        "Pretax Income": 463000000.0,
        "Other Income Expense": 2000000.0,
        "Other Non Operating Income Expenses": 2000000.0,
        "Special Income Charges": NaN,
        "Gain On Sale Of Ppe": NaN,
        "Earnings From Equity Interest": NaN,
        "Net Non Operating Interest Income Expense": -26000000.0,
        "Interest Expense Non Operating": 26000000.0,
        "Operating Income": 487000000.0,
        "Operating Expense": 247000000.0,
        "Other Operating Expenses": 22000000.0,
        "Research And Development": 24000000.0,
        "Selling General And Administration": 201000000.0,
        "Gross Profit": 734000000.0,
        "Cost Of Revenue": 1867000000.0,
        "Total Revenue": 2601000000.0,
        "Operating Revenue": 2601000000.0
    },
    "2023-09-30": {
        "Tax Effect Of Unusual Items": 0.0,
        "Tax Rate For Calcs": 0.25,
        "Normalized EBITDA": 623000000.0,
        "Total Unusual Items": 0.0,
        "Total Unusual Items Excluding Goodwill": 0.0,
        "Net Income From Continuing Operation Net Minority Interest": 337000000.0,
        "Reconciled Depreciation": 160000000.0,
        "Reconciled Cost Of Revenue": 1752000000.0,
        "EBITDA": 623000000.0,
        "EBIT": 463000000.0,
        "Net Interest Income": -17000000.0,
        "Interest Expense": 17000000.0,
        "Normalized Income": 337000000.0,
        "Net Income From Continuing And Discontinued Operation": 337000000.0,
        "Total Expenses": 2017000000.0,
        "Total Operating Income As Reported": 462000000.0,
        "Diluted Average Shares": 90900000.0,
        "Basic Average Shares": 90000000.0,
        "Diluted EPS": 3.71,
        "Basic EPS": 3.74,
        "Diluted NI Availto Com Stockholders": 337000000.0,
        "Net Income Common Stockholders": 337000000.0,
        "Net Income": 337000000.0,
        "Minority Interests": 0.0,
        "Net Income Including Noncontrolling Interests": 337000000.0,
        "Net Income Continuous Operations": 337000000.0,
        "Earnings From Equity Interest Net Of Tax": 1000000.0,
        "Tax Provision": 110000000.0,
        "Pretax Income": 446000000.0,
        "Other Income Expense": 1000000.0,
        "Other Non Operating Income Expenses": 1000000.0,
        "Special Income Charges": 0.0,
        "Gain On Sale Of Ppe": 0.0,
        "Earnings From Equity Interest": 0.0,
        "Net Non Operating Interest Income Expense": -17000000.0,
        "Interest Expense Non Operating": 17000000.0,
        "Operating Income": 462000000.0,
        "Operating Expense": 265000000.0,
        "Other Operating Expenses": 35000000.0,
        "Research And Development": 29000000.0,
        "Selling General And Administration": 201000000.0,
        "Gross Profit": 727000000.0,
        "Cost Of Revenue": 1752000000.0,
        "Total Revenue": 2479000000.0,
        "Operating Revenue": 2479000000.0
    },
    "2023-12-31": {
        "Tax Effect Of Unusual Items": 0.0,
        "Tax Rate For Calcs": 0.236686,
        "Normalized EBITDA": 346000000.0,
        "Total Unusual Items": 0.0,
        "Total Unusual Items Excluding Goodwill": 0.0,
        "Net Income From Continuing Operation Net Minority Interest": 131000000.0,
        "Reconciled Depreciation": 163000000.0,
        "Reconciled Cost Of Revenue": 1689000000.0,
        "EBITDA": 346000000.0,
        "EBIT": 183000000.0,
        "Net Interest Income": -14000000.0,
        "Interest Expense": 14000000.0,
        "Normalized Income": 131000000.0,
        "Net Income From Continuing And Discontinued Operation": 131000000.0,
        "Total Expenses": 1975000000.0,
        "Total Operating Income As Reported": 329000000.0,
        "Diluted Average Shares": 89500000.0,
        "Basic Average Shares": 88500000.0,
        "Diluted EPS": 1.46,
        "Basic EPS": 1.48,
        "Diluted NI Availto Com Stockholders": 131000000.0,
        "Net Income Common Stockholders": 131000000.0,
        "Net Income": 131000000.0,
        "Minority Interests": 1000000.0,
        "Net Income Including Noncontrolling Interests": 130000000.0,
        "Net Income Continuous Operations": 130000000.0,
        "Earnings From Equity Interest Net Of Tax": 1000000.0,
        "Tax Provision": 40000000.0,
        "Pretax Income": 169000000.0,
        "Other Income Expense": -146000000.0,
        "Other Non Operating Income Expenses": -146000000.0,
        "Special Income Charges": 0.0,
        "Gain On Sale Of Ppe": 0.0,
        "Earnings From Equity Interest": 0.0,
        "Net Non Operating Interest Income Expense": -14000000.0,
        "Interest Expense Non Operating": 14000000.0,
        "Operating Income": 329000000.0,
        "Operating Expense": 286000000.0,
        "Other Operating Expenses": 29000000.0,
        "Research And Development": 38000000.0,
        "Selling General And Administration": 219000000.0,
        "Gross Profit": 615000000.0,
        "Cost Of Revenue": 1689000000.0,
        "Total Revenue": 2304000000.0,
        "Operating Revenue": 2304000000.0
    },
    "2024-03-31": {
        "Tax Effect Of Unusual Items": 0.0,
        "Tax Rate For Calcs": 0.23,
        "Normalized EBITDA": 534000000.0,
        "Total Unusual Items": 0.0,
        "Total Unusual Items Excluding Goodwill": 0.0,
        "Net Income From Continuing Operation Net Minority Interest": 299000000.0,
        "Reconciled Depreciation": 131000000.0,
        "Reconciled Cost Of Revenue": 1620000000.0,
        "EBITDA": 534000000.0,
        "EBIT": 403000000.0,
        "Net Interest Income": -17000000.0,
        "Interest Expense": 17000000.0,
        "Normalized Income": 299000000.0,
        "Net Income From Continuing And Discontinued Operation": 299000000.0,
        "Total Expenses": 1897000000.0,
        "Total Operating Income As Reported": 403000000.0,
        "Diluted Average Shares": 87900000.0,
        "Basic Average Shares": 87300000.0,
        "Diluted EPS": 3.4,
        "Basic EPS": 3.42,
        "Diluted NI Availto Com Stockholders": 299000000.0,
        "Net Income Common Stockholders": 299000000.0,
        "Net Income": 299000000.0,
        "Minority Interests": 1000000.0,
        "Net Income Including Noncontrolling Interests": 298000000.0,
        "Net Income Continuous Operations": 298000000.0,
        "Earnings From Equity Interest Net Of Tax": NaN,
        "Tax Provision": 88000000.0,
        "Pretax Income": 386000000.0,
        "Other Income Expense": NaN,
        "Other Non Operating Income Expenses": NaN,
        "Special Income Charges": 0.0,
        "Gain On Sale Of Ppe": 0.0,
        "Earnings From Equity Interest": NaN,
        "Net Non Operating Interest Income Expense": -17000000.0,
        "Interest Expense Non Operating": 17000000.0,
        "Operating Income": 403000000.0,
        "Operating Expense": 277000000.0,
        "Other Operating Expenses": 34000000.0,
        "Research And Development": 31000000.0,
        "Selling General And Administration": 212000000.0,
        "Gross Profit": 680000000.0,
        "Cost Of Revenue": 1620000000.0,
        "Total Revenue": 2300000000.0,
        "Operating Revenue": 2300000000.0
    },
    "2024-06-30": {
        "Tax Effect Of Unusual Items": 0.0,
        "Tax Rate For Calcs": 0.28,
        "Normalized EBITDA": 625000000.0,
        "Total Unusual Items": 0.0,
        "Total Unusual Items Excluding Goodwill": 0.0,
        "Net Income From Continuing Operation Net Minority Interest": 285000000.0,
        "Reconciled Depreciation": 167000000.0,
        "Reconciled Cost Of Revenue": 1922000000.0,
        "EBITDA": 625000000.0,
        "EBIT": 458000000.0,
        "Net Interest Income": -64000000.0,
        "Interest Expense": 64000000.0,
        "Normalized Income": 285000000.0,
        "Net Income From Continuing And Discontinued Operation": 285000000.0,
        "Total Expenses": 2332000000.0,
        "Total Operating Income As Reported": 457000000.0,
        "Diluted Average Shares": 88000000.0,
        "Basic Average Shares": 87200000.0,
        "Diluted EPS": 3.24,
        "Basic EPS": 3.27,
        "Diluted NI Availto Com Stockholders": 285000000.0,
        "Net Income Common Stockholders": 285000000.0,
        "Net Income": 285000000.0,
        "Minority Interests": -1000000.0,
        "Net Income Including Noncontrolling Interests": 286000000.0,
        "Net Income Continuous Operations": 286000000.0,
        "Earnings From Equity Interest Net Of Tax": 2000000.0,
        "Tax Provision": 110000000.0,
        "Pretax Income": 394000000.0,
        "Other Income Expense": 1000000.0,
        "Other Non Operating Income Expenses": 1000000.0,
        "Special Income Charges": 0.0,
        "Gain On Sale Of Ppe": 0.0,
        "Earnings From Equity Interest": NaN,
        "Net Non Operating Interest Income Expense": -64000000.0,
        "Interest Expense Non Operating": 64000000.0,
        "Operating Income": 457000000.0,
        "Operating Expense": 410000000.0,
        "Other Operating Expenses": 127000000.0,
        "Research And Development": 34000000.0,
        "Selling General And Administration": 249000000.0,
        "Gross Profit": 867000000.0,
        "Cost Of Revenue": 1922000000.0,
        "Total Revenue": 2789000000.0,
        "Operating Revenue": 2789000000.0
    }
}