{
    "2023-03-31": {
        "Tax Effect Of Unusual Items": NaN,
        "Tax Rate For Calcs": NaN,
        "Normalized EBITDA": NaN,
        "Total Unusual Items": NaN,
        "Total Unusual Items Excluding Goodwill": NaN,
        "Net Income From Continuing Operation Net Minority Interest": NaN,
        "Reconciled Depreciation": NaN,
        "Reconciled Cost Of Revenue": NaN,
        "EBITDA": NaN,
        "EBIT": NaN,
        "Net Interest Income": NaN,
        "Interest Expense": 2813227.0,
        "Normalized Income": NaN,
        "Net Income From Continuing And Discontinued Operation": NaN,
        "Total Expenses": NaN,
        "Total Operating Income As Reported": NaN,
        "Diluted Average Shares": 248324.0,
        "Basic Average Shares": 248324.0,
        "Diluted EPS": -200.75,
        "Basic EPS": -200.75,
        "Diluted NI Availto Com Stockholders": NaN,
        "Net Income Common Stockholders": NaN,
        "Net Income": NaN,
        "Minority Interests": NaN,
        "Net Income Including Noncontrolling Interests": NaN,
        "Net Income Continuous Operations": NaN,
        "Tax Provision": NaN,
        "Pretax Income": NaN,
        "Other Income Expense": NaN,
        "Other Non Operating Income Expenses": NaN,
        "Special Income Charges": NaN,
        "Other Special Charges": NaN,
        "Write Off": NaN,
        "Restructuring And Mergern Acquisition": 1083686.0,
        "Gain On Sale Of Security": -43541211.0,
        "Net Non Operating Interest Income Expense": NaN,
        "Total Other Finance Cost": NaN,
        "Interest Expense Non Operating": 2813227.0,
        "Operating Income": NaN,
        "Operating Expense": NaN,
        "Selling General And Administration": NaN,
        "Gross Profit": NaN,
        "Cost Of Revenue": NaN,
        "Total Revenue": NaN,
        "Operating Revenue": NaN
    },
    "2022-12-31": {
        "Tax Effect Of Unusual Items": NaN,
        "Tax Rate For Calcs": NaN,
        "Normalized EBITDA": NaN,
        "Total Unusual Items": NaN,
        "Total Unusual Items Excluding Goodwill": NaN,
        "Net Income From Continuing Operation Net Minority Interest": NaN,
        "Reconciled Depreciation": NaN,
        "Reconciled Cost Of Revenue": NaN,
        "EBITDA": NaN,
        "EBIT": NaN,
        "Net Interest Income": NaN,
        "Interest Expense": NaN,
        "Normalized Income": NaN,
        "Net Income From Continuing And Discontinued Operation": NaN,
        "Total Expenses": NaN,
        "Total Operating Income As Reported": NaN,
        "Diluted Average Shares": NaN,
        "Basic Average Shares": NaN,
        "Diluted EPS": NaN,
        "Basic EPS": NaN,
        "Diluted NI Availto Com Stockholders": NaN,
        "Net Income Common Stockholders": NaN,
        "Net Income": NaN,
        "Minority Interests": NaN,
        "Net Income Including Noncontrolling Interests": NaN,
        "Net Income Continuous Operations": NaN,
        "Tax Provision": NaN,
        "Pretax Income": NaN,
        "Other Income Expense": NaN,
        "Other Non Operating Income Expenses": NaN,
        "Special Income Charges": NaN,
        "Other Special Charges": NaN,
        "Write Off": NaN,
        "Restructuring And Mergern Acquisition": NaN,
        "Gain On Sale Of Security": 0.0,
        "Net Non Operating Interest Income Expense": NaN,
        "Total Other Finance Cost": NaN,
        "Interest Expense Non Operating": NaN,
        "Operating Income": NaN,
        "Operating Expense": NaN,
        "Selling General And Administration": NaN,
        "Gross Profit": NaN,
        "Cost Of Revenue": NaN,
        "Total Revenue": NaN,
        "Operating Revenue": NaN
    },
    "2022-09-30": {
        "Tax Effect Of Unusual Items": NaN,
        "Tax Rate For Calcs": NaN,
        "Normalized EBITDA": NaN,
        "Total Unusual Items": NaN,
        "Total Unusual Items Excluding Goodwill": NaN,
        "Net Income From Continuing Operation Net Minority Interest": NaN,
        "Reconciled Depreciation": NaN,
        "Reconciled Cost Of Revenue": NaN,
        "EBITDA": NaN,
        "EBIT": NaN,
        "Net Interest Income": NaN,
        "Interest Expense": 5803083.0,
        "Normalized Income": NaN,
        "Net Income From Continuing And Discontinued Operation": NaN,
        "Total Expenses": NaN,
        "Total Operating Income As Reported": NaN,
        "Diluted Average Shares": 599019.0,
        "Basic Average Shares": 599019.0,
        "Diluted EPS": -58.5,
        "Basic EPS": -58.5,
        "Diluted NI Availto Com Stockholders": NaN,
        "Net Income Common Stockholders": NaN,
        "Net Income": NaN,
        "Minority Interests": NaN,
        "Net Income Including Noncontrolling Interests": NaN,
        "Net Income Continuous Operations": NaN,
        "Tax Provision": NaN,
        "Pretax Income": NaN,
        "Other Income Expense": NaN,
        "Other Non Operating Income Expenses": NaN,
        "Special Income Charges": NaN,
        "Other Special Charges": NaN,
        "Write Off": 0.0,
        "Restructuring And Mergern Acquisition": NaN,
        "Gain On Sale Of Security": -25318519.0,
        "Net Non Operating Interest Income Expense": NaN,
        "Total Other Finance Cost": 5803083.0,
        "Interest Expense Non Operating": 5803083.0,
        "Operating Income": NaN,
        "Operating Expense": NaN,
        "Selling General And Administration": NaN,
        "Gross Profit": NaN,
        "Cost Of Revenue": NaN,
        "Total Revenue": NaN,
        "Operating Revenue": NaN
    },
    "2022-06-30": {
        "Tax Effect Of Unusual Items": 0.0,
        "Tax Rate For Calcs": 0.4,
        "Normalized EBITDA": -3434032.0,
        "Total Unusual Items": NaN,
        "Total Unusual Items Excluding Goodwill": NaN,
        "Net Income From Continuing Operation Net Minority Interest": -3364449.0,
        "Reconciled Depreciation": 59192.0,
        "Reconciled Cost Of Revenue": 6546875.0,
        "EBITDA": -3434032.0,
        "EBIT": -3493224.0,
        "Net Interest Income": 454.0,
        "Interest Expense": NaN,
        "Interest Income": 454.0,
        "Normalized Income": -3364449.0,
        "Net Income From Continuing And Discontinued Operation": -3364449.0,
        "Total Expenses": 10839183.0,
        "Total Operating Income As Reported": -3493224.0,
        "Diluted Average Shares": 436304.0,
        "Basic Average Shares": 436304.0,
        "Diluted EPS": -7.71,
        "Basic EPS": -7.71,
        "Diluted NI Availto Com Stockholders": -3364449.0,
        "Net Income Common Stockholders": -3364449.0,
        "Net Income": -3364449.0,
        "Minority Interests": 92308.0,
        "Net Income Including Noncontrolling Interests": -3456757.0,
        "Net Income Continuous Operations": -3456757.0,
        "Tax Provision": 17000.0,
        "Pretax Income": -3439757.0,
        "Other Income Expense": 53013.0,
        "Other Non Operating Income Expenses": 53013.0,
        "Special Income Charges": NaN,
        "Write Off": NaN,
        "Gain On Sale Of Security": NaN,
        "Net Non Operating Interest Income Expense": 454.0,
        "Interest Expense Non Operating": NaN,
        "Interest Income Non Operating": 454.0,
        "Operating Income": -3493224.0,
        "Operating Expense": 4292308.0,
        "Selling General And Administration": 4292308.0,
        "Gross Profit": 799084.0,
        "Cost Of Revenue": 6546875.0,
        "Total Revenue": 7345959.0,
        "Operating Revenue": 7345959.0
    },
    "2022-03-31": {
        "Diluted EPS": -101.04,
        "Total Revenue": 4,
        "Gross Profit": 1,
        "Operating Income": -1,
        "EBIT": -1,
        "Net Income": -1
    },
    "2021-12-31": {
        "Diluted EPS": NaN,
        "Total Revenue": 2,
        "Gross Profit": 1,
        "Operating Income": -1,
        "EBIT": -1,
        "Net Income": -1
    },
    "2021-09-30": {
        "Diluted EPS": NaN,
        "Total Revenue": 2,
        "Gross Profit": 1,
        "Operating Income": 0,
        "EBIT": 0,
        "Net Income": 1
    },
    "2021-06-30": {
        "Diluted EPS": -5.5,
        "Total Revenue": 2,
        "Gross Profit": 1,
        "Operating Income": 0,
        "EBIT": 0,
        "Net Income": 0
    },
    "2021-03-31": {
        "Diluted EPS": -145.0,
        "Total Revenue": 2,
        "Gross Profit": 0,
        "Operating Income": 0,
        "EBIT": 0,
        "Net Income": 0
    },
    "2023-06-30": {
        "Tax Effect Of Unusual Items": 0.0,
        "Tax Rate For Calcs": 0.0,
        "Normalized EBITDA": 2410037.0,
        "Total Unusual Items": -3964038.0,
        "Total Unusual Items Excluding Goodwill": -3964038.0,
        "Net Income From Continuing Operation Net Minority Interest": -8853248.0,
        "Reconciled Depreciation": 633661.0,
        "Reconciled Cost Of Revenue": 18017259.0,
        "EBITDA": -1554001.0,
        "EBIT": -2187662.0,
        "Net Interest Income": -2736333.0,
        "Interest Expense": 2736333.0,
        "Normalized Income": -4889210.0,
        "Net Income From Continuing And Discontinued Operation": -8853248.0,
        "Total Expenses": 22734815.0,
        "Total Operating Income As Reported": -2764096.0,
        "Diluted Average Shares": 499333.0,
        "Basic Average Shares": 499333.0,
        "Diluted EPS": -17.7,
        "Basic EPS": -17.7,
        "Diluted NI Availto Com Stockholders": -8853248.0,
        "Net Income Common Stockholders": -8853248.0,
        "Net Income": -8853248.0,
        "Minority Interests": 0.0,
        "Net Income Including Noncontrolling Interests": -8853248.0,
        "Net Income Continuous Operations": -8853248.0,
        "Tax Provision": 0.0,
        "Pretax Income": -8853248.0,
        "Other Income Expense": -3929253.0,
        "Other Non Operating Income Expenses": 34785.0,
        "Special Income Charges": -576434.0,
        "Other Special Charges": NaN,
        "Write Off": 292748.0,
        "Restructuring And Mergern Acquisition": 283686.0,
        "Gain On Sale Of Security": -3387604.0,
        "Net Non Operating Interest Income Expense": -2736333.0,
        "Total Other Finance Cost": 2736333.0,
        "Interest Expense Non Operating": 2736333.0,
        "Operating Income": -2187662.0,
        "Operating Expense": 4717556.0,
        "Selling General And Administration": 4717556.0,
        "Gross Profit": 2529894.0,
        "Cost Of Revenue": 18017259.0,
        "Total Revenue": 20547153.0,
        "Operating Revenue": 20547153.0
    },
    "2023-09-30": {
        "Tax Effect Of Unusual Items": 0.0,
        "Tax Rate For Calcs": 0.0,
        "Normalized EBITDA": -43293.0,
        "Total Unusual Items": 0.0,
        "Total Unusual Items Excluding Goodwill": 0.0,
        "Net Income From Continuing Operation Net Minority Interest": -3453150.0,
        "Reconciled Depreciation": 644250.0,
        "Reconciled Cost Of Revenue": 20587284.0,
        "EBITDA": -43293.0,
        "EBIT": -687543.0,
        "Net Interest Income": -2795169.0,
        "Interest Expense": NaN,
        "Normalized Income": -3453150.0,
        "Net Income From Continuing And Discontinued Operation": -3453150.0,
        "Total Expenses": 24022131.0,
        "Total Operating Income As Reported": -687543.0,
        "Diluted Average Shares": 696852.0,
        "Basic Average Shares": 696852.0,
        "Diluted EPS": -4.95,
        "Basic EPS": -4.95,
        "Diluted NI Availto Com Stockholders": -3453150.0,
        "Net Income Common Stockholders": -3453150.0,
        "Net Income": -3453150.0,
        "Minority Interests": 0.0,
        "Net Income Including Noncontrolling Interests": -3453150.0,
        "Net Income Continuous Operations": -3453150.0,
        "Tax Provision": 0.0,
        "Pretax Income": -3453150.0,
        "Other Income Expense": 29562.0,
        "Other Non Operating Income Expenses": 29562.0,
        "Special Income Charges": 0.0,
        "Other Special Charges": NaN,
        "Write Off": 0.0,
        "Restructuring And Mergern Acquisition": NaN,
        "Gain On Sale Of Security": NaN,
        "Net Non Operating Interest Income Expense": -2795169.0,
        "Total Other Finance Cost": 2795169.0,
        "Interest Expense Non Operating": NaN,
        "Operating Income": -687543.0,
        "Operating Expense": 3434847.0,
        "Selling General And Administration": 3434847.0,
        "Gross Profit": 2747304.0,
        "Cost Of Revenue": 20587284.0,
        "Total Revenue": 23334588.0,
        "Operating Revenue": 23334588.0
    },
    "2023-12-31": {
        "Tax Effect Of Unusual Items": 0.0,
        "Tax Rate For Calcs": 0.0,
        "Normalized EBITDA": -47095818.0,
        "Total Unusual Items": -1841234.0,
        "Total Unusual Items Excluding Goodwill": -1841234.0,
        "Net Income From Continuing Operation Net Minority Interest": -6162851.0,
        "Reconciled Depreciation": 1140543.0,
        "Reconciled Cost Of Revenue": 14129857.0,
        "EBITDA": -48937052.0,
        "EBIT": -50077595.0,
        "Net Interest Income": -3208860.0,
        "Interest Expense": NaN,
        "Normalized Income": -4321617.0,
        "Net Income From Continuing And Discontinued Operation": -6162851.0,
        "Total Expenses": 16679988.0,
        "Total Operating Income As Reported": -2995194.0,
        "Diluted Average Shares": NaN,
        "Basic Average Shares": NaN,
        "Diluted EPS": NaN,
        "Basic EPS": NaN,
        "Diluted NI Availto Com Stockholders": -6162851.0,
        "Net Income Common Stockholders": -6162851.0,
        "Net Income": -6162851.0,
        "Minority Interests": 25.0,
        "Net Income Including Noncontrolling Interests": -6162876.0,
        "Net Income Continuous Operations": -6162876.0,
        "Tax Provision": 0.0,
        "Pretax Income": -6162876.0,
        "Other Income Expense": -1800056.0,
        "Other Non Operating Income Expenses": 41178.0,
        "Special Income Charges": -1841234.0,
        "Other Special Charges": NaN,
        "Write Off": NaN,
        "Restructuring And Mergern Acquisition": NaN,
        "Gain On Sale Of Security": 0.0,
        "Net Non Operating Interest Income Expense": -3208860.0,
        "Total Other Finance Cost": NaN,
        "Interest Expense Non Operating": NaN,
        "Operating Income": -1153960.0,
        "Operating Expense": 2550131.0,
        "Selling General And Administration": 2550131.0,
        "Gross Profit": 1396171.0,
        "Cost Of Revenue": 14129857.0,
        "Total Revenue": 15526028.0,
        "Operating Revenue": 15526028.0
    },
    "2024-03-31": {
        "Tax Effect Of Unusual Items": 0.0,
        "Tax Rate For Calcs": 0.0,
        "Normalized EBITDA": -939632.0,
        "Total Unusual Items": 4685162.0,
        "Total Unusual Items Excluding Goodwill": 4685162.0,
        "Net Income From Continuing Operation Net Minority Interest": 1940975.0,
        "Reconciled Depreciation": 605796.0,
        "Reconciled Cost Of Revenue": 7734058.0,
        "EBITDA": 3745530.0,
        "EBIT": 3139734.0,
        "Net Interest Income": -1198771.0,
        "Interest Expense": 1198771.0,
        "Normalized Income": -2744187.0,
        "Net Income From Continuing And Discontinued Operation": 1940975.0,
        "Total Expenses": 11196017.0,
        "Total Operating Income As Reported": -2991035.0,
        "Diluted Average Shares": 1369176.0,
        "Basic Average Shares": 997839.0,
        "Diluted EPS": 1.4,
        "Basic EPS": 1.95,
        "Diluted NI Availto Com Stockholders": 1940975.0,
        "Net Income Common Stockholders": 1940975.0,
        "Net Income": 1940975.0,
        "Minority Interests": 12.0,
        "Net Income Including Noncontrolling Interests": 1940963.0,
        "Net Income Continuous Operations": 1940963.0,
        "Tax Provision": 0.0,
        "Pretax Income": 1940963.0,
        "Other Income Expense": 4715931.0,
        "Other Non Operating Income Expenses": 30769.0,
        "Special Income Charges": 4685162.0,
        "Other Special Charges": -6100000.0,
        "Write Off": NaN,
        "Restructuring And Mergern Acquisition": 1414838.0,
        "Gain On Sale Of Security": NaN,
        "Net Non Operating Interest Income Expense": -1198771.0,
        "Total Other Finance Cost": NaN,
        "Interest Expense Non Operating": 1198771.0,
        "Operating Income": -1576197.0,
        "Operating Expense": 3461959.0,
        "Selling General And Administration": 3461959.0,
        "Gross Profit": 1885762.0,
        "Cost Of Revenue": 7734058.0,
        "Total Revenue": 9619820.0,
        "Operating Revenue": 9619820.0
    },
    "2024-06-30": {
        "Tax Effect Of Unusual Items": 0.0,
        "Tax Rate For Calcs": 0.0,
        "Normalized EBITDA": -8497969.0,
        "Total Unusual Items": 7427193.0,
        "Total Unusual Items Excluding Goodwill": 7427193.0,
        "Net Income From Continuing Operation Net Minority Interest": 4448892.0,
        "Reconciled Depreciation": 612634.0,
        "Reconciled Cost Of Revenue": 5239202.0,
        "EBITDA": -1070776.0,
        "EBIT": -1683410.0,
        "Net Interest Income": -1323594.0,
        "Interest Expense": NaN,
        "Normalized Income": -2978301.0,
        "Net Income From Continuing And Discontinued Operation": 4448892.0,
        "Total Expenses": 8700423.0,
        "Total Operating Income As Reported": -1683410.0,
        "Diluted Average Shares": 2073363.0,
        "Basic Average Shares": 1745996.0,
        "Diluted EPS": 2.15,
        "Basic EPS": 2.55,
        "Diluted NI Availto Com Stockholders": 4448892.0,
        "Net Income Common Stockholders": 4448892.0,
        "Net Income": 4448892.0,
        "Minority Interests": 0.0,
        "Net Income Including Noncontrolling Interests": 4448892.0,
        "Net Income Continuous Operations": 4448892.0,
        "Tax Provision": 0.0,
        "Pretax Income": 4448892.0,
        "Other Income Expense": 7455896.0,
        "Other Non Operating Income Expenses": 28703.0,
        "Special Income Charges": 7427193.0,
        "Other Special Charges": -7427193.0,
        "Write Off": 0.0,
        "Restructuring And Mergern Acquisition": 0.0,
        "Gain On Sale Of Security": NaN,
        "Net Non Operating Interest Income Expense": -1323594.0,
        "Total Other Finance Cost": 1323594.0,
        "Interest Expense Non Operating": NaN,
        "Operating Income": -1683410.0,
        "Operating Expense": 3461221.0,
        "Selling General And Administration": 3461221.0,
        "Gross Profit": 1777811.0,
        "Cost Of Revenue": 5239202.0,
        "Total Revenue": 7017013.0,
        "Operating Revenue": 7017013.0
    }
}