{
    "2023-03-31": {
        "Tax Effect Of Unusual Items": NaN,
        "Tax Rate For Calcs": NaN,
        "Normalized EBITDA": NaN,
        "Total Unusual Items": NaN,
        "Total Unusual Items Excluding Goodwill": NaN,
        "Net Income From Continuing Operation Net Minority Interest": NaN,
        "Reconciled Depreciation": NaN,
        "Reconciled Cost Of Revenue": NaN,
        "EBITDA": NaN,
        "EBIT": NaN,
        "Net Interest Income": NaN,
        "Interest Expense": NaN,
        "Interest Income": NaN,
        "Normalized Income": NaN,
        "Net Income From Continuing And Discontinued Operation": NaN,
        "Total Expenses": NaN,
        "Total Operating Income As Reported": NaN,
        "Diluted Average Shares": NaN,
        "Basic Average Shares": NaN,
        "Diluted EPS": NaN,
        "Basic EPS": NaN,
        "Diluted NI Availto Com Stockholders": NaN,
        "Average Dilution Earnings": NaN,
        "Net Income Common Stockholders": NaN,
        "Net Income": NaN,
        "Net Income Including Noncontrolling Interests": NaN,
        "Net Income Continuous Operations": NaN,
        "Pretax Income": NaN,
        "Other Income Expense": NaN,
        "Other Non Operating Income Expenses": -1000.0,
        "Special Income Charges": NaN,
        "Other Special Charges": NaN,
        "Gain On Sale Of Security": NaN,
        "Net Non Operating Interest Income Expense": NaN,
        "Interest Expense Non Operating": NaN,
        "Interest Income Non Operating": NaN,
        "Operating Income": NaN,
        "Operating Expense": NaN,
        "Research And Development": NaN,
        "Selling General And Administration": NaN,
        "Selling And Marketing Expense": NaN,
        "General And Administrative Expense": NaN,
        "Other Gand A": NaN,
        "Salaries And Wages": NaN,
        "Gross Profit": NaN,
        "Cost Of Revenue": NaN,
        "Total Revenue": NaN,
        "Operating Revenue": NaN
    },
    "2022-12-31": {
        "Tax Effect Of Unusual Items": NaN,
        "Tax Rate For Calcs": NaN,
        "Normalized EBITDA": NaN,
        "Total Unusual Items": NaN,
        "Total Unusual Items Excluding Goodwill": NaN,
        "Net Income From Continuing Operation Net Minority Interest": NaN,
        "Reconciled Depreciation": NaN,
        "Reconciled Cost Of Revenue": NaN,
        "EBITDA": NaN,
        "EBIT": NaN,
        "Net Interest Income": NaN,
        "Interest Expense": NaN,
        "Interest Income": NaN,
        "Normalized Income": NaN,
        "Net Income From Continuing And Discontinued Operation": NaN,
        "Total Expenses": NaN,
        "Total Operating Income As Reported": NaN,
        "Diluted Average Shares": NaN,
        "Basic Average Shares": NaN,
        "Diluted EPS": NaN,
        "Basic EPS": NaN,
        "Diluted NI Availto Com Stockholders": NaN,
        "Average Dilution Earnings": -4072000.0,
        "Net Income Common Stockholders": NaN,
        "Net Income": NaN,
        "Net Income Including Noncontrolling Interests": NaN,
        "Net Income Continuous Operations": NaN,
        "Pretax Income": NaN,
        "Other Income Expense": NaN,
        "Other Non Operating Income Expenses": 0.0,
        "Special Income Charges": NaN,
        "Other Special Charges": NaN,
        "Gain On Sale Of Security": NaN,
        "Net Non Operating Interest Income Expense": NaN,
        "Interest Expense Non Operating": NaN,
        "Interest Income Non Operating": NaN,
        "Operating Income": NaN,
        "Operating Expense": NaN,
        "Research And Development": NaN,
        "Selling General And Administration": NaN,
        "Selling And Marketing Expense": NaN,
        "General And Administrative Expense": NaN,
        "Other Gand A": NaN,
        "Salaries And Wages": NaN,
        "Gross Profit": NaN,
        "Cost Of Revenue": NaN,
        "Total Revenue": NaN,
        "Operating Revenue": NaN
    },
    "2022-09-30": {
        "Tax Effect Of Unusual Items": NaN,
        "Tax Rate For Calcs": NaN,
        "Normalized EBITDA": NaN,
        "Total Unusual Items": NaN,
        "Total Unusual Items Excluding Goodwill": NaN,
        "Net Income From Continuing Operation Net Minority Interest": NaN,
        "Reconciled Depreciation": NaN,
        "Reconciled Cost Of Revenue": NaN,
        "EBITDA": NaN,
        "EBIT": NaN,
        "Net Interest Income": NaN,
        "Interest Expense": NaN,
        "Interest Income": NaN,
        "Normalized Income": NaN,
        "Net Income From Continuing And Discontinued Operation": NaN,
        "Total Expenses": NaN,
        "Total Operating Income As Reported": NaN,
        "Diluted Average Shares": NaN,
        "Basic Average Shares": NaN,
        "Diluted EPS": NaN,
        "Basic EPS": NaN,
        "Diluted NI Availto Com Stockholders": NaN,
        "Average Dilution Earnings": NaN,
        "Net Income Common Stockholders": NaN,
        "Net Income": NaN,
        "Net Income Including Noncontrolling Interests": NaN,
        "Net Income Continuous Operations": NaN,
        "Pretax Income": NaN,
        "Other Income Expense": NaN,
        "Other Non Operating Income Expenses": 1000.0,
        "Special Income Charges": 0.0,
        "Other Special Charges": NaN,
        "Gain On Sale Of Security": NaN,
        "Net Non Operating Interest Income Expense": NaN,
        "Interest Expense Non Operating": NaN,
        "Interest Income Non Operating": NaN,
        "Operating Income": NaN,
        "Operating Expense": NaN,
        "Research And Development": NaN,
        "Selling General And Administration": NaN,
        "Selling And Marketing Expense": NaN,
        "General And Administrative Expense": NaN,
        "Other Gand A": NaN,
        "Salaries And Wages": NaN,
        "Gross Profit": NaN,
        "Cost Of Revenue": NaN,
        "Total Revenue": NaN,
        "Operating Revenue": NaN
    },
    "2022-06-30": {
        "Tax Effect Of Unusual Items": 0.0,
        "Tax Rate For Calcs": 0.0,
        "Normalized EBITDA": -19291000.0,
        "Total Unusual Items": 2773000.0,
        "Total Unusual Items Excluding Goodwill": 2773000.0,
        "Net Income From Continuing Operation Net Minority Interest": -18766000.0,
        "Reconciled Depreciation": 552000.0,
        "Reconciled Cost Of Revenue": 1155000.0,
        "EBITDA": -16518000.0,
        "EBIT": -17070000.0,
        "Net Interest Income": -1623000.0,
        "Interest Expense": 1696000.0,
        "Interest Income": 73000.0,
        "Normalized Income": -21539000.0,
        "Net Income From Continuing And Discontinued Operation": -18766000.0,
        "Total Expenses": 32182000.0,
        "Total Operating Income As Reported": -19916000.0,
        "Diluted Average Shares": 82533528.0,
        "Basic Average Shares": 76764296.0,
        "Diluted EPS": -0.25,
        "Basic EPS": -0.24,
        "Diluted NI Availto Com Stockholders": -20398000.0,
        "Average Dilution Earnings": -1632000.0,
        "Net Income Common Stockholders": -18766000.0,
        "Net Income": -18766000.0,
        "Net Income Including Noncontrolling Interests": -18766000.0,
        "Net Income Continuous Operations": -18766000.0,
        "Pretax Income": -18766000.0,
        "Other Income Expense": 2773000.0,
        "Other Non Operating Income Expenses": NaN,
        "Gain On Sale Of Security": 2773000.0,
        "Net Non Operating Interest Income Expense": -1623000.0,
        "Interest Expense Non Operating": 1696000.0,
        "Interest Income Non Operating": 73000.0,
        "Operating Income": -19916000.0,
        "Operating Expense": 31027000.0,
        "Research And Development": 13100000.0,
        "Selling General And Administration": 17927000.0,
        "Selling And Marketing Expense": 10140000.0,
        "General And Administrative Expense": 7787000.0,
        "Other Gand A": 3267000.0,
        "Salaries And Wages": 4520000.0,
        "Gross Profit": 11111000.0,
        "Cost Of Revenue": 1155000.0,
        "Total Revenue": 12266000.0,
        "Operating Revenue": 12266000.0
    },
    "2022-03-31": {
        "Diluted EPS": -0.22,
        "Total Revenue": 13,
        "Gross Profit": 12,
        "Operating Income": -18,
        "EBIT": -17,
        "Net Income": -13
    },
    "2021-12-31": {
        "Diluted EPS": -0.26,
        "Total Revenue": 12,
        "Gross Profit": 11,
        "Operating Income": -18,
        "EBIT": -17,
        "Net Income": -4
    },
    "2021-09-30": {
        "Diluted EPS": -0.23,
        "Total Revenue": 12,
        "Gross Profit": 11,
        "Operating Income": -20,
        "EBIT": -19,
        "Net Income": 3
    },
    "2021-06-30": {
        "Diluted EPS": -0.25,
        "Total Revenue": 12,
        "Gross Profit": 11,
        "Operating Income": -20,
        "EBIT": -20,
        "Net Income": -8
    },
    "2021-03-31": {
        "Diluted EPS": -0.24,
        "Total Revenue": 7,
        "Gross Profit": 6,
        "Operating Income": -20,
        "EBIT": -20,
        "Net Income": 3
    },
    "2020-12-31": {
        "Diluted EPS": -1.3,
        "Total Revenue": 7,
        "Gross Profit": 7,
        "Operating Income": -14,
        "EBIT": -14,
        "Net Income": -86
    },
    "2020-09-30": {
        "Diluted EPS": -0.21,
        "Total Revenue": 6,
        "Gross Profit": 5,
        "Operating Income": -14,
        "EBIT": -13,
        "Net Income": -12
    },
    "2020-06-30": {
        "Diluted EPS": -0.64,
        "Total Revenue": 2,
        "Gross Profit": 1,
        "Operating Income": -18,
        "EBIT": -17,
        "Net Income": -37
    },
    "2020-03-31": {
        "Diluted EPS": -0.41,
        "Total Revenue": 3,
        "Gross Profit": 2,
        "Operating Income": -17,
        "EBIT": -16,
        "Net Income": -22
    },
    "2019-12-31": {
        "Diluted EPS": -0.44,
        "Total Revenue": 2,
        "Gross Profit": 1,
        "Operating Income": -21,
        "EBIT": -21,
        "Net Income": -26
    },
    "2019-09-30": {
        "Diluted EPS": -0.45,
        "Total Revenue": 1,
        "Gross Profit": 0,
        "Operating Income": -23,
        "EBIT": -23,
        "Net Income": -19
    },
    "2019-06-30": {
        "Diluted EPS": -0.57,
        "Total Revenue": 1,
        "Gross Profit": 0,
        "Operating Income": -22,
        "EBIT": -21,
        "Net Income": -24
    },
    "2019-03-31": {
        "Diluted EPS": -0.45,
        "Total Revenue": 0,
        "Gross Profit": 0,
        "Operating Income": -20,
        "EBIT": -19,
        "Net Income": -17
    },
    "2018-12-31": {
        "Diluted EPS": -0.42,
        "Total Revenue": 1,
        "Gross Profit": 0,
        "Operating Income": -17,
        "EBIT": -17,
        "Net Income": -17
    },
    "2018-09-30": {
        "Diluted EPS": -0.38,
        "Total Revenue": 0,
        "Gross Profit": 0,
        "Operating Income": -15,
        "EBIT": -14,
        "Net Income": -15
    },
    "2018-06-30": {
        "Diluted EPS": -0.37,
        "Total Revenue": 1,
        "Gross Profit": 0,
        "Operating Income": -14,
        "EBIT": -13,
        "Net Income": -14
    },
    "2018-03-31": {
        "Diluted EPS": -0.4,
        "Total Revenue": 0,
        "Gross Profit": 0,
        "Operating Income": -13,
        "EBIT": -13,
        "Net Income": -14
    },
    "2017-12-31": {
        "Diluted EPS": -0.44,
        "Total Revenue": 0,
        "Gross Profit": 0,
        "Operating Income": -13,
        "EBIT": -12,
        "Net Income": -13
    },
    "2017-09-30": {
        "Diluted EPS": -0.54,
        "Total Revenue": 1,
        "Gross Profit": 0,
        "Operating Income": -15,
        "EBIT": -15,
        "Net Income": -16
    },
    "2017-06-30": {
        "Diluted EPS": -0.64,
        "Total Revenue": 0,
        "Gross Profit": 0,
        "Operating Income": -18,
        "EBIT": -18,
        "Net Income": -19
    },
    "2017-03-31": {
        "Diluted EPS": -0.58,
        "Total Revenue": 0,
        "Gross Profit": 0,
        "Operating Income": -16,
        "EBIT": -15,
        "Net Income": -16
    },
    "2016-12-31": {
        "Diluted EPS": -0.51,
        "Total Revenue": 1,
        "Gross Profit": 0,
        "Operating Income": -12,
        "EBIT": -12,
        "Net Income": -13
    },
    "2016-09-30": {
        "Diluted EPS": -0.39,
        "Total Revenue": 0,
        "Gross Profit": 0,
        "Operating Income": -9,
        "EBIT": -9,
        "Net Income": -10
    },
    "2016-06-30": {
        "Diluted EPS": -0.46,
        "Total Revenue": 0,
        "Gross Profit": 0,
        "Operating Income": -11,
        "EBIT": -11,
        "Net Income": -11
    },
    "2016-03-31": {
        "Diluted EPS": -0.44,
        "Total Revenue": 0,
        "Gross Profit": 0,
        "Operating Income": -11,
        "EBIT": -10,
        "Net Income": -11
    },
    "2015-12-31": {
        "Diluted EPS": -0.44,
        "Total Revenue": 0,
        "Gross Profit": 0,
        "Operating Income": -10,
        "EBIT": -10,
        "Net Income": -11
    },
    "2015-09-30": {
        "Diluted EPS": -0.47,
        "Total Revenue": 0,
        "Gross Profit": 0,
        "Operating Income": -11,
        "EBIT": -11,
        "Net Income": -12
    },
    "2015-06-30": {
        "Diluted EPS": -0.45,
        "Total Revenue": 0,
        "Gross Profit": 0,
        "Operating Income": -10,
        "EBIT": -9,
        "Net Income": -10
    },
    "2015-03-31": {
        "Diluted EPS": -0.35,
        "Total Revenue": 0,
        "Gross Profit": 0,
        "Operating Income": -7,
        "EBIT": -7,
        "Net Income": -8
    },
    "2014-12-31": {
        "Diluted EPS": 2.34,
        "Total Revenue": 1,
        "Gross Profit": 0,
        "Operating Income": -8,
        "EBIT": -7,
        "Net Income": -8
    },
    "2014-09-30": {
        "Diluted EPS": -0.48,
        "Total Revenue": 0,
        "Gross Profit": 0,
        "Operating Income": -7,
        "EBIT": -7,
        "Net Income": -7
    },
    "2014-06-30": {
        "Diluted EPS": -2.1,
        "Total Revenue": 0,
        "Gross Profit": 0,
        "Operating Income": -6,
        "EBIT": -6,
        "Net Income": -6
    },
    "2014-03-31": {
        "Diluted EPS": -2.45,
        "Total Revenue": 0,
        "Gross Profit": 0,
        "Operating Income": -7,
        "EBIT": -7,
        "Net Income": -7
    },
    "2013-12-31": {
        "Diluted EPS": 0.0,
        "Total Revenue": NaN,
        "Gross Profit": NaN,
        "Operating Income": NaN,
        "EBIT": NaN,
        "Net Income": NaN
    },
    "2013-09-30": {
        "Diluted EPS": -1.34,
        "Total Revenue": NaN,
        "Gross Profit": NaN,
        "Operating Income": -3,
        "EBIT": -3,
        "Net Income": -4
    },
    "2013-06-30": {
        "Diluted EPS": -1.19,
        "Total Revenue": NaN,
        "Gross Profit": NaN,
        "Operating Income": -3,
        "EBIT": -3,
        "Net Income": -3
    },
    "2012-12-31": {
        "Diluted EPS": 0.0,
        "Total Revenue": NaN,
        "Gross Profit": NaN,
        "Operating Income": NaN,
        "EBIT": NaN,
        "Net Income": NaN
    },
    "2023-06-30": {
        "Tax Effect Of Unusual Items": NaN,
        "Tax Rate For Calcs": NaN,
        "Normalized EBITDA": NaN,
        "Total Unusual Items": NaN,
        "Total Unusual Items Excluding Goodwill": NaN,
        "Net Income From Continuing Operation Net Minority Interest": NaN,
        "Reconciled Depreciation": NaN,
        "Reconciled Cost Of Revenue": NaN,
        "EBITDA": NaN,
        "EBIT": NaN,
        "Net Interest Income": NaN,
        "Interest Expense": NaN,
        "Interest Income": NaN,
        "Normalized Income": NaN,
        "Net Income From Continuing And Discontinued Operation": NaN,
        "Total Expenses": NaN,
        "Total Operating Income As Reported": NaN,
        "Diluted Average Shares": 78047705.0,
        "Basic Average Shares": 78047705.0,
        "Diluted EPS": -0.26,
        "Basic EPS": -0.26,
        "Diluted NI Availto Com Stockholders": NaN,
        "Average Dilution Earnings": NaN,
        "Net Income Common Stockholders": NaN,
        "Net Income": NaN,
        "Net Income Including Noncontrolling Interests": NaN,
        "Net Income Continuous Operations": NaN,
        "Pretax Income": NaN,
        "Other Income Expense": NaN,
        "Other Non Operating Income Expenses": NaN,
        "Special Income Charges": NaN,
        "Other Special Charges": NaN,
        "Gain On Sale Of Security": NaN,
        "Net Non Operating Interest Income Expense": NaN,
        "Interest Expense Non Operating": NaN,
        "Interest Income Non Operating": NaN,
        "Operating Income": NaN,
        "Operating Expense": NaN,
        "Research And Development": NaN,
        "Selling General And Administration": NaN,
        "Selling And Marketing Expense": NaN,
        "General And Administrative Expense": NaN,
        "Other Gand A": NaN,
        "Salaries And Wages": NaN,
        "Gross Profit": NaN,
        "Cost Of Revenue": NaN,
        "Total Revenue": NaN,
        "Operating Revenue": NaN
    },
    "2023-09-30": {
        "Tax Effect Of Unusual Items": 0.0,
        "Tax Rate For Calcs": 0.0,
        "Normalized EBITDA": -17112000.0,
        "Total Unusual Items": 20912000.0,
        "Total Unusual Items Excluding Goodwill": 20912000.0,
        "Net Income From Continuing Operation Net Minority Interest": -516000.0,
        "Reconciled Depreciation": 890000.0,
        "Reconciled Cost Of Revenue": 1377000.0,
        "EBITDA": 3800000.0,
        "EBIT": 2910000.0,
        "Net Interest Income": -2214000.0,
        "Interest Expense": 3426000.0,
        "Interest Income": 1212000.0,
        "Normalized Income": -21428000.0,
        "Net Income From Continuing And Discontinued Operation": -516000.0,
        "Total Expenses": 34295000.0,
        "Total Operating Income As Reported": -19214000.0,
        "Diluted Average Shares": 85142504.0,
        "Basic Average Shares": 79373272.0,
        "Diluted EPS": -0.25,
        "Basic EPS": -0.01,
        "Diluted NI Availto Com Stockholders": -21563000.0,
        "Average Dilution Earnings": -21047000.0,
        "Net Income Common Stockholders": -516000.0,
        "Net Income": -516000.0,
        "Net Income Including Noncontrolling Interests": -516000.0,
        "Net Income Continuous Operations": -516000.0,
        "Pretax Income": -516000.0,
        "Other Income Expense": 20912000.0,
        "Other Non Operating Income Expenses": NaN,
        "Special Income Charges": 14190000.0,
        "Other Special Charges": -14190000.0,
        "Gain On Sale Of Security": 6722000.0,
        "Net Non Operating Interest Income Expense": -2214000.0,
        "Interest Expense Non Operating": 3426000.0,
        "Interest Income Non Operating": 1212000.0,
        "Operating Income": -19214000.0,
        "Operating Expense": 32918000.0,
        "Research And Development": 15019000.0,
        "Selling General And Administration": 17899000.0,
        "Selling And Marketing Expense": 1009000.0,
        "General And Administrative Expense": 16890000.0,
        "Other Gand A": 4986000.0,
        "Salaries And Wages": 11904000.0,
        "Gross Profit": 13704000.0,
        "Cost Of Revenue": 1377000.0,
        "Total Revenue": 15081000.0,
        "Operating Revenue": 15081000.0
    },
    "2023-12-31": {
        "Tax Effect Of Unusual Items": 0.0,
        "Tax Rate For Calcs": 0.0,
        "Normalized EBITDA": -17633000.0,
        "Total Unusual Items": -6478000.0,
        "Total Unusual Items Excluding Goodwill": -6478000.0,
        "Net Income From Continuing Operation Net Minority Interest": -29220000.0,
        "Reconciled Depreciation": 958000.0,
        "Reconciled Cost Of Revenue": 1386000.0,
        "EBITDA": -24111000.0,
        "EBIT": -25069000.0,
        "Net Interest Income": -2692000.0,
        "Interest Expense": 4151000.0,
        "Interest Income": 1459000.0,
        "Normalized Income": -22742000.0,
        "Net Income From Continuing And Discontinued Operation": -29220000.0,
        "Total Expenses": 34851000.0,
        "Total Operating Income As Reported": -20050000.0,
        "Diluted Average Shares": NaN,
        "Basic Average Shares": NaN,
        "Diluted EPS": NaN,
        "Basic EPS": NaN,
        "Diluted NI Availto Com Stockholders": -22066000.0,
        "Average Dilution Earnings": 7154000.0,
        "Net Income Common Stockholders": -29220000.0,
        "Net Income": -29220000.0,
        "Net Income Including Noncontrolling Interests": -29220000.0,
        "Net Income Continuous Operations": -29220000.0,
        "Pretax Income": -29220000.0,
        "Other Income Expense": -6478000.0,
        "Other Non Operating Income Expenses": 0.0,
        "Special Income Charges": 0.0,
        "Other Special Charges": 0.0,
        "Gain On Sale Of Security": -6478000.0,
        "Net Non Operating Interest Income Expense": -2692000.0,
        "Interest Expense Non Operating": 4151000.0,
        "Interest Income Non Operating": 1459000.0,
        "Operating Income": -20050000.0,
        "Operating Expense": 33465000.0,
        "Research And Development": 16195000.0,
        "Selling General And Administration": 17270000.0,
        "Selling And Marketing Expense": -26476000.0,
        "General And Administrative Expense": 43746000.0,
        "Other Gand A": 11411000.0,
        "Salaries And Wages": 32335000.0,
        "Gross Profit": 13415000.0,
        "Cost Of Revenue": 1386000.0,
        "Total Revenue": 14801000.0,
        "Operating Revenue": 14801000.0
    },
    "2024-03-31": {
        "Tax Effect Of Unusual Items": 0.0,
        "Tax Rate For Calcs": 0.0,
        "Normalized EBITDA": -26775000.0,
        "Total Unusual Items": -33102000.0,
        "Total Unusual Items Excluding Goodwill": -33102000.0,
        "Net Income From Continuing Operation Net Minority Interest": -64848000.0,
        "Reconciled Depreciation": 920000.0,
        "Reconciled Cost Of Revenue": 1326000.0,
        "EBITDA": -59877000.0,
        "EBIT": -60797000.0,
        "Net Interest Income": -129000.0,
        "Interest Expense": 4051000.0,
        "Interest Income": 3922000.0,
        "Normalized Income": -31746000.0,
        "Net Income From Continuing And Discontinued Operation": -64848000.0,
        "Total Expenses": 46391000.0,
        "Total Operating Income As Reported": -31617000.0,
        "Diluted Average Shares": 132021945.0,
        "Basic Average Shares": 132021945.0,
        "Diluted EPS": -0.49,
        "Basic EPS": -0.49,
        "Diluted NI Availto Com Stockholders": -64848000.0,
        "Average Dilution Earnings": NaN,
        "Net Income Common Stockholders": -64848000.0,
        "Net Income": -64848000.0,
        "Net Income Including Noncontrolling Interests": -64848000.0,
        "Net Income Continuous Operations": -64848000.0,
        "Pretax Income": -64848000.0,
        "Other Income Expense": -33102000.0,
        "Other Non Operating Income Expenses": NaN,
        "Special Income Charges": -27950000.0,
        "Other Special Charges": 27950000.0,
        "Gain On Sale Of Security": -5152000.0,
        "Net Non Operating Interest Income Expense": -129000.0,
        "Interest Expense Non Operating": 4051000.0,
        "Interest Income Non Operating": 3922000.0,
        "Operating Income": -31617000.0,
        "Operating Expense": 45065000.0,
        "Research And Development": 20735000.0,
        "Selling General And Administration": 24330000.0,
        "Selling And Marketing Expense": 1267000.0,
        "General And Administrative Expense": 23063000.0,
        "Other Gand A": 5953000.0,
        "Salaries And Wages": 17110000.0,
        "Gross Profit": 13448000.0,
        "Cost Of Revenue": 1326000.0,
        "Total Revenue": 14774000.0,
        "Operating Revenue": 14774000.0
    },
    "2024-06-30": {
        "Tax Effect Of Unusual Items": 0.0,
        "Tax Rate For Calcs": 0.0,
        "Normalized EBITDA": -36598000.0,
        "Total Unusual Items": -3027000.0,
        "Total Unusual Items Excluding Goodwill": -3027000.0,
        "Net Income From Continuing Operation Net Minority Interest": -43777000.0,
        "Reconciled Depreciation": 956000.0,
        "Reconciled Cost Of Revenue": 1509000.0,
        "EBITDA": -39625000.0,
        "EBIT": -40581000.0,
        "Net Interest Income": 2840000.0,
        "Interest Expense": 3196000.0,
        "Interest Income": 6036000.0,
        "Normalized Income": -40750000.0,
        "Net Income From Continuing And Discontinued Operation": -43777000.0,
        "Total Expenses": 60031000.0,
        "Total Operating Income As Reported": -43590000.0,
        "Diluted Average Shares": 165824778.0,
        "Basic Average Shares": 165824778.0,
        "Diluted EPS": -0.26,
        "Basic EPS": -0.26,
        "Diluted NI Availto Com Stockholders": -43777000.0,
        "Average Dilution Earnings": NaN,
        "Net Income Common Stockholders": -43777000.0,
        "Net Income": -43777000.0,
        "Net Income Including Noncontrolling Interests": -43777000.0,
        "Net Income Continuous Operations": -43777000.0,
        "Pretax Income": -43777000.0,
        "Other Income Expense": -3027000.0,
        "Other Non Operating Income Expenses": NaN,
        "Special Income Charges": 0.0,
        "Other Special Charges": NaN,
        "Gain On Sale Of Security": -3027000.0,
        "Net Non Operating Interest Income Expense": 2840000.0,
        "Interest Expense Non Operating": 3196000.0,
        "Interest Income Non Operating": 6036000.0,
        "Operating Income": -43590000.0,
        "Operating Expense": 58522000.0,
        "Research And Development": 28857000.0,
        "Selling General And Administration": 29665000.0,
        "Selling And Marketing Expense": 1278000.0,
        "General And Administrative Expense": 28387000.0,
        "Other Gand A": 7022000.0,
        "Salaries And Wages": 21365000.0,
        "Gross Profit": 14932000.0,
        "Cost Of Revenue": 1509000.0,
        "Total Revenue": 16441000.0,
        "Operating Revenue": 16441000.0
    },
    "2024-09-30": {
        "Tax Effect Of Unusual Items": 0.0,
        "Tax Rate For Calcs": 0.0,
        "Normalized EBITDA": -39386000.0,
        "Total Unusual Items": 7076000.0,
        "Total Unusual Items Excluding Goodwill": 7076000.0,
        "Net Income From Continuing Operation Net Minority Interest": -36493000.0,
        "Reconciled Depreciation": 959000.0,
        "Reconciled Cost Of Revenue": 1561000.0,
        "EBITDA": -32310000.0,
        "EBIT": -33269000.0,
        "Net Interest Income": 2429000.0,
        "Interest Expense": 3224000.0,
        "Interest Income": 5653000.0,
        "Normalized Income": -43569000.0,
        "Net Income From Continuing And Discontinued Operation": -36493000.0,
        "Total Expenses": 61423000.0,
        "Total Operating Income As Reported": -45998000.0,
        "Diluted Average Shares": 166992735.0,
        "Basic Average Shares": 166992735.0,
        "Diluted EPS": -0.22,
        "Basic EPS": -0.22,
        "Diluted NI Availto Com Stockholders": -36493000.0,
        "Average Dilution Earnings": NaN,
        "Net Income Common Stockholders": -36493000.0,
        "Net Income": -36493000.0,
        "Net Income Including Noncontrolling Interests": -36493000.0,
        "Net Income Continuous Operations": -36493000.0,
        "Pretax Income": -36493000.0,
        "Other Income Expense": 7076000.0,
        "Other Non Operating Income Expenses": NaN,
        "Special Income Charges": 0.0,
        "Other Special Charges": NaN,
        "Gain On Sale Of Security": 7076000.0,
        "Net Non Operating Interest Income Expense": 2429000.0,
        "Interest Expense Non Operating": 3224000.0,
        "Interest Income Non Operating": 5653000.0,
        "Operating Income": -45998000.0,
        "Operating Expense": 59862000.0,
        "Research And Development": 37054000.0,
        "Selling General And Administration": 22808000.0,
        "Selling And Marketing Expense": 1251000.0,
        "General And Administrative Expense": 21557000.0,
        "Other Gand A": 8082000.0,
        "Salaries And Wages": 13475000.0,
        "Gross Profit": 13864000.0,
        "Cost Of Revenue": 1561000.0,
        "Total Revenue": 15425000.0,
        "Operating Revenue": 15425000.0
    }
}