{
    "2023-03-31": {
        "Tax Effect Of Unusual Items": NaN,
        "Tax Rate For Calcs": NaN,
        "Normalized EBITDA": NaN,
        "Total Unusual Items": NaN,
        "Total Unusual Items Excluding Goodwill": NaN,
        "Net Income From Continuing Operation Net Minority Interest": NaN,
        "Reconciled Depreciation": NaN,
        "Reconciled Cost Of Revenue": NaN,
        "EBITDA": NaN,
        "EBIT": NaN,
        "Net Interest Income": NaN,
        "Interest Expense": 11000.0,
        "Normalized Income": NaN,
        "Net Income From Continuing And Discontinued Operation": NaN,
        "Total Expenses": NaN,
        "Total Operating Income As Reported": NaN,
        "Diluted Average Shares": 5963000.0,
        "Basic Average Shares": 5963000.0,
        "Diluted EPS": 0.4,
        "Basic EPS": 0.4,
        "Diluted NI Availto Com Stockholders": NaN,
        "Net Income Common Stockholders": NaN,
        "Otherunder Preferred Stock Dividend": 406000.0,
        "Preferred Stock Dividends": 230000.0,
        "Net Income": NaN,
        "Net Income Including Noncontrolling Interests": NaN,
        "Net Income Discontinuous Operations": NaN,
        "Net Income Continuous Operations": NaN,
        "Tax Provision": 0.0,
        "Pretax Income": NaN,
        "Other Income Expense": NaN,
        "Other Non Operating Income Expenses": NaN,
        "Special Income Charges": NaN,
        "Gain On Sale Of Ppe": -1283000.0,
        "Write Off": 1283000.0,
        "Impairment Of Capital Assets": NaN,
        "Restructuring And Mergern Acquisition": NaN,
        "Earnings From Equity Interest": NaN,
        "Gain On Sale Of Security": 121000.0,
        "Net Non Operating Interest Income Expense": NaN,
        "Total Other Finance Cost": NaN,
        "Interest Expense Non Operating": 11000.0,
        "Operating Income": NaN,
        "Operating Expense": NaN,
        "Research And Development": NaN,
        "Selling General And Administration": NaN,
        "Selling And Marketing Expense": NaN,
        "General And Administrative Expense": NaN,
        "Other Gand A": NaN,
        "Insurance And Claims": NaN,
        "Salaries And Wages": NaN,
        "Gross Profit": NaN,
        "Cost Of Revenue": NaN,
        "Total Revenue": NaN,
        "Operating Revenue": NaN
    },
    "2022-12-31": {
        "Tax Effect Of Unusual Items": NaN,
        "Tax Rate For Calcs": NaN,
        "Normalized EBITDA": NaN,
        "Total Unusual Items": NaN,
        "Total Unusual Items Excluding Goodwill": NaN,
        "Net Income From Continuing Operation Net Minority Interest": NaN,
        "Reconciled Depreciation": NaN,
        "Reconciled Cost Of Revenue": NaN,
        "EBITDA": NaN,
        "EBIT": NaN,
        "Net Interest Income": NaN,
        "Interest Expense": 12000.0,
        "Normalized Income": NaN,
        "Net Income From Continuing And Discontinued Operation": NaN,
        "Total Expenses": NaN,
        "Total Operating Income As Reported": NaN,
        "Diluted Average Shares": NaN,
        "Basic Average Shares": NaN,
        "Diluted EPS": NaN,
        "Basic EPS": NaN,
        "Diluted NI Availto Com Stockholders": NaN,
        "Net Income Common Stockholders": NaN,
        "Otherunder Preferred Stock Dividend": 226000.0,
        "Preferred Stock Dividends": NaN,
        "Net Income": NaN,
        "Net Income Including Noncontrolling Interests": NaN,
        "Net Income Discontinuous Operations": NaN,
        "Net Income Continuous Operations": NaN,
        "Tax Provision": 0.0,
        "Pretax Income": NaN,
        "Other Income Expense": NaN,
        "Other Non Operating Income Expenses": NaN,
        "Special Income Charges": NaN,
        "Gain On Sale Of Ppe": NaN,
        "Write Off": NaN,
        "Impairment Of Capital Assets": NaN,
        "Restructuring And Mergern Acquisition": NaN,
        "Earnings From Equity Interest": 0.0,
        "Gain On Sale Of Security": 14000.0,
        "Net Non Operating Interest Income Expense": NaN,
        "Total Other Finance Cost": NaN,
        "Interest Expense Non Operating": 12000.0,
        "Operating Income": NaN,
        "Operating Expense": NaN,
        "Research And Development": NaN,
        "Selling General And Administration": NaN,
        "Selling And Marketing Expense": NaN,
        "General And Administrative Expense": NaN,
        "Other Gand A": NaN,
        "Insurance And Claims": NaN,
        "Salaries And Wages": NaN,
        "Gross Profit": NaN,
        "Cost Of Revenue": NaN,
        "Total Revenue": NaN,
        "Operating Revenue": NaN
    },
    "2022-09-30": {
        "Tax Effect Of Unusual Items": NaN,
        "Tax Rate For Calcs": NaN,
        "Normalized EBITDA": NaN,
        "Total Unusual Items": NaN,
        "Total Unusual Items Excluding Goodwill": NaN,
        "Net Income From Continuing Operation Net Minority Interest": NaN,
        "Reconciled Depreciation": NaN,
        "Reconciled Cost Of Revenue": NaN,
        "EBITDA": NaN,
        "EBIT": NaN,
        "Net Interest Income": NaN,
        "Interest Expense": 14000.0,
        "Normalized Income": NaN,
        "Net Income From Continuing And Discontinued Operation": NaN,
        "Total Expenses": NaN,
        "Total Operating Income As Reported": NaN,
        "Diluted Average Shares": 5931000.0,
        "Basic Average Shares": 5931000.0,
        "Diluted EPS": -1.62,
        "Basic EPS": -1.62,
        "Diluted NI Availto Com Stockholders": NaN,
        "Net Income Common Stockholders": NaN,
        "Otherunder Preferred Stock Dividend": 222000.0,
        "Preferred Stock Dividends": NaN,
        "Net Income": NaN,
        "Net Income Including Noncontrolling Interests": NaN,
        "Net Income Discontinuous Operations": NaN,
        "Net Income Continuous Operations": NaN,
        "Tax Provision": 0.0,
        "Pretax Income": NaN,
        "Other Income Expense": NaN,
        "Other Non Operating Income Expenses": NaN,
        "Special Income Charges": NaN,
        "Gain On Sale Of Ppe": 0.0,
        "Write Off": NaN,
        "Impairment Of Capital Assets": NaN,
        "Restructuring And Mergern Acquisition": NaN,
        "Earnings From Equity Interest": 0.0,
        "Gain On Sale Of Security": NaN,
        "Net Non Operating Interest Income Expense": NaN,
        "Total Other Finance Cost": 14000.0,
        "Interest Expense Non Operating": 14000.0,
        "Operating Income": NaN,
        "Operating Expense": NaN,
        "Research And Development": NaN,
        "Selling General And Administration": NaN,
        "Selling And Marketing Expense": NaN,
        "General And Administrative Expense": NaN,
        "Other Gand A": NaN,
        "Insurance And Claims": NaN,
        "Salaries And Wages": NaN,
        "Gross Profit": NaN,
        "Cost Of Revenue": NaN,
        "Total Revenue": NaN,
        "Operating Revenue": NaN
    },
    "2022-06-30": {
        "Tax Effect Of Unusual Items": 0.0,
        "Tax Rate For Calcs": 0.0,
        "Normalized EBITDA": -14643000.0,
        "Total Unusual Items": 6364000.0,
        "Total Unusual Items Excluding Goodwill": 6364000.0,
        "Net Income From Continuing Operation Net Minority Interest": -8300000.0,
        "Reconciled Depreciation": 1360000.0,
        "Reconciled Cost Of Revenue": 2381000.0,
        "EBITDA": -8279000.0,
        "EBIT": -8279000.0,
        "Net Interest Income": -21000.0,
        "Interest Expense": 21000.0,
        "Normalized Income": -14664000.0,
        "Net Income From Continuing And Discontinued Operation": -8300000.0,
        "Total Expenses": 16988000.0,
        "Total Operating Income As Reported": -8562000.0,
        "Diluted Average Shares": 5652000.0,
        "Basic Average Shares": 5652000.0,
        "Diluted EPS": -1.48,
        "Basic EPS": -1.48,
        "Diluted NI Availto Com Stockholders": -8300000.0,
        "Net Income Common Stockholders": -8300000.0,
        "Otherunder Preferred Stock Dividend": 43000.0,
        "Preferred Stock Dividends": 29000.0,
        "Net Income": -8300000.0,
        "Net Income Including Noncontrolling Interests": -8300000.0,
        "Net Income Discontinuous Operations": NaN,
        "Net Income Continuous Operations": -8300000.0,
        "Tax Provision": 0.0,
        "Pretax Income": -8300000.0,
        "Other Income Expense": 6642000.0,
        "Other Non Operating Income Expenses": 278000.0,
        "Special Income Charges": 6359000.0,
        "Gain On Sale Of Ppe": NaN,
        "Impairment Of Capital Assets": NaN,
        "Restructuring And Mergern Acquisition": -6359000.0,
        "Earnings From Equity Interest": 0.0,
        "Gain On Sale Of Security": 5000.0,
        "Net Non Operating Interest Income Expense": -21000.0,
        "Total Other Finance Cost": NaN,
        "Interest Expense Non Operating": 21000.0,
        "Operating Income": -14921000.0,
        "Operating Expense": 14607000.0,
        "Research And Development": 5574000.0,
        "Selling General And Administration": 9033000.0,
        "Selling And Marketing Expense": 3522000.0,
        "General And Administrative Expense": 5511000.0,
        "Other Gand A": 5511000.0,
        "Insurance And Claims": NaN,
        "Salaries And Wages": 5962000.0,
        "Gross Profit": -314000.0,
        "Cost Of Revenue": 2381000.0,
        "Total Revenue": 2067000.0,
        "Operating Revenue": 2067000.0
    },
    "2022-03-31": {
        "Diluted EPS": -0.11,
        "Total Revenue": 0,
        "Gross Profit": 0,
        "Operating Income": -3,
        "EBIT": -2,
        "Net Income": -10
    },
    "2021-12-31": {
        "Diluted EPS": -0.4,
        "Total Revenue": -2,
        "Gross Profit": 3,
        "Operating Income": -15,
        "EBIT": -14,
        "Net Income": -36
    },
    "2021-09-30": {
        "Diluted EPS": -0.15,
        "Total Revenue": 1,
        "Gross Profit": -1,
        "Operating Income": -14,
        "EBIT": -12,
        "Net Income": -14
    },
    "2021-06-30": {
        "Diluted EPS": -0.12,
        "Total Revenue": 2,
        "Gross Profit": 0,
        "Operating Income": -14,
        "EBIT": -12,
        "Net Income": -10
    },
    "2021-03-31": {
        "Diluted EPS": -0.05,
        "Total Revenue": 1,
        "Gross Profit": 0,
        "Operating Income": -11,
        "EBIT": -11,
        "Net Income": -4
    },
    "2020-12-31": {
        "Diluted EPS": -0.09,
        "Total Revenue": 1,
        "Gross Profit": 0,
        "Operating Income": -6,
        "EBIT": -7,
        "Net Income": -6
    },
    "2020-09-30": {
        "Diluted EPS": -0.1,
        "Total Revenue": 1,
        "Gross Profit": 0,
        "Operating Income": -6,
        "EBIT": -5,
        "Net Income": -7
    },
    "2020-06-30": {
        "Diluted EPS": -0.14,
        "Total Revenue": 0,
        "Gross Profit": 0,
        "Operating Income": -9,
        "EBIT": -9,
        "Net Income": -9
    },
    "2020-03-31": {
        "Diluted EPS": -0.13,
        "Total Revenue": 0,
        "Gross Profit": 0,
        "Operating Income": -8,
        "EBIT": -8,
        "Net Income": -8
    },
    "2019-12-31": {
        "Diluted EPS": -0.16,
        "Total Revenue": NaN,
        "Gross Profit": NaN,
        "Operating Income": -8,
        "EBIT": -7,
        "Net Income": -8
    },
    "2019-09-30": {
        "Diluted EPS": -0.1,
        "Total Revenue": NaN,
        "Gross Profit": NaN,
        "Operating Income": -5,
        "EBIT": -5,
        "Net Income": -5
    },
    "2019-06-30": {
        "Diluted EPS": -0.1,
        "Total Revenue": NaN,
        "Gross Profit": NaN,
        "Operating Income": -5,
        "EBIT": -5,
        "Net Income": -5
    },
    "2019-03-31": {
        "Diluted EPS": -0.08,
        "Total Revenue": NaN,
        "Gross Profit": NaN,
        "Operating Income": -4,
        "EBIT": -4,
        "Net Income": -4
    },
    "2018-12-31": {
        "Diluted EPS": -0.11,
        "Total Revenue": NaN,
        "Gross Profit": NaN,
        "Operating Income": -4,
        "EBIT": -4,
        "Net Income": -5
    },
    "2018-09-30": {
        "Diluted EPS": -0.07,
        "Total Revenue": NaN,
        "Gross Profit": NaN,
        "Operating Income": -3,
        "EBIT": -3,
        "Net Income": -3
    },
    "2018-06-30": {
        "Diluted EPS": -0.12,
        "Total Revenue": NaN,
        "Gross Profit": NaN,
        "Operating Income": -4,
        "EBIT": -3,
        "Net Income": -5
    },
    "2018-03-31": {
        "Diluted EPS": -0.12,
        "Total Revenue": NaN,
        "Gross Profit": NaN,
        "Operating Income": -4,
        "EBIT": -4,
        "Net Income": -4
    },
    "2017-12-31": {
        "Diluted EPS": -0.13,
        "Total Revenue": NaN,
        "Gross Profit": NaN,
        "Operating Income": -4,
        "EBIT": -4,
        "Net Income": -4
    },
    "2017-09-30": {
        "Diluted EPS": -0.22,
        "Total Revenue": NaN,
        "Gross Profit": NaN,
        "Operating Income": -7,
        "EBIT": -7,
        "Net Income": -7
    },
    "2017-06-30": {
        "Diluted EPS": -0.13,
        "Total Revenue": NaN,
        "Gross Profit": NaN,
        "Operating Income": -4,
        "EBIT": -3,
        "Net Income": -4
    },
    "2017-03-31": {
        "Diluted EPS": -0.16,
        "Total Revenue": NaN,
        "Gross Profit": NaN,
        "Operating Income": -5,
        "EBIT": -4,
        "Net Income": -5
    },
    "2016-12-31": {
        "Diluted EPS": -0.1,
        "Total Revenue": NaN,
        "Gross Profit": NaN,
        "Operating Income": -3,
        "EBIT": -3,
        "Net Income": -3
    },
    "2016-09-30": {
        "Diluted EPS": -0.1,
        "Total Revenue": NaN,
        "Gross Profit": NaN,
        "Operating Income": -3,
        "EBIT": -2,
        "Net Income": -3
    },
    "2016-06-30": {
        "Diluted EPS": -0.1,
        "Total Revenue": NaN,
        "Gross Profit": NaN,
        "Operating Income": -3,
        "EBIT": -2,
        "Net Income": -3
    },
    "2016-03-31": {
        "Diluted EPS": -0.12,
        "Total Revenue": NaN,
        "Gross Profit": NaN,
        "Operating Income": -3,
        "EBIT": -3,
        "Net Income": -3
    },
    "2015-12-31": {
        "Diluted EPS": -0.14,
        "Total Revenue": NaN,
        "Gross Profit": NaN,
        "Operating Income": -4,
        "EBIT": -3,
        "Net Income": -4
    },
    "2015-09-30": {
        "Diluted EPS": -0.12,
        "Total Revenue": NaN,
        "Gross Profit": NaN,
        "Operating Income": -2,
        "EBIT": -2,
        "Net Income": -2
    },
    "2015-06-30": {
        "Diluted EPS": -0.07,
        "Total Revenue": NaN,
        "Gross Profit": NaN,
        "Operating Income": -1,
        "EBIT": -1,
        "Net Income": -1
    },
    "2015-03-31": {
        "Diluted EPS": -0.08,
        "Total Revenue": NaN,
        "Gross Profit": NaN,
        "Operating Income": -1,
        "EBIT": -1,
        "Net Income": -1
    },
    "2014-12-31": {
        "Diluted EPS": 0.0,
        "Total Revenue": NaN,
        "Gross Profit": NaN,
        "Operating Income": NaN,
        "EBIT": NaN,
        "Net Income": NaN
    },
    "2013-12-31": {
        "Diluted EPS": 0.0,
        "Total Revenue": NaN,
        "Gross Profit": NaN,
        "Operating Income": NaN,
        "EBIT": NaN,
        "Net Income": NaN
    },
    "2023-06-30": {
        "Tax Effect Of Unusual Items": 0.0,
        "Tax Rate For Calcs": 0.0,
        "Normalized EBITDA": -5562000.0,
        "Total Unusual Items": -2300000.0,
        "Total Unusual Items Excluding Goodwill": -2300000.0,
        "Net Income From Continuing Operation Net Minority Interest": -8333000.0,
        "Reconciled Depreciation": 457000.0,
        "Reconciled Cost Of Revenue": 191000.0,
        "EBITDA": -7862000.0,
        "EBIT": -8319000.0,
        "Net Interest Income": -14000.0,
        "Interest Expense": 14000.0,
        "Normalized Income": -6033000.0,
        "Net Income From Continuing And Discontinued Operation": -8333000.0,
        "Total Expenses": 6481000.0,
        "Total Operating Income As Reported": -8294000.0,
        "Diluted Average Shares": 8090000.0,
        "Basic Average Shares": 8090000.0,
        "Diluted EPS": -1.07,
        "Basic EPS": -1.07,
        "Diluted NI Availto Com Stockholders": -8644000.0,
        "Net Income Common Stockholders": -8644000.0,
        "Otherunder Preferred Stock Dividend": 193000.0,
        "Preferred Stock Dividends": 118000.0,
        "Net Income": -8333000.0,
        "Net Income Including Noncontrolling Interests": -8333000.0,
        "Net Income Discontinuous Operations": 0.0,
        "Net Income Continuous Operations": -8333000.0,
        "Tax Provision": NaN,
        "Pretax Income": -8333000.0,
        "Other Income Expense": -2301000.0,
        "Other Non Operating Income Expenses": -1000.0,
        "Special Income Charges": -2276000.0,
        "Gain On Sale Of Ppe": 0.0,
        "Write Off": 0.0,
        "Impairment Of Capital Assets": 0.0,
        "Restructuring And Mergern Acquisition": 2276000.0,
        "Earnings From Equity Interest": NaN,
        "Gain On Sale Of Security": -24000.0,
        "Net Non Operating Interest Income Expense": -14000.0,
        "Total Other Finance Cost": -1000.0,
        "Interest Expense Non Operating": 14000.0,
        "Operating Income": -6018000.0,
        "Operating Expense": 6290000.0,
        "Research And Development": 2435000.0,
        "Selling General And Administration": 3855000.0,
        "Selling And Marketing Expense": 81000.0,
        "General And Administrative Expense": 3774000.0,
        "Other Gand A": 1163000.0,
        "Insurance And Claims": 611000.0,
        "Salaries And Wages": 2000000.0,
        "Gross Profit": 272000.0,
        "Cost Of Revenue": 191000.0,
        "Total Revenue": 463000.0,
        "Operating Revenue": 463000.0
    },
    "2023-09-30": {
        "Tax Effect Of Unusual Items": 0.0,
        "Tax Rate For Calcs": 0.0,
        "Normalized EBITDA": -3212000.0,
        "Total Unusual Items": -1482000.0,
        "Total Unusual Items Excluding Goodwill": -1482000.0,
        "Net Income From Continuing Operation Net Minority Interest": -6489000.0,
        "Reconciled Depreciation": 426000.0,
        "Reconciled Cost Of Revenue": 181000.0,
        "EBITDA": -4694000.0,
        "EBIT": -5120000.0,
        "Net Interest Income": 117000.0,
        "Interest Expense": NaN,
        "Normalized Income": -5007000.0,
        "Net Income From Continuing And Discontinued Operation": -6489000.0,
        "Total Expenses": 5549000.0,
        "Total Operating Income As Reported": -6513000.0,
        "Diluted Average Shares": 8256000.0,
        "Basic Average Shares": 8256000.0,
        "Diluted EPS": -0.81,
        "Basic EPS": -0.81,
        "Diluted NI Availto Com Stockholders": -6687000.0,
        "Net Income Common Stockholders": -6687000.0,
        "Otherunder Preferred Stock Dividend": NaN,
        "Preferred Stock Dividends": 198000.0,
        "Net Income": -6489000.0,
        "Net Income Including Noncontrolling Interests": -6489000.0,
        "Net Income Discontinuous Operations": 0.0,
        "Net Income Continuous Operations": -6489000.0,
        "Tax Provision": NaN,
        "Pretax Income": -6489000.0,
        "Other Income Expense": -1486000.0,
        "Other Non Operating Income Expenses": -4000.0,
        "Special Income Charges": -1393000.0,
        "Gain On Sale Of Ppe": 0.0,
        "Write Off": NaN,
        "Impairment Of Capital Assets": 1811000.0,
        "Restructuring And Mergern Acquisition": -418000.0,
        "Earnings From Equity Interest": NaN,
        "Gain On Sale Of Security": -89000.0,
        "Net Non Operating Interest Income Expense": 117000.0,
        "Total Other Finance Cost": -117000.0,
        "Interest Expense Non Operating": NaN,
        "Operating Income": -5120000.0,
        "Operating Expense": 5368000.0,
        "Research And Development": 2185000.0,
        "Selling General And Administration": 3183000.0,
        "Selling And Marketing Expense": 77000.0,
        "General And Administrative Expense": 3106000.0,
        "Other Gand A": 918000.0,
        "Insurance And Claims": 630000.0,
        "Salaries And Wages": 1558000.0,
        "Gross Profit": 248000.0,
        "Cost Of Revenue": 181000.0,
        "Total Revenue": 429000.0,
        "Operating Revenue": 429000.0
    },
    "2023-12-31": {
        "Tax Effect Of Unusual Items": 0.0,
        "Tax Rate For Calcs": 0.0,
        "Normalized EBITDA": 4077000.0,
        "Total Unusual Items": -11193000.0,
        "Total Unusual Items Excluding Goodwill": -11193000.0,
        "Net Income From Continuing Operation Net Minority Interest": -15992000.0,
        "Reconciled Depreciation": 325000.0,
        "Reconciled Cost Of Revenue": 431000.0,
        "EBITDA": -7116000.0,
        "EBIT": -7441000.0,
        "Net Interest Income": -160000.0,
        "Interest Expense": NaN,
        "Normalized Income": -4799000.0,
        "Net Income From Continuing And Discontinued Operation": -15992000.0,
        "Total Expenses": 5369000.0,
        "Total Operating Income As Reported": -16179000.0,
        "Diluted Average Shares": NaN,
        "Basic Average Shares": NaN,
        "Diluted EPS": NaN,
        "Basic EPS": NaN,
        "Diluted NI Availto Com Stockholders": -16195000.0,
        "Net Income Common Stockholders": -16195000.0,
        "Otherunder Preferred Stock Dividend": NaN,
        "Preferred Stock Dividends": 203000.0,
        "Net Income": -15992000.0,
        "Net Income Including Noncontrolling Interests": -15992000.0,
        "Net Income Discontinuous Operations": 0.0,
        "Net Income Continuous Operations": -15992000.0,
        "Tax Provision": NaN,
        "Pretax Income": -15992000.0,
        "Other Income Expense": -10777000.0,
        "Other Non Operating Income Expenses": 416000.0,
        "Special Income Charges": -11124000.0,
        "Gain On Sale Of Ppe": 0.0,
        "Write Off": NaN,
        "Impairment Of Capital Assets": -4000.0,
        "Restructuring And Mergern Acquisition": 11128000.0,
        "Earnings From Equity Interest": NaN,
        "Gain On Sale Of Security": -69000.0,
        "Net Non Operating Interest Income Expense": -160000.0,
        "Total Other Finance Cost": NaN,
        "Interest Expense Non Operating": NaN,
        "Operating Income": -5055000.0,
        "Operating Expense": 4938000.0,
        "Research And Development": 2547000.0,
        "Selling General And Administration": 2391000.0,
        "Selling And Marketing Expense": 107000.0,
        "General And Administrative Expense": 2284000.0,
        "Other Gand A": 443000.0,
        "Insurance And Claims": 672000.0,
        "Salaries And Wages": 1169000.0,
        "Gross Profit": -117000.0,
        "Cost Of Revenue": 431000.0,
        "Total Revenue": 314000.0,
        "Operating Revenue": 314000.0
    },
    "2024-03-31": {
        "Tax Effect Of Unusual Items": 0.0,
        "Tax Rate For Calcs": 0.0,
        "Normalized EBITDA": -5298000.0,
        "Total Unusual Items": -3481000.0,
        "Total Unusual Items Excluding Goodwill": -3481000.0,
        "Net Income From Continuing Operation Net Minority Interest": -9129000.0,
        "Reconciled Depreciation": 335000.0,
        "Reconciled Cost Of Revenue": 274000.0,
        "EBITDA": -8779000.0,
        "EBIT": -9114000.0,
        "Net Interest Income": -15000.0,
        "Interest Expense": 15000.0,
        "Normalized Income": -5648000.0,
        "Net Income From Continuing And Discontinued Operation": -9129000.0,
        "Total Expenses": 5962000.0,
        "Total Operating Income As Reported": -9267000.0,
        "Diluted Average Shares": 8264000.0,
        "Basic Average Shares": 8264000.0,
        "Diluted EPS": -1.13,
        "Basic EPS": -1.13,
        "Diluted NI Availto Com Stockholders": -9335000.0,
        "Net Income Common Stockholders": -9335000.0,
        "Otherunder Preferred Stock Dividend": 0.0,
        "Preferred Stock Dividends": 206000.0,
        "Net Income": -9129000.0,
        "Net Income Including Noncontrolling Interests": -9129000.0,
        "Net Income Discontinuous Operations": 0.0,
        "Net Income Continuous Operations": -9129000.0,
        "Tax Provision": 0.0,
        "Pretax Income": -9129000.0,
        "Other Income Expense": -3328000.0,
        "Other Non Operating Income Expenses": 153000.0,
        "Special Income Charges": -3481000.0,
        "Gain On Sale Of Ppe": NaN,
        "Write Off": 169000.0,
        "Impairment Of Capital Assets": 0.0,
        "Restructuring And Mergern Acquisition": 3312000.0,
        "Earnings From Equity Interest": NaN,
        "Gain On Sale Of Security": NaN,
        "Net Non Operating Interest Income Expense": -15000.0,
        "Total Other Finance Cost": NaN,
        "Interest Expense Non Operating": 15000.0,
        "Operating Income": -5786000.0,
        "Operating Expense": 5688000.0,
        "Research And Development": 2169000.0,
        "Selling General And Administration": 3519000.0,
        "Selling And Marketing Expense": 84000.0,
        "General And Administrative Expense": 3435000.0,
        "Other Gand A": 1088000.0,
        "Insurance And Claims": 507000.0,
        "Salaries And Wages": 1840000.0,
        "Gross Profit": -98000.0,
        "Cost Of Revenue": 274000.0,
        "Total Revenue": 176000.0,
        "Operating Revenue": 176000.0
    },
    "2024-06-30": {
        "Tax Effect Of Unusual Items": 0.0,
        "Tax Rate For Calcs": 0.0,
        "Normalized EBITDA": -5227000.0,
        "Total Unusual Items": 1031000.0,
        "Total Unusual Items Excluding Goodwill": 1031000.0,
        "Net Income From Continuing Operation Net Minority Interest": -4530000.0,
        "Reconciled Depreciation": 326000.0,
        "Reconciled Cost Of Revenue": 54000.0,
        "EBITDA": -4196000.0,
        "EBIT": -4522000.0,
        "Net Interest Income": -8000.0,
        "Interest Expense": 8000.0,
        "Normalized Income": -5561000.0,
        "Net Income From Continuing And Discontinued Operation": -4530000.0,
        "Total Expenses": 5767000.0,
        "Total Operating Income As Reported": -4632000.0,
        "Diluted Average Shares": 12870000.0,
        "Basic Average Shares": 12870000.0,
        "Diluted EPS": -0.36,
        "Basic EPS": -0.36,
        "Diluted NI Availto Com Stockholders": -4587000.0,
        "Net Income Common Stockholders": -4587000.0,
        "Otherunder Preferred Stock Dividend": 57000.0,
        "Preferred Stock Dividends": NaN,
        "Net Income": -4530000.0,
        "Net Income Including Noncontrolling Interests": -4530000.0,
        "Net Income Discontinuous Operations": 0.0,
        "Net Income Continuous Operations": -4530000.0,
        "Tax Provision": NaN,
        "Pretax Income": -4530000.0,
        "Other Income Expense": 1141000.0,
        "Other Non Operating Income Expenses": 110000.0,
        "Special Income Charges": 1031000.0,
        "Gain On Sale Of Ppe": NaN,
        "Write Off": 0.0,
        "Impairment Of Capital Assets": 0.0,
        "Restructuring And Mergern Acquisition": -1031000.0,
        "Earnings From Equity Interest": NaN,
        "Gain On Sale Of Security": NaN,
        "Net Non Operating Interest Income Expense": -8000.0,
        "Total Other Finance Cost": NaN,
        "Interest Expense Non Operating": 8000.0,
        "Operating Income": -5663000.0,
        "Operating Expense": 5713000.0,
        "Research And Development": 2453000.0,
        "Selling General And Administration": 3260000.0,
        "Selling And Marketing Expense": 147000.0,
        "General And Administrative Expense": 3113000.0,
        "Other Gand A": 1057000.0,
        "Insurance And Claims": 367000.0,
        "Salaries And Wages": 1689000.0,
        "Gross Profit": 50000.0,
        "Cost Of Revenue": 54000.0,
        "Total Revenue": 104000.0,
        "Operating Revenue": 104000.0
    }
}