{
    "2023-03-31": {
        "Tax Effect Of Unusual Items": -5166000.0,
        "Tax Rate For Calcs": 0.246,
        "Normalized EBITDA": 445000000.0,
        "Total Unusual Items": -21000000.0,
        "Total Unusual Items Excluding Goodwill": -21000000.0,
        "Net Income From Continuing Operation Net Minority Interest": 177000000.0,
        "Reconciled Depreciation": 57000000.0,
        "Reconciled Cost Of Revenue": 580000000.0,
        "EBITDA": 424000000.0,
        "EBIT": 367000000.0,
        "Net Interest Income": -132000000.0,
        "Interest Expense": 132000000.0,
        "Normalized Income": 192834000.0,
        "Net Income From Continuing And Discontinued Operation": 177000000.0,
        "Total Expenses": 1144000000.0,
        "Diluted Average Shares": 256170000.0,
        "Basic Average Shares": 254392000.0,
        "Diluted EPS": 0.69,
        "Basic EPS": 0.7,
        "Diluted NI Availto Com Stockholders": 177000000.0,
        "Net Income Common Stockholders": 177000000.0,
        "Net Income": 177000000.0,
        "Net Income Including Noncontrolling Interests": 177000000.0,
        "Net Income Discontinuous Operations": NaN,
        "Net Income Continuous Operations": 177000000.0,
        "Tax Provision": 58000000.0,
        "Pretax Income": 235000000.0,
        "Other Income Expense": -27000000.0,
        "Other Non Operating Income Expenses": -6000000.0,
        "Special Income Charges": -12000000.0,
        "Other Special Charges": 8000000.0,
        "Restructuring And Mergern Acquisition": 4000000.0,
        "Gain On Sale Of Security": -9000000.0,
        "Net Non Operating Interest Income Expense": -132000000.0,
        "Interest Expense Non Operating": 132000000.0,
        "Operating Income": 394000000.0,
        "Operating Expense": 564000000.0,
        "Research And Development": 129000000.0,
        "Selling General And Administration": 435000000.0,
        "Gross Profit": 958000000.0,
        "Cost Of Revenue": 580000000.0,
        "Total Revenue": 1538000000.0,
        "Operating Revenue": 1538000000.0
    },
    "2022-12-31": {
        "Tax Effect Of Unusual Items": NaN,
        "Tax Rate For Calcs": NaN,
        "Normalized EBITDA": NaN,
        "Total Unusual Items": NaN,
        "Total Unusual Items Excluding Goodwill": NaN,
        "Net Income From Continuing Operation Net Minority Interest": NaN,
        "Reconciled Depreciation": NaN,
        "Reconciled Cost Of Revenue": NaN,
        "EBITDA": NaN,
        "EBIT": NaN,
        "Net Interest Income": NaN,
        "Interest Expense": NaN,
        "Normalized Income": NaN,
        "Net Income From Continuing And Discontinued Operation": NaN,
        "Total Expenses": NaN,
        "Diluted Average Shares": NaN,
        "Basic Average Shares": NaN,
        "Diluted EPS": NaN,
        "Basic EPS": NaN,
        "Diluted NI Availto Com Stockholders": NaN,
        "Net Income Common Stockholders": NaN,
        "Net Income": NaN,
        "Net Income Including Noncontrolling Interests": NaN,
        "Net Income Discontinuous Operations": 0.0,
        "Net Income Continuous Operations": NaN,
        "Tax Provision": NaN,
        "Pretax Income": NaN,
        "Other Income Expense": NaN,
        "Other Non Operating Income Expenses": NaN,
        "Special Income Charges": NaN,
        "Other Special Charges": 0.0,
        "Restructuring And Mergern Acquisition": NaN,
        "Gain On Sale Of Security": NaN,
        "Net Non Operating Interest Income Expense": NaN,
        "Interest Expense Non Operating": NaN,
        "Operating Income": NaN,
        "Operating Expense": NaN,
        "Research And Development": NaN,
        "Selling General And Administration": NaN,
        "Gross Profit": NaN,
        "Cost Of Revenue": NaN,
        "Total Revenue": NaN,
        "Operating Revenue": NaN
    },
    "2022-09-30": {
        "Tax Effect Of Unusual Items": NaN,
        "Tax Rate For Calcs": NaN,
        "Normalized EBITDA": NaN,
        "Total Unusual Items": NaN,
        "Total Unusual Items Excluding Goodwill": NaN,
        "Net Income From Continuing Operation Net Minority Interest": NaN,
        "Reconciled Depreciation": NaN,
        "Reconciled Cost Of Revenue": NaN,
        "EBITDA": NaN,
        "EBIT": NaN,
        "Net Interest Income": NaN,
        "Interest Expense": NaN,
        "Normalized Income": NaN,
        "Net Income From Continuing And Discontinued Operation": NaN,
        "Total Expenses": NaN,
        "Diluted Average Shares": NaN,
        "Basic Average Shares": NaN,
        "Diluted EPS": NaN,
        "Basic EPS": NaN,
        "Diluted NI Availto Com Stockholders": NaN,
        "Net Income Common Stockholders": NaN,
        "Net Income": NaN,
        "Net Income Including Noncontrolling Interests": NaN,
        "Net Income Discontinuous Operations": 0.0,
        "Net Income Continuous Operations": NaN,
        "Tax Provision": NaN,
        "Pretax Income": NaN,
        "Other Income Expense": NaN,
        "Other Non Operating Income Expenses": NaN,
        "Special Income Charges": NaN,
        "Other Special Charges": 10000000.0,
        "Restructuring And Mergern Acquisition": NaN,
        "Gain On Sale Of Security": NaN,
        "Net Non Operating Interest Income Expense": NaN,
        "Interest Expense Non Operating": NaN,
        "Operating Income": NaN,
        "Operating Expense": NaN,
        "Research And Development": NaN,
        "Selling General And Administration": NaN,
        "Gross Profit": NaN,
        "Cost Of Revenue": NaN,
        "Total Revenue": NaN,
        "Operating Revenue": NaN
    },
    "2022-06-30": {
        "Tax Effect Of Unusual Items": -17912891.986063,
        "Tax Rate For Calcs": 0.184669,
        "Normalized EBITDA": 482000000.0,
        "Total Unusual Items": -97000000.0,
        "Total Unusual Items Excluding Goodwill": -97000000.0,
        "Net Income From Continuing Operation Net Minority Interest": 234000000.0,
        "Reconciled Depreciation": 50000000.0,
        "Reconciled Cost Of Revenue": 588000000.0,
        "EBITDA": 385000000.0,
        "EBIT": 385000000.0,
        "Net Interest Income": -98000000.0,
        "Interest Expense": 98000000.0,
        "Normalized Income": 313087108.013937,
        "Net Income From Continuing And Discontinued Operation": 234000000.0,
        "Total Expenses": 1117000000.0,
        "Diluted Average Shares": 255156000.0,
        "Basic Average Shares": 254018000.0,
        "Diluted EPS": 0.92,
        "Basic EPS": 0.92,
        "Diluted NI Availto Com Stockholders": 234000000.0,
        "Net Income Common Stockholders": 234000000.0,
        "Net Income": 234000000.0,
        "Net Income Including Noncontrolling Interests": 234000000.0,
        "Net Income Discontinuous Operations": 0.0,
        "Net Income Continuous Operations": 234000000.0,
        "Tax Provision": 53000000.0,
        "Pretax Income": 287000000.0,
        "Other Income Expense": -83000000.0,
        "Other Non Operating Income Expenses": 14000000.0,
        "Special Income Charges": -97000000.0,
        "Other Special Charges": 97000000.0,
        "Restructuring And Mergern Acquisition": 0.0,
        "Gain On Sale Of Security": 21000000.0,
        "Net Non Operating Interest Income Expense": -98000000.0,
        "Interest Expense Non Operating": 98000000.0,
        "Operating Income": 468000000.0,
        "Operating Expense": 529000000.0,
        "Research And Development": 106000000.0,
        "Selling General And Administration": 423000000.0,
        "Gross Profit": 997000000.0,
        "Cost Of Revenue": 588000000.0,
        "Total Revenue": 1585000000.0,
        "Operating Revenue": 1585000000.0
    },
    "2022-03-31": {
        "Diluted EPS": 1.36,
        "Total Revenue": NaN,
        "Gross Profit": NaN,
        "Operating Income": 535,
        "EBIT": 588,
        "Net Income": 348
    },
    "2021-12-31": {
        "Diluted EPS": 0.78,
        "Total Revenue": NaN,
        "Gross Profit": NaN,
        "Operating Income": 338,
        "EBIT": 400,
        "Net Income": 202
    },
    "2021-09-30": {
        "Diluted EPS": 1.27,
        "Total Revenue": NaN,
        "Gross Profit": 991,
        "Operating Income": 487,
        "EBIT": 539,
        "Net Income": 323
    },
    "2021-06-30": {
        "Diluted EPS": 1.68,
        "Total Revenue": NaN,
        "Gross Profit": NaN,
        "Operating Income": 499,
        "EBIT": 542,
        "Net Income": 427
    },
    "2021-03-31": {
        "Diluted EPS": 1.58,
        "Total Revenue": NaN,
        "Gross Profit": 915,
        "Operating Income": 467,
        "EBIT": 505,
        "Net Income": 399
    },
    "2020-12-31": {
        "Diluted EPS": 1.44,
        "Total Revenue": NaN,
        "Gross Profit": NaN,
        "Operating Income": 475,
        "EBIT": 525,
        "Net Income": 368
    },
    "2020-09-30": {
        "Diluted EPS": 2.16,
        "Total Revenue": NaN,
        "Gross Profit": NaN,
        "Operating Income": 681,
        "EBIT": 721,
        "Net Income": 547
    },
    "2020-06-30": {
        "Diluted EPS": 2.14,
        "Total Revenue": NaN,
        "Gross Profit": NaN,
        "Operating Income": 702,
        "EBIT": 736,
        "Net Income": 542
    },
    "2020-03-31": {
        "Diluted EPS": 2.78,
        "Total Revenue": NaN,
        "Gross Profit": NaN,
        "Operating Income": 844,
        "EBIT": 877,
        "Net Income": 703
    },
    "2019-12-31": {
        "Diluted EPS": 0.0,
        "Total Revenue": NaN,
        "Gross Profit": NaN,
        "Operating Income": NaN,
        "EBIT": NaN,
        "Net Income": NaN
    },
    "2018-12-31": {
        "Diluted EPS": 0.0,
        "Total Revenue": NaN,
        "Gross Profit": NaN,
        "Operating Income": NaN,
        "EBIT": NaN,
        "Net Income": NaN
    },
    "2023-06-30": {
        "Tax Effect Of Unusual Items": -100000.0,
        "Tax Rate For Calcs": 0.05,
        "Normalized EBITDA": 446000000.0,
        "Total Unusual Items": -2000000.0,
        "Total Unusual Items Excluding Goodwill": -2000000.0,
        "Net Income From Continuing Operation Net Minority Interest": 242000000.0,
        "Reconciled Depreciation": 58000000.0,
        "Reconciled Cost Of Revenue": 640000000.0,
        "EBITDA": 444000000.0,
        "EBIT": 386000000.0,
        "Net Interest Income": -132000000.0,
        "Interest Expense": 132000000.0,
        "Normalized Income": 243900000.0,
        "Net Income From Continuing And Discontinued Operation": 242000000.0,
        "Total Expenses": 1219000000.0,
        "Diluted Average Shares": 255953000.0,
        "Basic Average Shares": 255341000.0,
        "Diluted EPS": 0.95,
        "Basic EPS": 0.95,
        "Diluted NI Availto Com Stockholders": 242000000.0,
        "Net Income Common Stockholders": 242000000.0,
        "Net Income": 242000000.0,
        "Net Income Including Noncontrolling Interests": 242000000.0,
        "Net Income Discontinuous Operations": NaN,
        "Net Income Continuous Operations": 242000000.0,
        "Tax Provision": 12000000.0,
        "Pretax Income": 254000000.0,
        "Other Income Expense": -3000000.0,
        "Other Non Operating Income Expenses": -1000000.0,
        "Special Income Charges": 0.0,
        "Other Special Charges": NaN,
        "Restructuring And Mergern Acquisition": 0.0,
        "Gain On Sale Of Security": -2000000.0,
        "Net Non Operating Interest Income Expense": -132000000.0,
        "Interest Expense Non Operating": 132000000.0,
        "Operating Income": 389000000.0,
        "Operating Expense": 579000000.0,
        "Research And Development": 128000000.0,
        "Selling General And Administration": 451000000.0,
        "Gross Profit": 968000000.0,
        "Cost Of Revenue": 640000000.0,
        "Total Revenue": 1608000000.0,
        "Operating Revenue": 1608000000.0
    },
    "2023-09-30": {
        "Tax Effect Of Unusual Items": -3780000.0,
        "Tax Rate For Calcs": 0.27,
        "Normalized EBITDA": 289000000.0,
        "Total Unusual Items": -14000000.0,
        "Total Unusual Items Excluding Goodwill": -14000000.0,
        "Net Income From Continuing Operation Net Minority Interest": 58000000.0,
        "Reconciled Depreciation": 61000000.0,
        "Reconciled Cost Of Revenue": 612000000.0,
        "EBITDA": 275000000.0,
        "EBIT": 214000000.0,
        "Net Interest Income": -134000000.0,
        "Interest Expense": 134000000.0,
        "Normalized Income": 68220000.0,
        "Net Income From Continuing And Discontinued Operation": 58000000.0,
        "Total Expenses": 1287000000.0,
        "Diluted Average Shares": 256349000.0,
        "Basic Average Shares": 255588000.0,
        "Diluted EPS": 0.23,
        "Basic EPS": 0.23,
        "Diluted NI Availto Com Stockholders": 58000000.0,
        "Net Income Common Stockholders": 58000000.0,
        "Net Income": 58000000.0,
        "Net Income Including Noncontrolling Interests": 58000000.0,
        "Net Income Discontinuous Operations": NaN,
        "Net Income Continuous Operations": 58000000.0,
        "Tax Provision": 22000000.0,
        "Pretax Income": 80000000.0,
        "Other Income Expense": -18000000.0,
        "Other Non Operating Income Expenses": -4000000.0,
        "Special Income Charges": 0.0,
        "Other Special Charges": NaN,
        "Restructuring And Mergern Acquisition": 0.0,
        "Gain On Sale Of Security": -14000000.0,
        "Net Non Operating Interest Income Expense": -134000000.0,
        "Interest Expense Non Operating": 134000000.0,
        "Operating Income": 232000000.0,
        "Operating Expense": 675000000.0,
        "Research And Development": 137000000.0,
        "Selling General And Administration": 538000000.0,
        "Gross Profit": 907000000.0,
        "Cost Of Revenue": 612000000.0,
        "Total Revenue": 1519000000.0,
        "Operating Revenue": 1519000000.0
    },
    "2023-12-31": {
        "Tax Effect Of Unusual Items": -15750000.0,
        "Tax Rate For Calcs": 0.21,
        "Normalized EBITDA": 368000000.0,
        "Total Unusual Items": -75000000.0,
        "Total Unusual Items Excluding Goodwill": -75000000.0,
        "Net Income From Continuing Operation Net Minority Interest": 546000000.0,
        "Reconciled Depreciation": 60000000.0,
        "Reconciled Cost Of Revenue": 683000000.0,
        "EBITDA": 293000000.0,
        "EBIT": 233000000.0,
        "Net Interest Income": -129000000.0,
        "Interest Expense": 129000000.0,
        "Normalized Income": 605250000.0,
        "Net Income From Continuing And Discontinued Operation": 546000000.0,
        "Total Expenses": 1286000000.0,
        "Diluted Average Shares": 256590000.0,
        "Basic Average Shares": 255617000.0,
        "Diluted EPS": 2.13,
        "Basic EPS": 2.14,
        "Diluted NI Availto Com Stockholders": 546000000.0,
        "Net Income Common Stockholders": 546000000.0,
        "Net Income": 546000000.0,
        "Net Income Including Noncontrolling Interests": 546000000.0,
        "Net Income Discontinuous Operations": NaN,
        "Net Income Continuous Operations": 546000000.0,
        "Tax Provision": -442000000.0,
        "Pretax Income": 104000000.0,
        "Other Income Expense": -79000000.0,
        "Other Non Operating Income Expenses": -4000000.0,
        "Special Income Charges": -58000000.0,
        "Other Special Charges": 0.0,
        "Restructuring And Mergern Acquisition": 58000000.0,
        "Gain On Sale Of Security": -17000000.0,
        "Net Non Operating Interest Income Expense": -129000000.0,
        "Interest Expense Non Operating": 129000000.0,
        "Operating Income": 312000000.0,
        "Operating Expense": 603000000.0,
        "Research And Development": 134000000.0,
        "Selling General And Administration": 469000000.0,
        "Gross Profit": 915000000.0,
        "Cost Of Revenue": 683000000.0,
        "Total Revenue": 1598000000.0,
        "Operating Revenue": 1598000000.0
    },
    "2024-03-31": {
        "Tax Effect Of Unusual Items": -6468000.0,
        "Tax Rate For Calcs": 0.147,
        "Normalized EBITDA": 476000000.0,
        "Total Unusual Items": -44000000.0,
        "Total Unusual Items Excluding Goodwill": -44000000.0,
        "Net Income From Continuing Operation Net Minority Interest": 201000000.0,
        "Reconciled Depreciation": 65000000.0,
        "Reconciled Cost Of Revenue": 665000000.0,
        "EBITDA": 432000000.0,
        "EBIT": 367000000.0,
        "Net Interest Income": -131000000.0,
        "Interest Expense": 131000000.0,
        "Normalized Income": 238532000.0,
        "Net Income From Continuing And Discontinued Operation": 201000000.0,
        "Total Expenses": 1208000000.0,
        "Diluted Average Shares": 258362000.0,
        "Basic Average Shares": 255695000.0,
        "Diluted EPS": 0.78,
        "Basic EPS": 0.78,
        "Diluted NI Availto Com Stockholders": 201000000.0,
        "Net Income Common Stockholders": 201000000.0,
        "Net Income": 201000000.0,
        "Net Income Including Noncontrolling Interests": 201000000.0,
        "Net Income Discontinuous Operations": NaN,
        "Net Income Continuous Operations": 201000000.0,
        "Tax Provision": 35000000.0,
        "Pretax Income": 236000000.0,
        "Other Income Expense": -47000000.0,
        "Other Non Operating Income Expenses": -3000000.0,
        "Special Income Charges": -38000000.0,
        "Other Special Charges": 15000000.0,
        "Restructuring And Mergern Acquisition": 23000000.0,
        "Gain On Sale Of Security": -6000000.0,
        "Net Non Operating Interest Income Expense": -131000000.0,
        "Interest Expense Non Operating": 131000000.0,
        "Operating Income": 414000000.0,
        "Operating Expense": 543000000.0,
        "Research And Development": 112000000.0,
        "Selling General And Administration": 431000000.0,
        "Gross Profit": 957000000.0,
        "Cost Of Revenue": 665000000.0,
        "Total Revenue": 1622000000.0,
        "Operating Revenue": 1622000000.0
    }
}