{
    "2023-03-31": {
        "Tax Effect Of Unusual Items": NaN,
        "Tax Rate For Calcs": NaN,
        "Normalized EBITDA": NaN,
        "Total Unusual Items": 1000000.0,
        "Total Unusual Items Excluding Goodwill": 1000000.0,
        "Net Income From Continuing Operation Net Minority Interest": NaN,
        "Reconciled Depreciation": NaN,
        "Reconciled Cost Of Revenue": NaN,
        "EBITDA": NaN,
        "EBIT": NaN,
        "Net Interest Income": NaN,
        "Interest Expense": NaN,
        "Normalized Income": NaN,
        "Net Income From Continuing And Discontinued Operation": NaN,
        "Total Expenses": NaN,
        "Diluted Average Shares": NaN,
        "Basic Average Shares": NaN,
        "Diluted EPS": NaN,
        "Basic EPS": NaN,
        "Diluted NI Availto Com Stockholders": NaN,
        "Net Income Common Stockholders": NaN,
        "Net Income": NaN,
        "Minority Interests": NaN,
        "Net Income Including Noncontrolling Interests": NaN,
        "Net Income Continuous Operations": NaN,
        "Tax Provision": NaN,
        "Pretax Income": NaN,
        "Other Income Expense": NaN,
        "Other Non Operating Income Expenses": NaN,
        "Special Income Charges": NaN,
        "Gain On Sale Of Business": NaN,
        "Restructuring And Mergern Acquisition": NaN,
        "Earnings From Equity Interest": NaN,
        "Gain On Sale Of Security": 1000000.0,
        "Net Non Operating Interest Income Expense": NaN,
        "Interest Expense Non Operating": NaN,
        "Operating Income": NaN,
        "Operating Expense": NaN,
        "Depreciation Amortization Depletion Income Statement": NaN,
        "Depreciation And Amortization In Income Statement": NaN,
        "Amortization": NaN,
        "Amortization Of Intangibles Income Statement": NaN,
        "Research And Development": NaN,
        "Selling General And Administration": NaN,
        "Selling And Marketing Expense": NaN,
        "General And Administrative Expense": NaN,
        "Salaries And Wages": NaN,
        "Gross Profit": NaN,
        "Cost Of Revenue": NaN,
        "Total Revenue": NaN,
        "Operating Revenue": NaN
    },
    "2022-12-31": {
        "Tax Effect Of Unusual Items": NaN,
        "Tax Rate For Calcs": NaN,
        "Normalized EBITDA": NaN,
        "Total Unusual Items": NaN,
        "Total Unusual Items Excluding Goodwill": NaN,
        "Net Income From Continuing Operation Net Minority Interest": NaN,
        "Reconciled Depreciation": NaN,
        "Reconciled Cost Of Revenue": NaN,
        "EBITDA": NaN,
        "EBIT": NaN,
        "Net Interest Income": NaN,
        "Interest Expense": NaN,
        "Normalized Income": NaN,
        "Net Income From Continuing And Discontinued Operation": NaN,
        "Total Expenses": NaN,
        "Diluted Average Shares": NaN,
        "Basic Average Shares": NaN,
        "Diluted EPS": NaN,
        "Basic EPS": NaN,
        "Diluted NI Availto Com Stockholders": NaN,
        "Net Income Common Stockholders": NaN,
        "Net Income": NaN,
        "Minority Interests": NaN,
        "Net Income Including Noncontrolling Interests": NaN,
        "Net Income Continuous Operations": NaN,
        "Tax Provision": NaN,
        "Pretax Income": NaN,
        "Other Income Expense": NaN,
        "Other Non Operating Income Expenses": NaN,
        "Special Income Charges": -32000000.0,
        "Gain On Sale Of Business": 0.0,
        "Restructuring And Mergern Acquisition": 32000000.0,
        "Earnings From Equity Interest": NaN,
        "Gain On Sale Of Security": NaN,
        "Net Non Operating Interest Income Expense": NaN,
        "Interest Expense Non Operating": NaN,
        "Operating Income": NaN,
        "Operating Expense": NaN,
        "Depreciation Amortization Depletion Income Statement": NaN,
        "Depreciation And Amortization In Income Statement": NaN,
        "Amortization": NaN,
        "Amortization Of Intangibles Income Statement": NaN,
        "Research And Development": NaN,
        "Selling General And Administration": NaN,
        "Selling And Marketing Expense": NaN,
        "General And Administrative Expense": 15000000.0,
        "Salaries And Wages": 15000000.0,
        "Gross Profit": NaN,
        "Cost Of Revenue": NaN,
        "Total Revenue": NaN,
        "Operating Revenue": NaN
    },
    "2022-09-30": {
        "Tax Effect Of Unusual Items": NaN,
        "Tax Rate For Calcs": NaN,
        "Normalized EBITDA": NaN,
        "Total Unusual Items": NaN,
        "Total Unusual Items Excluding Goodwill": NaN,
        "Net Income From Continuing Operation Net Minority Interest": NaN,
        "Reconciled Depreciation": NaN,
        "Reconciled Cost Of Revenue": NaN,
        "EBITDA": NaN,
        "EBIT": NaN,
        "Net Interest Income": NaN,
        "Interest Expense": NaN,
        "Normalized Income": NaN,
        "Net Income From Continuing And Discontinued Operation": NaN,
        "Total Expenses": NaN,
        "Diluted Average Shares": NaN,
        "Basic Average Shares": NaN,
        "Diluted EPS": NaN,
        "Basic EPS": NaN,
        "Diluted NI Availto Com Stockholders": NaN,
        "Net Income Common Stockholders": NaN,
        "Net Income": NaN,
        "Minority Interests": NaN,
        "Net Income Including Noncontrolling Interests": NaN,
        "Net Income Continuous Operations": NaN,
        "Tax Provision": NaN,
        "Pretax Income": NaN,
        "Other Income Expense": NaN,
        "Other Non Operating Income Expenses": NaN,
        "Special Income Charges": 143000000.0,
        "Gain On Sale Of Business": NaN,
        "Other Special Charges": -153000000.0,
        "Restructuring And Mergern Acquisition": 10000000.0,
        "Earnings From Equity Interest": NaN,
        "Gain On Sale Of Security": NaN,
        "Net Non Operating Interest Income Expense": NaN,
        "Interest Expense Non Operating": NaN,
        "Operating Income": NaN,
        "Operating Expense": NaN,
        "Depreciation Amortization Depletion Income Statement": NaN,
        "Depreciation And Amortization In Income Statement": NaN,
        "Amortization": NaN,
        "Amortization Of Intangibles Income Statement": NaN,
        "Research And Development": NaN,
        "Selling General And Administration": NaN,
        "Selling And Marketing Expense": NaN,
        "General And Administrative Expense": 5000000.0,
        "Salaries And Wages": 5000000.0,
        "Gross Profit": NaN,
        "Cost Of Revenue": NaN,
        "Total Revenue": NaN,
        "Operating Revenue": NaN
    },
    "2022-06-30": {
        "Tax Effect Of Unusual Items": 0.0,
        "Tax Rate For Calcs": 0.219512,
        "Normalized EBITDA": 490000000.0,
        "Total Unusual Items": -14000000.0,
        "Total Unusual Items Excluding Goodwill": -14000000.0,
        "Net Income From Continuing Operation Net Minority Interest": 252000000.0,
        "Reconciled Depreciation": 116000000.0,
        "Reconciled Cost Of Revenue": 1453000000.0,
        "EBITDA": 490000000.0,
        "EBIT": 374000000.0,
        "Net Interest Income": -46000000.0,
        "Interest Expense": 46000000.0,
        "Normalized Income": 252000000.0,
        "Net Income From Continuing And Discontinued Operation": 252000000.0,
        "Total Expenses": 1596000000.0,
        "Diluted Average Shares": 158951000.0,
        "Basic Average Shares": 155683000.0,
        "Diluted EPS": 1.59,
        "Basic EPS": 1.62,
        "Diluted NI Availto Com Stockholders": 252000000.0,
        "Net Income Common Stockholders": 252000000.0,
        "Net Income": 252000000.0,
        "Minority Interests": -4000000.0,
        "Net Income Including Noncontrolling Interests": 256000000.0,
        "Net Income Continuous Operations": 256000000.0,
        "Tax Provision": 72000000.0,
        "Pretax Income": 328000000.0,
        "Other Income Expense": 192000000.0,
        "Other Non Operating Income Expenses": 168000000.0,
        "Special Income Charges": -12000000.0,
        "Gain On Sale Of Business": NaN,
        "Restructuring And Mergern Acquisition": 12000000.0,
        "Earnings From Equity Interest": 24000000.0,
        "Gain On Sale Of Security": -2000000.0,
        "Net Non Operating Interest Income Expense": -46000000.0,
        "Interest Expense Non Operating": 46000000.0,
        "Operating Income": 182000000.0,
        "Operating Expense": 143000000.0,
        "Depreciation Amortization Depletion Income Statement": 8000000.0,
        "Depreciation And Amortization In Income Statement": 8000000.0,
        "Amortization": 8000000.0,
        "Amortization Of Intangibles Income Statement": 8000000.0,
        "Research And Development": 20000000.0,
        "Selling General And Administration": 123000000.0,
        "Gross Profit": 325000000.0,
        "Cost Of Revenue": 1453000000.0,
        "Total Revenue": 1778000000.0,
        "Operating Revenue": 1778000000.0
    },
    "2023-06-30": {
        "Tax Effect Of Unusual Items": -532000.0,
        "Tax Rate For Calcs": 0.266,
        "Normalized EBITDA": 398000000.0,
        "Total Unusual Items": -2000000.0,
        "Total Unusual Items Excluding Goodwill": -2000000.0,
        "Net Income From Continuing Operation Net Minority Interest": 110000000.0,
        "Reconciled Depreciation": 124000000.0,
        "Reconciled Cost Of Revenue": 1358000000.0,
        "EBITDA": 396000000.0,
        "EBIT": 272000000.0,
        "Net Interest Income": -118000000.0,
        "Interest Expense": 118000000.0,
        "Normalized Income": 111468000.0,
        "Net Income From Continuing And Discontinued Operation": 110000000.0,
        "Total Expenses": 1647000000.0,
        "Diluted Average Shares": 159328000.0,
        "Basic Average Shares": 154989000.0,
        "Diluted EPS": 0.69,
        "Basic EPS": 0.71,
        "Diluted NI Availto Com Stockholders": 110000000.0,
        "Net Income Common Stockholders": 110000000.0,
        "Net Income": 110000000.0,
        "Minority Interests": -3000000.0,
        "Net Income Including Noncontrolling Interests": 113000000.0,
        "Net Income Continuous Operations": 113000000.0,
        "Tax Provision": 41000000.0,
        "Pretax Income": 154000000.0,
        "Other Income Expense": 29000000.0,
        "Other Non Operating Income Expenses": 1000000.0,
        "Special Income Charges": NaN,
        "Gain On Sale Of Business": NaN,
        "Restructuring And Mergern Acquisition": NaN,
        "Earnings From Equity Interest": 30000000.0,
        "Gain On Sale Of Security": -2000000.0,
        "Net Non Operating Interest Income Expense": -118000000.0,
        "Interest Expense Non Operating": 118000000.0,
        "Operating Income": 243000000.0,
        "Operating Expense": 173000000.0,
        "Depreciation Amortization Depletion Income Statement": 8000000.0,
        "Depreciation And Amortization In Income Statement": 8000000.0,
        "Amortization": 8000000.0,
        "Amortization Of Intangibles Income Statement": 8000000.0,
        "Research And Development": 22000000.0,
        "Selling General And Administration": 143000000.0,
        "Selling And Marketing Expense": 143000000.0,
        "General And Administrative Expense": NaN,
        "Salaries And Wages": NaN,
        "Gross Profit": 416000000.0,
        "Cost Of Revenue": 1474000000.0,
        "Total Revenue": 1890000000.0,
        "Operating Revenue": 1890000000.0
    },
    "2023-09-30": {
        "Tax Effect Of Unusual Items": -25994000.0,
        "Tax Rate For Calcs": 0.317,
        "Normalized EBITDA": 369000000.0,
        "Total Unusual Items": -82000000.0,
        "Total Unusual Items Excluding Goodwill": -82000000.0,
        "Net Income From Continuing Operation Net Minority Interest": 51000000.0,
        "Reconciled Depreciation": 127000000.0,
        "Reconciled Cost Of Revenue": 1260000000.0,
        "EBITDA": 287000000.0,
        "EBIT": 160000000.0,
        "Net Interest Income": -78000000.0,
        "Interest Expense": 78000000.0,
        "Normalized Income": 107006000.0,
        "Net Income From Continuing And Discontinued Operation": 51000000.0,
        "Total Expenses": 1545000000.0,
        "Diluted Average Shares": 159285000.0,
        "Basic Average Shares": 154702000.0,
        "Diluted EPS": 0.32,
        "Basic EPS": 0.33,
        "Diluted NI Availto Com Stockholders": 51000000.0,
        "Net Income Common Stockholders": 51000000.0,
        "Net Income": 51000000.0,
        "Minority Interests": -5000000.0,
        "Net Income Including Noncontrolling Interests": 56000000.0,
        "Net Income Continuous Operations": 56000000.0,
        "Tax Provision": 26000000.0,
        "Pretax Income": 82000000.0,
        "Other Income Expense": -38000000.0,
        "Other Non Operating Income Expenses": 4000000.0,
        "Special Income Charges": -81000000.0,
        "Gain On Sale Of Business": NaN,
        "Restructuring And Mergern Acquisition": 81000000.0,
        "Earnings From Equity Interest": 40000000.0,
        "Gain On Sale Of Security": -1000000.0,
        "Net Non Operating Interest Income Expense": -78000000.0,
        "Interest Expense Non Operating": 78000000.0,
        "Operating Income": 198000000.0,
        "Operating Expense": 166000000.0,
        "Depreciation Amortization Depletion Income Statement": 8000000.0,
        "Depreciation And Amortization In Income Statement": 8000000.0,
        "Amortization": 8000000.0,
        "Amortization Of Intangibles Income Statement": 8000000.0,
        "Research And Development": 24000000.0,
        "Selling General And Administration": 134000000.0,
        "Selling And Marketing Expense": 134000000.0,
        "General And Administrative Expense": NaN,
        "Salaries And Wages": NaN,
        "Gross Profit": 364000000.0,
        "Cost Of Revenue": 1379000000.0,
        "Total Revenue": 1743000000.0,
        "Operating Revenue": 1743000000.0
    },
    "2023-12-31": {
        "Tax Effect Of Unusual Items": -97020000.0,
        "Tax Rate For Calcs": 0.21,
        "Normalized EBITDA": 216000000.0,
        "Total Unusual Items": -462000000.0,
        "Total Unusual Items Excluding Goodwill": -462000000.0,
        "Net Income From Continuing Operation Net Minority Interest": -470000000.0,
        "Reconciled Depreciation": 114000000.0,
        "Reconciled Cost Of Revenue": 1304000000.0,
        "EBITDA": -246000000.0,
        "EBIT": -360000000.0,
        "Net Interest Income": -79000000.0,
        "Interest Expense": 79000000.0,
        "Normalized Income": -105020000.0,
        "Net Income From Continuing And Discontinued Operation": -470000000.0,
        "Total Expenses": 1579000000.0,
        "Diluted Average Shares": 154223000.0,
        "Basic Average Shares": 154223000.0,
        "Diluted EPS": -3.05,
        "Basic EPS": -3.05,
        "Diluted NI Availto Com Stockholders": -470000000.0,
        "Net Income Common Stockholders": -470000000.0,
        "Net Income": -470000000.0,
        "Minority Interests": -6000000.0,
        "Net Income Including Noncontrolling Interests": -464000000.0,
        "Net Income Continuous Operations": -464000000.0,
        "Tax Provision": 25000000.0,
        "Pretax Income": -439000000.0,
        "Other Income Expense": -422000000.0,
        "Other Non Operating Income Expenses": 13000000.0,
        "Special Income Charges": -460000000.0,
        "Gain On Sale Of Business": NaN,
        "Restructuring And Mergern Acquisition": 19000000.0,
        "Earnings From Equity Interest": 27000000.0,
        "Gain On Sale Of Security": -2000000.0,
        "Net Non Operating Interest Income Expense": -79000000.0,
        "Interest Expense Non Operating": 79000000.0,
        "Operating Income": 62000000.0,
        "Operating Expense": 169000000.0,
        "Depreciation Amortization Depletion Income Statement": 8000000.0,
        "Depreciation And Amortization In Income Statement": 8000000.0,
        "Amortization": 8000000.0,
        "Amortization Of Intangibles Income Statement": 8000000.0,
        "Research And Development": 26000000.0,
        "Selling General And Administration": 135000000.0,
        "Selling And Marketing Expense": 116000000.0,
        "General And Administrative Expense": NaN,
        "Salaries And Wages": NaN,
        "Gross Profit": 231000000.0,
        "Cost Of Revenue": 1410000000.0,
        "Total Revenue": 1641000000.0,
        "Operating Revenue": 1518000000.0
    },
    "2024-03-31": {
        "Tax Effect Of Unusual Items": -1050000.0,
        "Tax Rate For Calcs": 0.35,
        "Normalized EBITDA": 323000000.0,
        "Total Unusual Items": -3000000.0,
        "Total Unusual Items Excluding Goodwill": -3000000.0,
        "Net Income From Continuing Operation Net Minority Interest": 72000000.0,
        "Reconciled Depreciation": 125000000.0,
        "Reconciled Cost Of Revenue": 1158000000.0,
        "EBITDA": 320000000.0,
        "EBIT": 195000000.0,
        "Net Interest Income": -78000000.0,
        "Interest Expense": 78000000.0,
        "Normalized Income": 73950000.0,
        "Net Income From Continuing And Discontinued Operation": 72000000.0,
        "Total Expenses": 1427000000.0,
        "Diluted Average Shares": 158467000.0,
        "Basic Average Shares": 154273000.0,
        "Diluted EPS": 0.45,
        "Basic EPS": 0.46,
        "Diluted NI Availto Com Stockholders": 72000000.0,
        "Net Income Common Stockholders": 72000000.0,
        "Net Income": 72000000.0,
        "Minority Interests": -4000000.0,
        "Net Income Including Noncontrolling Interests": 76000000.0,
        "Net Income Continuous Operations": 76000000.0,
        "Tax Provision": 41000000.0,
        "Pretax Income": 117000000.0,
        "Other Income Expense": 29000000.0,
        "Other Non Operating Income Expenses": 7000000.0,
        "Special Income Charges": NaN,
        "Gain On Sale Of Business": NaN,
        "Restructuring And Mergern Acquisition": NaN,
        "Earnings From Equity Interest": 25000000.0,
        "Gain On Sale Of Security": -3000000.0,
        "Net Non Operating Interest Income Expense": -78000000.0,
        "Interest Expense Non Operating": 78000000.0,
        "Operating Income": 166000000.0,
        "Operating Expense": 152000000.0,
        "Depreciation Amortization Depletion Income Statement": 8000000.0,
        "Depreciation And Amortization In Income Statement": 8000000.0,
        "Amortization": 8000000.0,
        "Amortization Of Intangibles Income Statement": 8000000.0,
        "Research And Development": 21000000.0,
        "Selling General And Administration": 123000000.0,
        "Selling And Marketing Expense": 123000000.0,
        "General And Administrative Expense": NaN,
        "Salaries And Wages": NaN,
        "Gross Profit": 318000000.0,
        "Cost Of Revenue": 1275000000.0,
        "Total Revenue": 1593000000.0,
        "Operating Revenue": 1593000000.0
    },
    "2024-06-30": {
        "Tax Effect Of Unusual Items": 0.0,
        "Tax Rate For Calcs": 0.4,
        "Normalized EBITDA": 316000000.0,
        "Total Unusual Items": NaN,
        "Total Unusual Items Excluding Goodwill": NaN,
        "Net Income From Continuing Operation Net Minority Interest": 57000000.0,
        "Reconciled Depreciation": 125000000.0,
        "Reconciled Cost Of Revenue": 1308000000.0,
        "EBITDA": 316000000.0,
        "EBIT": 191000000.0,
        "Net Interest Income": -87000000.0,
        "Interest Expense": 87000000.0,
        "Normalized Income": 57000000.0,
        "Net Income From Continuing And Discontinued Operation": 57000000.0,
        "Total Expenses": 1563000000.0,
        "Diluted Average Shares": 157382000.0,
        "Basic Average Shares": 155280000.0,
        "Diluted EPS": 0.36,
        "Basic EPS": 0.37,
        "Diluted NI Availto Com Stockholders": 57000000.0,
        "Net Income Common Stockholders": 57000000.0,
        "Net Income": 57000000.0,
        "Minority Interests": -5000000.0,
        "Net Income Including Noncontrolling Interests": 62000000.0,
        "Net Income Continuous Operations": 62000000.0,
        "Tax Provision": 42000000.0,
        "Pretax Income": 104000000.0,
        "Other Income Expense": 25000000.0,
        "Other Non Operating Income Expenses": -5000000.0,
        "Special Income Charges": NaN,
        "Gain On Sale Of Business": NaN,
        "Restructuring And Mergern Acquisition": NaN,
        "Earnings From Equity Interest": 30000000.0,
        "Gain On Sale Of Security": NaN,
        "Net Non Operating Interest Income Expense": -87000000.0,
        "Interest Expense Non Operating": 87000000.0,
        "Operating Income": 166000000.0,
        "Operating Expense": 137000000.0,
        "Depreciation Amortization Depletion Income Statement": 7000000.0,
        "Depreciation And Amortization In Income Statement": 7000000.0,
        "Amortization": 7000000.0,
        "Amortization Of Intangibles Income Statement": 7000000.0,
        "Research And Development": 20000000.0,
        "Selling General And Administration": 110000000.0,
        "Selling And Marketing Expense": 110000000.0,
        "General And Administrative Expense": NaN,
        "Salaries And Wages": NaN,
        "Gross Profit": 303000000.0,
        "Cost Of Revenue": 1426000000.0,
        "Total Revenue": 1729000000.0,
        "Operating Revenue": 1729000000.0
    }
}