{
    "2023-03-31": {
        "Tax Effect Of Unusual Items": NaN,
        "Tax Rate For Calcs": NaN,
        "Normalized EBITDA": NaN,
        "Total Unusual Items": NaN,
        "Total Unusual Items Excluding Goodwill": NaN,
        "Net Income From Continuing Operation Net Minority Interest": NaN,
        "Reconciled Depreciation": NaN,
        "Reconciled Cost Of Revenue": NaN,
        "EBITDA": NaN,
        "EBIT": NaN,
        "Net Interest Income": NaN,
        "Interest Expense": NaN,
        "Normalized Income": NaN,
        "Net Income From Continuing And Discontinued Operation": NaN,
        "Total Expenses": NaN,
        "Total Operating Income As Reported": NaN,
        "Diluted Average Shares": 449000000.0,
        "Basic Average Shares": 448100000.0,
        "Diluted EPS": 2.34,
        "Basic EPS": 2.34,
        "Diluted NI Availto Com Stockholders": NaN,
        "Average Dilution Earnings": NaN,
        "Net Income Common Stockholders": NaN,
        "Preferred Stock Dividends": NaN,
        "Net Income": NaN,
        "Net Income Including Noncontrolling Interests": NaN,
        "Net Income Continuous Operations": NaN,
        "Tax Provision": NaN,
        "Pretax Income": NaN,
        "Other Income Expense": NaN,
        "Other Non Operating Income Expenses": NaN,
        "Special Income Charges": NaN,
        "Restructuring And Mergern Acquisition": NaN,
        "Earnings From Equity Interest": NaN,
        "Net Non Operating Interest Income Expense": NaN,
        "Interest Expense Non Operating": NaN,
        "Operating Income": NaN,
        "Operating Expense": NaN,
        "Other Operating Expenses": -781000000.0,
        "Other Taxes": NaN,
        "Gross Profit": NaN,
        "Cost Of Revenue": NaN,
        "Total Revenue": NaN,
        "Operating Revenue": NaN
    },
    "2022-12-31": {
        "Tax Effect Of Unusual Items": NaN,
        "Tax Rate For Calcs": NaN,
        "Normalized EBITDA": NaN,
        "Total Unusual Items": 852000.0,
        "Total Unusual Items Excluding Goodwill": 852000.0,
        "Net Income From Continuing Operation Net Minority Interest": NaN,
        "Reconciled Depreciation": NaN,
        "Reconciled Cost Of Revenue": NaN,
        "EBITDA": NaN,
        "EBIT": NaN,
        "Net Interest Income": NaN,
        "Interest Expense": NaN,
        "Normalized Income": NaN,
        "Net Income From Continuing And Discontinued Operation": NaN,
        "Total Expenses": NaN,
        "Total Operating Income As Reported": NaN,
        "Diluted Average Shares": NaN,
        "Basic Average Shares": NaN,
        "Diluted EPS": NaN,
        "Basic EPS": NaN,
        "Diluted NI Availto Com Stockholders": NaN,
        "Average Dilution Earnings": NaN,
        "Net Income Common Stockholders": NaN,
        "Preferred Stock Dividends": 275000.0,
        "Net Income": NaN,
        "Net Income Including Noncontrolling Interests": NaN,
        "Net Income Continuous Operations": NaN,
        "Tax Provision": NaN,
        "Pretax Income": NaN,
        "Other Income Expense": NaN,
        "Other Non Operating Income Expenses": NaN,
        "Special Income Charges": 852000.0,
        "Other Special Charges": -852000.0,
        "Restructuring And Mergern Acquisition": NaN,
        "Earnings From Equity Interest": NaN,
        "Net Non Operating Interest Income Expense": NaN,
        "Interest Expense Non Operating": NaN,
        "Operating Income": NaN,
        "Operating Expense": NaN,
        "Other Operating Expenses": NaN,
        "Other Taxes": NaN,
        "Gross Profit": NaN,
        "Cost Of Revenue": NaN,
        "Total Revenue": NaN,
        "Operating Revenue": NaN
    },
    "2022-09-30": {
        "Tax Effect Of Unusual Items": NaN,
        "Tax Rate For Calcs": NaN,
        "Normalized EBITDA": NaN,
        "Total Unusual Items": 0.0,
        "Total Unusual Items Excluding Goodwill": 0.0,
        "Net Income From Continuing Operation Net Minority Interest": NaN,
        "Reconciled Depreciation": NaN,
        "Reconciled Cost Of Revenue": NaN,
        "EBITDA": NaN,
        "EBIT": NaN,
        "Net Interest Income": NaN,
        "Interest Expense": NaN,
        "Normalized Income": NaN,
        "Net Income From Continuing And Discontinued Operation": NaN,
        "Total Expenses": NaN,
        "Total Operating Income As Reported": NaN,
        "Diluted Average Shares": 448200000.0,
        "Basic Average Shares": 447700000.0,
        "Diluted EPS": 0.96,
        "Basic EPS": 0.96,
        "Diluted NI Availto Com Stockholders": NaN,
        "Average Dilution Earnings": NaN,
        "Net Income Common Stockholders": NaN,
        "Preferred Stock Dividends": 1000000.0,
        "Net Income": NaN,
        "Net Income Including Noncontrolling Interests": NaN,
        "Net Income Continuous Operations": NaN,
        "Tax Provision": NaN,
        "Pretax Income": NaN,
        "Other Income Expense": NaN,
        "Other Non Operating Income Expenses": NaN,
        "Special Income Charges": 0.0,
        "Other Special Charges": -734000.0,
        "Restructuring And Mergern Acquisition": 0.0,
        "Earnings From Equity Interest": NaN,
        "Net Non Operating Interest Income Expense": NaN,
        "Interest Expense Non Operating": NaN,
        "Operating Income": NaN,
        "Operating Expense": NaN,
        "Other Operating Expenses": NaN,
        "Other Taxes": NaN,
        "Gross Profit": NaN,
        "Cost Of Revenue": NaN,
        "Total Revenue": NaN,
        "Operating Revenue": NaN
    },
    "2022-06-30": {
        "Tax Effect Of Unusual Items": 142448.021369,
        "Tax Rate For Calcs": 0.239811,
        "Normalized EBITDA": 873013000.0,
        "Total Unusual Items": 594000.0,
        "Total Unusual Items Excluding Goodwill": 594000.0,
        "Net Income From Continuing Operation Net Minority Interest": 414378000.0,
        "Reconciled Depreciation": 157757000.0,
        "Reconciled Cost Of Revenue": 5035756000.0,
        "EBITDA": 873607000.0,
        "EBIT": 715850000.0,
        "Net Interest Income": -170751000.0,
        "Interest Expense": 170751000.0,
        "Normalized Income": 413926448.021369,
        "Net Income From Continuing And Discontinued Operation": 414378000.0,
        "Total Expenses": 5307771000.0,
        "Total Operating Income As Reported": 688950000.0,
        "Diluted Average Shares": 448200000.0,
        "Basic Average Shares": 447500000.0,
        "Diluted EPS": 0.92,
        "Basic EPS": 0.93,
        "Diluted NI Availto Com Stockholders": 414103000.0,
        "Average Dilution Earnings": 0.0,
        "Net Income Common Stockholders": 414103000.0,
        "Preferred Stock Dividends": 275000.0,
        "Net Income": 414378000.0,
        "Net Income Including Noncontrolling Interests": 414378000.0,
        "Net Income Continuous Operations": 414378000.0,
        "Tax Provision": 130721000.0,
        "Pretax Income": 545099000.0,
        "Other Income Expense": 26900000.0,
        "Other Non Operating Income Expenses": -9324000.0,
        "Special Income Charges": 594000.0,
        "Other Special Charges": -594000.0,
        "Earnings From Equity Interest": 35630000.0,
        "Net Non Operating Interest Income Expense": -170751000.0,
        "Interest Expense Non Operating": 170751000.0,
        "Operating Income": 688950000.0,
        "Operating Expense": 272015000.0,
        "Other Operating Expenses": -5449000.0,
        "Other Taxes": 46777000.0,
        "Gross Profit": 960965000.0,
        "Cost Of Revenue": 5035756000.0,
        "Total Revenue": 5996721000.0,
        "Operating Revenue": 5996721000.0
    },
    "2022-03-31": {
        "Diluted EPS": 0.87,
        "Total Revenue": NaN,
        "Gross Profit": NaN,
        "Operating Income": 662,
        "EBIT": 816,
        "Net Income": 391
    },
    "2021-12-31": {
        "Diluted EPS": 0.84,
        "Total Revenue": NaN,
        "Gross Profit": NaN,
        "Operating Income": 652,
        "EBIT": 805,
        "Net Income": 379
    },
    "2021-09-30": {
        "Diluted EPS": 0.88,
        "Total Revenue": NaN,
        "Gross Profit": NaN,
        "Operating Income": 668,
        "EBIT": 822,
        "Net Income": 392
    },
    "2021-06-30": {
        "Diluted EPS": 0.77,
        "Total Revenue": NaN,
        "Gross Profit": NaN,
        "Operating Income": 612,
        "EBIT": 768,
        "Net Income": 342
    },
    "2021-03-31": {
        "Diluted EPS": 0.86,
        "Total Revenue": NaN,
        "Gross Profit": NaN,
        "Operating Income": 665,
        "EBIT": 822,
        "Net Income": 386
    },
    "2020-12-31": {
        "Diluted EPS": 0.74,
        "Total Revenue": NaN,
        "Gross Profit": 943,
        "Operating Income": 539,
        "EBIT": 50,
        "Net Income": 308
    },
    "2020-09-30": {
        "Diluted EPS": 0.7,
        "Total Revenue": NaN,
        "Gross Profit": 909,
        "Operating Income": 550,
        "EBIT": 704,
        "Net Income": 312
    },
    "2020-06-30": {
        "Diluted EPS": 0.32,
        "Total Revenue": NaN,
        "Gross Profit": 720,
        "Operating Income": 356,
        "EBIT": 496,
        "Net Income": 134
    },
    "2020-03-31": {
        "Diluted EPS": -0.34,
        "Total Revenue": NaN,
        "Gross Profit": 860,
        "Operating Income": -83,
        "EBIT": 691,
        "Net Income": -142
    },
    "2019-12-31": {
        "Diluted EPS": 0.77,
        "Total Revenue": NaN,
        "Gross Profit": 872,
        "Operating Income": 487,
        "EBIT": 613,
        "Net Income": 320
    },
    "2019-09-30": {
        "Diluted EPS": 0.74,
        "Total Revenue": NaN,
        "Gross Profit": 849,
        "Operating Income": 482,
        "EBIT": 604,
        "Net Income": 309
    },
    "2019-06-30": {
        "Diluted EPS": 0.75,
        "Total Revenue": NaN,
        "Gross Profit": 832,
        "Operating Income": 476,
        "EBIT": 591,
        "Net Income": 312
    },
    "2019-03-31": {
        "Diluted EPS": 0.81,
        "Total Revenue": NaN,
        "Gross Profit": 824,
        "Operating Income": 469,
        "EBIT": 583,
        "Net Income": 337
    },
    "2018-12-31": {
        "Diluted EPS": 0.71,
        "Total Revenue": NaN,
        "Gross Profit": 819,
        "Operating Income": 472,
        "EBIT": 583,
        "Net Income": 293
    },
    "2018-09-30": {
        "Diluted EPS": 0.75,
        "Total Revenue": NaN,
        "Gross Profit": 833,
        "Operating Income": 496,
        "EBIT": 603,
        "Net Income": 313
    },
    "2018-06-30": {
        "Diluted EPS": 0.68,
        "Total Revenue": NaN,
        "Gross Profit": 785,
        "Operating Income": 448,
        "EBIT": 555,
        "Net Income": 281
    },
    "2018-03-31": {
        "Diluted EPS": 0.64,
        "Total Revenue": NaN,
        "Gross Profit": 734,
        "Operating Income": 420,
        "EBIT": 524,
        "Net Income": 264
    },
    "2017-12-31": {
        "Diluted EPS": 0.12,
        "Total Revenue": NaN,
        "Gross Profit": 718,
        "Operating Income": 401,
        "EBIT": 484,
        "Net Income": 63
    },
    "2017-09-30": {
        "Diluted EPS": 0.43,
        "Total Revenue": NaN,
        "Gross Profit": 677,
        "Operating Income": 355,
        "EBIT": 477,
        "Net Income": 165
    },
    "2017-06-30": {
        "Diluted EPS": 0.33,
        "Total Revenue": NaN,
        "Gross Profit": 635,
        "Operating Income": 319,
        "EBIT": 420,
        "Net Income": 71
    },
    "2017-03-31": {
        "Diluted EPS": 0.41,
        "Total Revenue": NaN,
        "Gross Profit": 606,
        "Operating Income": 317,
        "EBIT": 417,
        "Net Income": 87
    },
    "2016-12-31": {
        "Diluted EPS": 0.43,
        "Total Revenue": NaN,
        "Gross Profit": 633,
        "Operating Income": 340,
        "EBIT": 439,
        "Net Income": 91
    },
    "2016-09-30": {
        "Diluted EPS": 0.43,
        "Total Revenue": NaN,
        "Gross Profit": 606,
        "Operating Income": 329,
        "EBIT": 428,
        "Net Income": 92
    },
    "2016-06-30": {
        "Diluted EPS": 0.4,
        "Total Revenue": NaN,
        "Gross Profit": 607,
        "Operating Income": 315,
        "EBIT": 415,
        "Net Income": 86
    },
    "2016-03-31": {
        "Diluted EPS": 0.4,
        "Total Revenue": NaN,
        "Gross Profit": 579,
        "Operating Income": 311,
        "EBIT": 406,
        "Net Income": 83
    },
    "2015-12-31": {
        "Diluted EPS": 0.12,
        "Total Revenue": NaN,
        "Gross Profit": 598,
        "Operating Income": 242,
        "EBIT": 335,
        "Net Income": 26
    },
    "2015-09-30": {
        "Diluted EPS": 0.39,
        "Total Revenue": NaN,
        "Gross Profit": 538,
        "Operating Income": 285,
        "EBIT": 373,
        "Net Income": 82
    },
    "2015-06-30": {
        "Diluted EPS": 0.36,
        "Total Revenue": NaN,
        "Gross Profit": 525,
        "Operating Income": 273,
        "EBIT": 360,
        "Net Income": 77
    },
    "2015-03-31": {
        "Diluted EPS": 0.29,
        "Total Revenue": NaN,
        "Gross Profit": 461,
        "Operating Income": 196,
        "EBIT": 282,
        "Net Income": 61
    },
    "2014-12-31": {
        "Diluted EPS": 0.44,
        "Total Revenue": NaN,
        "Gross Profit": 563,
        "Operating Income": 307,
        "EBIT": 387,
        "Net Income": 95
    },
    "2014-09-30": {
        "Diluted EPS": 0.31,
        "Total Revenue": NaN,
        "Gross Profit": 537,
        "Operating Income": 291,
        "EBIT": 366,
        "Net Income": 64
    },
    "2014-06-30": {
        "Diluted EPS": 0.29,
        "Total Revenue": NaN,
        "Gross Profit": 495,
        "Operating Income": 251,
        "EBIT": 323,
        "Net Income": 62
    },
    "2014-03-31": {
        "Diluted EPS": 0.45,
        "Total Revenue": NaN,
        "Gross Profit": 511,
        "Operating Income": 294,
        "EBIT": 373,
        "Net Income": 94
    },
    "2013-12-31": {
        "Diluted EPS": 0.43,
        "Total Revenue": NaN,
        "Gross Profit": 442,
        "Operating Income": 246,
        "EBIT": 354,
        "Net Income": 91
    },
    "2013-09-30": {
        "Diluted EPS": 0.3,
        "Total Revenue": NaN,
        "Gross Profit": 424,
        "Operating Income": 231,
        "EBIT": 326,
        "Net Income": 62
    },
    "2013-06-30": {
        "Diluted EPS": 0.0,
        "Total Revenue": NaN,
        "Gross Profit": 413,
        "Operating Income": 228,
        "EBIT": 320,
        "Net Income": 1
    },
    "2013-03-31": {
        "Diluted EPS": 0.54,
        "Total Revenue": NaN,
        "Gross Profit": 371,
        "Operating Income": 175,
        "EBIT": 265,
        "Net Income": 113
    },
    "2012-12-31": {
        "Diluted EPS": 0.53,
        "Total Revenue": NaN,
        "Gross Profit": -103,
        "Operating Income": 151,
        "EBIT": 237,
        "Net Income": 112
    },
    "2012-09-30": {
        "Diluted EPS": 0.31,
        "Total Revenue": NaN,
        "Gross Profit": 554,
        "Operating Income": 243,
        "EBIT": 324,
        "Net Income": 65
    },
    "2012-06-30": {
        "Diluted EPS": 0.29,
        "Total Revenue": NaN,
        "Gross Profit": 549,
        "Operating Income": 234,
        "EBIT": 319,
        "Net Income": 61
    },
    "2012-03-31": {
        "Diluted EPS": 0.58,
        "Total Revenue": NaN,
        "Gross Profit": 644,
        "Operating Income": 326,
        "EBIT": 420,
        "Net Income": 123
    },
    "2011-12-31": {
        "Diluted EPS": 0.56,
        "Total Revenue": NaN,
        "Gross Profit": 699,
        "Operating Income": 365,
        "EBIT": 443,
        "Net Income": 115
    },
    "2011-09-30": {
        "Diluted EPS": 0.28,
        "Total Revenue": NaN,
        "Gross Profit": 533,
        "Operating Income": 249,
        "EBIT": 325,
        "Net Income": 60
    },
    "2011-06-30": {
        "Diluted EPS": 0.25,
        "Total Revenue": NaN,
        "Gross Profit": 519,
        "Operating Income": 216,
        "EBIT": 295,
        "Net Income": 55
    },
    "2011-03-31": {
        "Diluted EPS": 0.6,
        "Total Revenue": NaN,
        "Gross Profit": 630,
        "Operating Income": 328,
        "EBIT": 408,
        "Net Income": 130
    },
    "2010-12-31": {
        "Diluted EPS": 0.38,
        "Total Revenue": NaN,
        "Gross Profit": 533,
        "Operating Income": 240,
        "EBIT": 316,
        "Net Income": 83
    },
    "2010-09-30": {
        "Diluted EPS": 0.26,
        "Total Revenue": NaN,
        "Gross Profit": 451,
        "Operating Income": 187,
        "EBIT": 264,
        "Net Income": 55
    },
    "2010-06-30": {
        "Diluted EPS": 0.2,
        "Total Revenue": NaN,
        "Gross Profit": 458,
        "Operating Income": 179,
        "EBIT": 254,
        "Net Income": 42
    },
    "2010-03-31": {
        "Diluted EPS": 0.72,
        "Total Revenue": NaN,
        "Gross Profit": 619,
        "Operating Income": 337,
        "EBIT": 415,
        "Net Income": 155
    },
    "2009-12-31": {
        "Diluted EPS": 0.44,
        "Total Revenue": NaN,
        "Gross Profit": 562,
        "Operating Income": 261,
        "EBIT": 335,
        "Net Income": 93
    },
    "2009-09-30": {
        "Diluted EPS": 0.23,
        "Total Revenue": NaN,
        "Gross Profit": 452,
        "Operating Income": 174,
        "EBIT": 246,
        "Net Income": 48
    },
    "2009-06-30": {
        "Diluted EPS": 0.2,
        "Total Revenue": NaN,
        "Gross Profit": 432,
        "Operating Income": 155,
        "EBIT": 226,
        "Net Income": 42
    },
    "2009-03-31": {
        "Diluted EPS": 0.58,
        "Total Revenue": NaN,
        "Gross Profit": 551,
        "Operating Income": 293,
        "EBIT": 365,
        "Net Income": 122
    },
    "2023-06-30": {
        "Tax Effect Of Unusual Items": NaN,
        "Tax Rate For Calcs": NaN,
        "Normalized EBITDA": NaN,
        "Total Unusual Items": NaN,
        "Total Unusual Items Excluding Goodwill": NaN,
        "Net Income From Continuing Operation Net Minority Interest": NaN,
        "Reconciled Depreciation": NaN,
        "Reconciled Cost Of Revenue": NaN,
        "EBITDA": NaN,
        "EBIT": NaN,
        "Net Interest Income": NaN,
        "Interest Expense": NaN,
        "Normalized Income": NaN,
        "Net Income From Continuing And Discontinued Operation": NaN,
        "Total Expenses": NaN,
        "Total Operating Income As Reported": NaN,
        "Diluted Average Shares": 449000000.0,
        "Basic Average Shares": 448300000.0,
        "Diluted EPS": 1.04,
        "Basic EPS": 1.04,
        "Diluted NI Availto Com Stockholders": NaN,
        "Average Dilution Earnings": NaN,
        "Net Income Common Stockholders": NaN,
        "Preferred Stock Dividends": NaN,
        "Net Income": NaN,
        "Net Income Including Noncontrolling Interests": NaN,
        "Net Income Continuous Operations": NaN,
        "Tax Provision": NaN,
        "Pretax Income": NaN,
        "Other Income Expense": NaN,
        "Other Non Operating Income Expenses": NaN,
        "Special Income Charges": NaN,
        "Restructuring And Mergern Acquisition": NaN,
        "Earnings From Equity Interest": NaN,
        "Net Non Operating Interest Income Expense": NaN,
        "Interest Expense Non Operating": NaN,
        "Operating Income": NaN,
        "Operating Expense": NaN,
        "Other Operating Expenses": NaN,
        "Other Taxes": NaN,
        "Gross Profit": NaN,
        "Cost Of Revenue": NaN,
        "Total Revenue": NaN,
        "Operating Revenue": NaN
    },
    "2023-09-30": {
        "Tax Effect Of Unusual Items": -29147899.159664,
        "Tax Rate For Calcs": 0.236975,
        "Normalized EBITDA": 1110000000.0,
        "Total Unusual Items": -123000000.0,
        "Total Unusual Items Excluding Goodwill": -123000000.0,
        "Net Income From Continuing Operation Net Minority Interest": 454000000.0,
        "Reconciled Depreciation": 177000000.0,
        "Reconciled Cost Of Revenue": 2976000000.0,
        "EBITDA": 987000000.0,
        "EBIT": 810000000.0,
        "Net Interest Income": -215000000.0,
        "Interest Expense": 215000000.0,
        "Normalized Income": 547852100.840336,
        "Net Income From Continuing And Discontinued Operation": 454000000.0,
        "Total Expenses": 3327000000.0,
        "Total Operating Income As Reported": 739000000.0,
        "Diluted Average Shares": 458200000.0,
        "Basic Average Shares": 457300000.0,
        "Diluted EPS": 0.99,
        "Basic EPS": 0.99,
        "Diluted NI Availto Com Stockholders": 453000000.0,
        "Average Dilution Earnings": 0.0,
        "Net Income Common Stockholders": 453000000.0,
        "Preferred Stock Dividends": 1000000.0,
        "Net Income": 454000000.0,
        "Net Income Including Noncontrolling Interests": 454000000.0,
        "Net Income Continuous Operations": 454000000.0,
        "Tax Provision": 141000000.0,
        "Pretax Income": 595000000.0,
        "Other Income Expense": -52000000.0,
        "Other Non Operating Income Expenses": 22000000.0,
        "Special Income Charges": -123000000.0,
        "Restructuring And Mergern Acquisition": 123000000.0,
        "Earnings From Equity Interest": 49000000.0,
        "Net Non Operating Interest Income Expense": -215000000.0,
        "Interest Expense Non Operating": 215000000.0,
        "Operating Income": 862000000.0,
        "Operating Expense": 351000000.0,
        "Other Operating Expenses": -1000000.0,
        "Other Taxes": 44000000.0,
        "Gross Profit": 1213000000.0,
        "Cost Of Revenue": 2976000000.0,
        "Total Revenue": 4189000000.0,
        "Operating Revenue": 4189000000.0
    },
    "2023-12-31": {
        "Tax Effect Of Unusual Items": -6098901.098901,
        "Tax Rate For Calcs": 0.243956,
        "Normalized EBITDA": 1500000000.0,
        "Total Unusual Items": -25000000.0,
        "Total Unusual Items Excluding Goodwill": -25000000.0,
        "Net Income From Continuing Operation Net Minority Interest": 688000000.0,
        "Reconciled Depreciation": 260000000.0,
        "Reconciled Cost Of Revenue": 3561000000.0,
        "EBITDA": 1475000000.0,
        "EBIT": 1215000000.0,
        "Net Interest Income": -305000000.0,
        "Interest Expense": 305000000.0,
        "Normalized Income": 706901098.901099,
        "Net Income From Continuing And Discontinued Operation": 688000000.0,
        "Total Expenses": 4111000000.0,
        "Total Operating Income As Reported": 1099000000.0,
        "Diluted Average Shares": NaN,
        "Basic Average Shares": NaN,
        "Diluted EPS": NaN,
        "Basic EPS": NaN,
        "Diluted NI Availto Com Stockholders": 688000000.0,
        "Average Dilution Earnings": 0.0,
        "Net Income Common Stockholders": 688000000.0,
        "Preferred Stock Dividends": 0.0,
        "Net Income": 688000000.0,
        "Net Income Including Noncontrolling Interests": 688000000.0,
        "Net Income Continuous Operations": 688000000.0,
        "Tax Provision": 222000000.0,
        "Pretax Income": 910000000.0,
        "Other Income Expense": 91000000.0,
        "Other Non Operating Income Expenses": 46000000.0,
        "Special Income Charges": -25000000.0,
        "Restructuring And Mergern Acquisition": 25000000.0,
        "Earnings From Equity Interest": 70000000.0,
        "Net Non Operating Interest Income Expense": -305000000.0,
        "Interest Expense Non Operating": 305000000.0,
        "Operating Income": 1124000000.0,
        "Operating Expense": 550000000.0,
        "Other Operating Expenses": -4000000.0,
        "Other Taxes": 68000000.0,
        "Gross Profit": 1674000000.0,
        "Cost Of Revenue": 3561000000.0,
        "Total Revenue": 5235000000.0,
        "Operating Revenue": 5235000000.0
    },
    "2024-03-31": {
        "Tax Effect Of Unusual Items": 0.0,
        "Tax Rate For Calcs": 0.245573,
        "Normalized EBITDA": 1401000000.0,
        "Total Unusual Items": NaN,
        "Total Unusual Items Excluding Goodwill": NaN,
        "Net Income From Continuing Operation Net Minority Interest": 639000000.0,
        "Reconciled Depreciation": 254000000.0,
        "Reconciled Cost Of Revenue": 3151000000.0,
        "EBITDA": 1401000000.0,
        "EBIT": 1147000000.0,
        "Net Interest Income": -300000000.0,
        "Interest Expense": 300000000.0,
        "Normalized Income": 639000000.0,
        "Net Income From Continuing And Discontinued Operation": 639000000.0,
        "Total Expenses": 3717000000.0,
        "Total Operating Income As Reported": 1064000000.0,
        "Diluted Average Shares": 585700000.0,
        "Basic Average Shares": 584200000.0,
        "Diluted EPS": 1.09,
        "Basic EPS": 1.09,
        "Diluted NI Availto Com Stockholders": 639000000.0,
        "Average Dilution Earnings": 0.0,
        "Net Income Common Stockholders": 639000000.0,
        "Preferred Stock Dividends": NaN,
        "Net Income": 639000000.0,
        "Net Income Including Noncontrolling Interests": 639000000.0,
        "Net Income Continuous Operations": 639000000.0,
        "Tax Provision": 208000000.0,
        "Pretax Income": 847000000.0,
        "Other Income Expense": 83000000.0,
        "Other Non Operating Income Expenses": 7000000.0,
        "Special Income Charges": NaN,
        "Restructuring And Mergern Acquisition": NaN,
        "Earnings From Equity Interest": 76000000.0,
        "Net Non Operating Interest Income Expense": -300000000.0,
        "Interest Expense Non Operating": 300000000.0,
        "Operating Income": 1064000000.0,
        "Operating Expense": 566000000.0,
        "Other Operating Expenses": -6000000.0,
        "Other Taxes": 86000000.0,
        "Gross Profit": 1630000000.0,
        "Cost Of Revenue": 3151000000.0,
        "Total Revenue": 4781000000.0,
        "Operating Revenue": 4781000000.0
    },
    "2024-06-30": {
        "Tax Effect Of Unusual Items": 0.0,
        "Tax Rate For Calcs": 0.237537,
        "Normalized EBITDA": 1583000000.0,
        "Total Unusual Items": NaN,
        "Total Unusual Items Excluding Goodwill": NaN,
        "Net Income From Continuing Operation Net Minority Interest": 780000000.0,
        "Reconciled Depreciation": 262000000.0,
        "Reconciled Cost Of Revenue": 3153000000.0,
        "EBITDA": 1583000000.0,
        "EBIT": 1321000000.0,
        "Net Interest Income": -298000000.0,
        "Interest Expense": 298000000.0,
        "Normalized Income": 780000000.0,
        "Net Income From Continuing And Discontinued Operation": 780000000.0,
        "Total Expenses": 3665000000.0,
        "Total Operating Income As Reported": 1229000000.0,
        "Diluted Average Shares": 585800000.0,
        "Basic Average Shares": 584600000.0,
        "Diluted EPS": 1.33,
        "Basic EPS": 1.33,
        "Diluted NI Availto Com Stockholders": 780000000.0,
        "Average Dilution Earnings": 0.0,
        "Net Income Common Stockholders": 780000000.0,
        "Preferred Stock Dividends": NaN,
        "Net Income": 780000000.0,
        "Net Income Including Noncontrolling Interests": 780000000.0,
        "Net Income Continuous Operations": 780000000.0,
        "Tax Provision": 243000000.0,
        "Pretax Income": 1023000000.0,
        "Other Income Expense": 92000000.0,
        "Other Non Operating Income Expenses": 4000000.0,
        "Special Income Charges": NaN,
        "Restructuring And Mergern Acquisition": NaN,
        "Earnings From Equity Interest": 88000000.0,
        "Net Non Operating Interest Income Expense": -298000000.0,
        "Interest Expense Non Operating": 298000000.0,
        "Operating Income": 1229000000.0,
        "Operating Expense": 512000000.0,
        "Other Operating Expenses": -61000000.0,
        "Other Taxes": 83000000.0,
        "Gross Profit": 1741000000.0,
        "Cost Of Revenue": 3153000000.0,
        "Total Revenue": 4894000000.0,
        "Operating Revenue": 4894000000.0
    },
    "2024-09-30": {
        "Tax Effect Of Unusual Items": -2401315.789474,
        "Tax Rate For Calcs": 0.240132,
        "Normalized EBITDA": 1521000000.0,
        "Total Unusual Items": -10000000.0,
        "Total Unusual Items Excluding Goodwill": -10000000.0,
        "Net Income From Continuing Operation Net Minority Interest": 693000000.0,
        "Reconciled Depreciation": 274000000.0,
        "Reconciled Cost Of Revenue": 3301000000.0,
        "EBITDA": 1511000000.0,
        "EBIT": 1237000000.0,
        "Net Interest Income": -325000000.0,
        "Interest Expense": 325000000.0,
        "Normalized Income": 700598684.210526,
        "Net Income From Continuing And Discontinued Operation": 693000000.0,
        "Total Expenses": 3885000000.0,
        "Total Operating Income As Reported": 1128000000.0,
        "Diluted Average Shares": 586700000.0,
        "Basic Average Shares": 584800000.0,
        "Diluted EPS": 1.18,
        "Basic EPS": 1.18,
        "Diluted NI Availto Com Stockholders": 692000000.0,
        "Average Dilution Earnings": 0.0,
        "Net Income Common Stockholders": 692000000.0,
        "Preferred Stock Dividends": 1000000.0,
        "Net Income": 693000000.0,
        "Net Income Including Noncontrolling Interests": 693000000.0,
        "Net Income Continuous Operations": 693000000.0,
        "Tax Provision": 219000000.0,
        "Pretax Income": 912000000.0,
        "Other Income Expense": 99000000.0,
        "Other Non Operating Income Expenses": 17000000.0,
        "Special Income Charges": -10000000.0,
        "Restructuring And Mergern Acquisition": 10000000.0,
        "Earnings From Equity Interest": 92000000.0,
        "Net Non Operating Interest Income Expense": -325000000.0,
        "Interest Expense Non Operating": 325000000.0,
        "Operating Income": 1138000000.0,
        "Operating Expense": 584000000.0,
        "Other Operating Expenses": 2000000.0,
        "Other Taxes": 70000000.0,
        "Gross Profit": 1722000000.0,
        "Cost Of Revenue": 3301000000.0,
        "Total Revenue": 5023000000.0,
        "Operating Revenue": 5023000000.0
    }
}