{
    "2023-03-31": {
        "Tax Effect Of Unusual Items": NaN,
        "Tax Rate For Calcs": NaN,
        "Normalized EBITDA": NaN,
        "Total Unusual Items": -327925.0,
        "Total Unusual Items Excluding Goodwill": -327925.0,
        "Net Income From Continuing Operation Net Minority Interest": NaN,
        "Reconciled Depreciation": NaN,
        "Reconciled Cost Of Revenue": NaN,
        "EBITDA": NaN,
        "EBIT": NaN,
        "Net Interest Income": NaN,
        "Interest Expense": NaN,
        "Normalized Income": NaN,
        "Net Income From Continuing And Discontinued Operation": NaN,
        "Total Expenses": NaN,
        "Total Operating Income As Reported": NaN,
        "Diluted Average Shares": NaN,
        "Basic Average Shares": NaN,
        "Diluted EPS": NaN,
        "Basic EPS": NaN,
        "Diluted NI Availto Com Stockholders": NaN,
        "Net Income Common Stockholders": NaN,
        "Preferred Stock Dividends": NaN,
        "Net Income": NaN,
        "Minority Interests": NaN,
        "Net Income Including Noncontrolling Interests": NaN,
        "Net Income Continuous Operations": NaN,
        "Tax Provision": NaN,
        "Pretax Income": NaN,
        "Other Income Expense": -213271.0,
        "Other Non Operating Income Expenses": 114654.0,
        "Gain On Sale Of Security": -327925.0,
        "Net Non Operating Interest Income Expense": NaN,
        "Interest Expense Non Operating": NaN,
        "Operating Income": NaN,
        "Operating Expense": NaN,
        "Depreciation Amortization Depletion Income Statement": NaN,
        "Depreciation And Amortization In Income Statement": NaN,
        "Amortization": NaN,
        "Amortization Of Intangibles Income Statement": NaN,
        "Depreciation Income Statement": NaN,
        "Selling General And Administration": NaN,
        "General And Administrative Expense": NaN,
        "Other Gand A": NaN,
        "Gross Profit": NaN,
        "Cost Of Revenue": NaN,
        "Total Revenue": NaN,
        "Operating Revenue": NaN
    },
    "2022-12-31": {
        "Tax Effect Of Unusual Items": NaN,
        "Tax Rate For Calcs": NaN,
        "Normalized EBITDA": NaN,
        "Total Unusual Items": NaN,
        "Total Unusual Items Excluding Goodwill": NaN,
        "Net Income From Continuing Operation Net Minority Interest": NaN,
        "Reconciled Depreciation": NaN,
        "Reconciled Cost Of Revenue": NaN,
        "EBITDA": NaN,
        "EBIT": NaN,
        "Net Interest Income": 0.0,
        "Interest Expense": 0.0,
        "Normalized Income": NaN,
        "Net Income From Continuing And Discontinued Operation": NaN,
        "Total Expenses": NaN,
        "Total Operating Income As Reported": NaN,
        "Diluted Average Shares": NaN,
        "Basic Average Shares": NaN,
        "Diluted EPS": NaN,
        "Basic EPS": NaN,
        "Diluted NI Availto Com Stockholders": NaN,
        "Net Income Common Stockholders": NaN,
        "Preferred Stock Dividends": NaN,
        "Net Income": NaN,
        "Minority Interests": NaN,
        "Net Income Including Noncontrolling Interests": NaN,
        "Net Income Continuous Operations": NaN,
        "Tax Provision": NaN,
        "Pretax Income": NaN,
        "Other Income Expense": NaN,
        "Other Non Operating Income Expenses": 0.0,
        "Gain On Sale Of Security": NaN,
        "Net Non Operating Interest Income Expense": 0.0,
        "Interest Expense Non Operating": 0.0,
        "Operating Income": NaN,
        "Operating Expense": NaN,
        "Depreciation Amortization Depletion Income Statement": NaN,
        "Depreciation And Amortization In Income Statement": NaN,
        "Amortization": NaN,
        "Amortization Of Intangibles Income Statement": NaN,
        "Depreciation Income Statement": NaN,
        "Selling General And Administration": NaN,
        "General And Administrative Expense": NaN,
        "Other Gand A": NaN,
        "Salaries And Wages": 1267813.0,
        "Gross Profit": NaN,
        "Cost Of Revenue": NaN,
        "Total Revenue": NaN,
        "Operating Revenue": NaN
    },
    "2022-09-30": {
        "Tax Effect Of Unusual Items": NaN,
        "Tax Rate For Calcs": NaN,
        "Normalized EBITDA": NaN,
        "Total Unusual Items": NaN,
        "Total Unusual Items Excluding Goodwill": NaN,
        "Net Income From Continuing Operation Net Minority Interest": NaN,
        "Reconciled Depreciation": NaN,
        "Reconciled Cost Of Revenue": NaN,
        "EBITDA": NaN,
        "EBIT": NaN,
        "Net Interest Income": 0.0,
        "Interest Expense": 0.0,
        "Normalized Income": NaN,
        "Net Income From Continuing And Discontinued Operation": NaN,
        "Total Expenses": NaN,
        "Total Operating Income As Reported": NaN,
        "Diluted Average Shares": 1470280.0,
        "Basic Average Shares": 1470280.0,
        "Diluted EPS": -1.3,
        "Basic EPS": -1.3,
        "Diluted NI Availto Com Stockholders": NaN,
        "Net Income Common Stockholders": NaN,
        "Preferred Stock Dividends": NaN,
        "Net Income": NaN,
        "Minority Interests": NaN,
        "Net Income Including Noncontrolling Interests": NaN,
        "Net Income Continuous Operations": NaN,
        "Tax Provision": NaN,
        "Pretax Income": NaN,
        "Other Income Expense": NaN,
        "Other Non Operating Income Expenses": -9989.0,
        "Gain On Sale Of Security": NaN,
        "Net Non Operating Interest Income Expense": 0.0,
        "Interest Expense Non Operating": 0.0,
        "Operating Income": NaN,
        "Operating Expense": NaN,
        "Depreciation Amortization Depletion Income Statement": NaN,
        "Depreciation And Amortization In Income Statement": NaN,
        "Amortization": NaN,
        "Amortization Of Intangibles Income Statement": NaN,
        "Depreciation Income Statement": NaN,
        "Selling General And Administration": NaN,
        "General And Administrative Expense": NaN,
        "Other Gand A": NaN,
        "Salaries And Wages": 649012.0,
        "Gross Profit": NaN,
        "Cost Of Revenue": NaN,
        "Total Revenue": NaN,
        "Operating Revenue": NaN
    },
    "2022-06-30": {
        "Tax Effect Of Unusual Items": 0.0,
        "Tax Rate For Calcs": 0.0,
        "Normalized EBITDA": 167893.0,
        "Total Unusual Items": NaN,
        "Total Unusual Items Excluding Goodwill": NaN,
        "Net Income From Continuing Operation Net Minority Interest": -1437954.0,
        "Reconciled Depreciation": 1438969.0,
        "Reconciled Cost Of Revenue": 6839019.0,
        "EBITDA": 167893.0,
        "EBIT": -1437954.0,
        "Net Interest Income": 0.0,
        "Interest Expense": 0.0,
        "Normalized Income": -1437954.0,
        "Net Income From Continuing And Discontinued Operation": -1437954.0,
        "Total Expenses": 10203557.0,
        "Total Operating Income As Reported": -1831122.0,
        "Diluted Average Shares": 14702804.0,
        "Basic Average Shares": 14702804.0,
        "Diluted EPS": -0.11,
        "Basic EPS": -0.11,
        "Diluted NI Availto Com Stockholders": -1437954.0,
        "Net Income Common Stockholders": -1437954.0,
        "Preferred Stock Dividends": NaN,
        "Net Income": -1437954.0,
        "Minority Interests": NaN,
        "Net Income Including Noncontrolling Interests": -1437954.0,
        "Net Income Continuous Operations": -1437954.0,
        "Tax Provision": 0.0,
        "Pretax Income": -1437954.0,
        "Other Income Expense": 393168.0,
        "Other Non Operating Income Expenses": 393168.0,
        "Gain On Sale Of Security": NaN,
        "Net Non Operating Interest Income Expense": 0.0,
        "Interest Expense Non Operating": 0.0,
        "Operating Income": -1831122.0,
        "Operating Expense": 3531416.0,
        "Depreciation Amortization Depletion Income Statement": 1605847.0,
        "Depreciation And Amortization In Income Statement": 1605847.0,
        "Amortization": 903353.0,
        "Amortization Of Intangibles Income Statement": 903353.0,
        "Depreciation Income Statement": 702494.0,
        "Selling General And Administration": 1925569.0,
        "General And Administrative Expense": 1925569.0,
        "Other Gand A": 1302655.0,
        "Salaries And Wages": 622914.0,
        "Gross Profit": 1700294.0,
        "Cost Of Revenue": 6672141.0,
        "Total Revenue": 8372435.0,
        "Operating Revenue": 8040109.0
    },
    "2022-03-31": {
        "Diluted EPS": -0.11,
        "Total Revenue": 9,
        "Gross Profit": 3,
        "Operating Income": -1,
        "EBIT": 0,
        "Net Income": -2
    },
    "2021-12-31": {
        "Diluted EPS": -0.33,
        "Total Revenue": 9,
        "Gross Profit": 1,
        "Operating Income": -2,
        "EBIT": -1,
        "Net Income": -3
    },
    "2021-09-30": {
        "Diluted EPS": -0.11,
        "Total Revenue": 3,
        "Gross Profit": 1,
        "Operating Income": -1,
        "EBIT": -1,
        "Net Income": -1
    },
    "2021-06-30": {
        "Diluted EPS": -0.09,
        "Total Revenue": 3,
        "Gross Profit": 1,
        "Operating Income": -1,
        "EBIT": 0,
        "Net Income": -1
    },
    "2021-03-31": {
        "Diluted EPS": -0.17,
        "Total Revenue": 2,
        "Gross Profit": 1,
        "Operating Income": -1,
        "EBIT": -1,
        "Net Income": -1
    },
    "2020-12-31": {
        "Diluted EPS": 0.0,
        "Total Revenue": 3,
        "Gross Profit": 1,
        "Operating Income": 0,
        "EBIT": 0,
        "Net Income": 0
    },
    "2020-09-30": {
        "Diluted EPS": -0.11,
        "Total Revenue": 2,
        "Gross Profit": 1,
        "Operating Income": 0,
        "EBIT": 0,
        "Net Income": -1
    },
    "2020-06-30": {
        "Diluted EPS": -0.09,
        "Total Revenue": 2,
        "Gross Profit": 1,
        "Operating Income": 0,
        "EBIT": 0,
        "Net Income": -1
    },
    "2020-03-31": {
        "Diluted EPS": -0.1,
        "Total Revenue": 3,
        "Gross Profit": 1,
        "Operating Income": 0,
        "EBIT": 0,
        "Net Income": -1
    },
    "2019-12-31": {
        "Diluted EPS": 0.0,
        "Total Revenue": NaN,
        "Gross Profit": NaN,
        "Operating Income": NaN,
        "EBIT": NaN,
        "Net Income": NaN
    },
    "2018-12-31": {
        "Diluted EPS": 0.0,
        "Total Revenue": NaN,
        "Gross Profit": NaN,
        "Operating Income": NaN,
        "EBIT": NaN,
        "Net Income": NaN
    },
    "2023-06-30": {
        "Tax Effect Of Unusual Items": NaN,
        "Tax Rate For Calcs": NaN,
        "Normalized EBITDA": NaN,
        "Total Unusual Items": 42193.0,
        "Total Unusual Items Excluding Goodwill": 42193.0,
        "Net Income From Continuing Operation Net Minority Interest": NaN,
        "Reconciled Depreciation": NaN,
        "Reconciled Cost Of Revenue": NaN,
        "EBITDA": NaN,
        "EBIT": NaN,
        "Net Interest Income": 0.0,
        "Interest Expense": 0.0,
        "Normalized Income": NaN,
        "Net Income From Continuing And Discontinued Operation": NaN,
        "Total Expenses": NaN,
        "Total Operating Income As Reported": NaN,
        "Diluted Average Shares": 1514821.0,
        "Basic Average Shares": 1514821.0,
        "Diluted EPS": -0.41,
        "Basic EPS": -0.41,
        "Diluted NI Availto Com Stockholders": NaN,
        "Net Income Common Stockholders": NaN,
        "Preferred Stock Dividends": NaN,
        "Net Income": NaN,
        "Minority Interests": NaN,
        "Net Income Including Noncontrolling Interests": NaN,
        "Net Income Continuous Operations": NaN,
        "Tax Provision": NaN,
        "Pretax Income": NaN,
        "Other Income Expense": 42193.0,
        "Other Non Operating Income Expenses": NaN,
        "Gain On Sale Of Security": 42193.0,
        "Net Non Operating Interest Income Expense": 0.0,
        "Interest Expense Non Operating": 0.0,
        "Operating Income": NaN,
        "Operating Expense": NaN,
        "Depreciation Amortization Depletion Income Statement": NaN,
        "Depreciation And Amortization In Income Statement": NaN,
        "Amortization": NaN,
        "Amortization Of Intangibles Income Statement": NaN,
        "Depreciation Income Statement": NaN,
        "Selling General And Administration": NaN,
        "General And Administrative Expense": NaN,
        "Other Gand A": NaN,
        "Gross Profit": NaN,
        "Cost Of Revenue": NaN,
        "Total Revenue": NaN,
        "Operating Revenue": NaN
    },
    "2023-09-30": {
        "Tax Effect Of Unusual Items": 0.0,
        "Tax Rate For Calcs": 0.0,
        "Normalized EBITDA": -49329.0,
        "Total Unusual Items": -24947.0,
        "Total Unusual Items Excluding Goodwill": -24947.0,
        "Net Income From Continuing Operation Net Minority Interest": -1801738.0,
        "Reconciled Depreciation": 1810574.0,
        "Reconciled Cost Of Revenue": 7134019.0,
        "EBITDA": -74276.0,
        "EBIT": -1884850.0,
        "Net Interest Income": 0.0,
        "Interest Expense": 0.0,
        "Normalized Income": -1776791.0,
        "Net Income From Continuing And Discontinued Operation": -1801738.0,
        "Total Expenses": 11554343.0,
        "Total Operating Income As Reported": -1859903.0,
        "Diluted Average Shares": 1514821.0,
        "Basic Average Shares": 1514821.0,
        "Diluted EPS": -1.21,
        "Basic EPS": -1.21,
        "Diluted NI Availto Com Stockholders": -1833049.0,
        "Net Income Common Stockholders": -1833049.0,
        "Preferred Stock Dividends": 31311.0,
        "Net Income": -1801738.0,
        "Minority Interests": 83112.0,
        "Net Income Including Noncontrolling Interests": -1884850.0,
        "Net Income Continuous Operations": -1884850.0,
        "Tax Provision": 0.0,
        "Pretax Income": -1884850.0,
        "Other Income Expense": -24947.0,
        "Other Non Operating Income Expenses": NaN,
        "Gain On Sale Of Security": -24947.0,
        "Net Non Operating Interest Income Expense": 0.0,
        "Interest Expense Non Operating": 0.0,
        "Operating Income": -1859903.0,
        "Operating Expense": 4420324.0,
        "Depreciation Amortization Depletion Income Statement": 1810574.0,
        "Depreciation And Amortization In Income Statement": 1810574.0,
        "Amortization": 933053.0,
        "Amortization Of Intangibles Income Statement": 933053.0,
        "Depreciation Income Statement": 877521.0,
        "Selling General And Administration": 2609750.0,
        "General And Administrative Expense": 2609750.0,
        "Other Gand A": 2609750.0,
        "Gross Profit": 2560421.0,
        "Cost Of Revenue": 7134019.0,
        "Total Revenue": 9694440.0,
        "Operating Revenue": 9547372.0
    },
    "2023-12-31": {
        "Tax Effect Of Unusual Items": 0.0,
        "Tax Rate For Calcs": 0.0,
        "Normalized EBITDA": -4429357.0,
        "Total Unusual Items": -12279863.0,
        "Total Unusual Items Excluding Goodwill": -12279863.0,
        "Net Income From Continuing Operation Net Minority Interest": -18172252.0,
        "Reconciled Depreciation": 1522463.0,
        "Reconciled Cost Of Revenue": 6014047.0,
        "EBITDA": -16709220.0,
        "EBIT": -18231683.0,
        "Net Interest Income": NaN,
        "Interest Expense": NaN,
        "Normalized Income": -5892389.0,
        "Net Income From Continuing And Discontinued Operation": -18172252.0,
        "Total Expenses": 11592057.0,
        "Total Operating Income As Reported": -18584249.0,
        "Diluted Average Shares": NaN,
        "Basic Average Shares": NaN,
        "Diluted EPS": NaN,
        "Basic EPS": NaN,
        "Diluted NI Availto Com Stockholders": -18203563.0,
        "Net Income Common Stockholders": -18203563.0,
        "Preferred Stock Dividends": 31311.0,
        "Net Income": -18172252.0,
        "Minority Interests": 11889.0,
        "Net Income Including Noncontrolling Interests": -18184141.0,
        "Net Income Continuous Operations": -18184141.0,
        "Tax Provision": 0.0,
        "Pretax Income": -18184141.0,
        "Other Income Expense": -12354197.0,
        "Other Non Operating Income Expenses": -74334.0,
        "Gain On Sale Of Security": 622925.0,
        "Net Non Operating Interest Income Expense": NaN,
        "Interest Expense Non Operating": NaN,
        "Operating Income": -5681461.0,
        "Operating Expense": 5578010.0,
        "Depreciation Amortization Depletion Income Statement": 1522463.0,
        "Depreciation And Amortization In Income Statement": 1522463.0,
        "Amortization": 1439402.0,
        "Amortization Of Intangibles Income Statement": 1439402.0,
        "Depreciation Income Statement": 83061.0,
        "Selling General And Administration": 4055547.0,
        "General And Administrative Expense": 4055547.0,
        "Other Gand A": 4055547.0,
        "Gross Profit": -103451.0,
        "Cost Of Revenue": 6014047.0,
        "Total Revenue": 5910596.0,
        "Operating Revenue": 5893972.0
    },
    "2024-03-31": {
        "Tax Effect Of Unusual Items": 0.0,
        "Tax Rate For Calcs": 0.0,
        "Normalized EBITDA": -1947084.0,
        "Total Unusual Items": 499960.0,
        "Total Unusual Items Excluding Goodwill": 499960.0,
        "Net Income From Continuing Operation Net Minority Interest": -2371596.0,
        "Reconciled Depreciation": 940481.0,
        "Reconciled Cost Of Revenue": 3769931.0,
        "EBITDA": -1447124.0,
        "EBIT": -2387605.0,
        "Net Interest Income": -13013.0,
        "Interest Expense": 13013.0,
        "Normalized Income": -2871556.0,
        "Net Income From Continuing And Discontinued Operation": -2371596.0,
        "Total Expenses": 6383747.0,
        "Total Operating Income As Reported": -2887565.0,
        "Diluted Average Shares": 1748423.0,
        "Basic Average Shares": 1748423.0,
        "Diluted EPS": -1.4,
        "Basic EPS": -1.4,
        "Diluted NI Availto Com Stockholders": -2402907.0,
        "Net Income Common Stockholders": -2402907.0,
        "Preferred Stock Dividends": 31311.0,
        "Net Income": -2371596.0,
        "Minority Interests": 29022.0,
        "Net Income Including Noncontrolling Interests": -2400618.0,
        "Net Income Continuous Operations": -2400618.0,
        "Tax Provision": 0.0,
        "Pretax Income": -2400618.0,
        "Other Income Expense": 499960.0,
        "Other Non Operating Income Expenses": NaN,
        "Gain On Sale Of Security": 499960.0,
        "Net Non Operating Interest Income Expense": -13013.0,
        "Interest Expense Non Operating": 13013.0,
        "Operating Income": -2887565.0,
        "Operating Expense": 2613816.0,
        "Depreciation Amortization Depletion Income Statement": 940481.0,
        "Depreciation And Amortization In Income Statement": 940481.0,
        "Amortization": 190961.0,
        "Amortization Of Intangibles Income Statement": 190961.0,
        "Depreciation Income Statement": 749520.0,
        "Selling General And Administration": 1673335.0,
        "General And Administrative Expense": 1673335.0,
        "Other Gand A": 1673335.0,
        "Gross Profit": -273749.0,
        "Cost Of Revenue": 3769931.0,
        "Total Revenue": 3496182.0,
        "Operating Revenue": 3387314.0
    },
    "2024-06-30": {
        "Tax Effect Of Unusual Items": 0.0,
        "Tax Rate For Calcs": 0.0,
        "Normalized EBITDA": -1653565.0,
        "Total Unusual Items": NaN,
        "Total Unusual Items Excluding Goodwill": NaN,
        "Net Income From Continuing Operation Net Minority Interest": -2648012.0,
        "Reconciled Depreciation": 961518.0,
        "Reconciled Cost Of Revenue": 3661877.0,
        "EBITDA": -1653565.0,
        "EBIT": -2615083.0,
        "Net Interest Income": -32929.0,
        "Interest Expense": 32929.0,
        "Normalized Income": -2648012.0,
        "Net Income From Continuing And Discontinued Operation": -2648012.0,
        "Total Expenses": 6136237.0,
        "Total Operating Income As Reported": -2615083.0,
        "Diluted Average Shares": 1797583.0,
        "Basic Average Shares": 1797583.0,
        "Diluted EPS": -1.49,
        "Basic EPS": -1.49,
        "Diluted NI Availto Com Stockholders": -2678982.0,
        "Net Income Common Stockholders": -2678982.0,
        "Preferred Stock Dividends": 30970.0,
        "Net Income": -2648012.0,
        "Minority Interests": 0.0,
        "Net Income Including Noncontrolling Interests": -2648012.0,
        "Net Income Continuous Operations": -2648012.0,
        "Tax Provision": 0.0,
        "Pretax Income": -2648012.0,
        "Other Income Expense": NaN,
        "Other Non Operating Income Expenses": NaN,
        "Gain On Sale Of Security": NaN,
        "Net Non Operating Interest Income Expense": -32929.0,
        "Interest Expense Non Operating": 32929.0,
        "Operating Income": -2615083.0,
        "Operating Expense": 2474360.0,
        "Depreciation Amortization Depletion Income Statement": 961518.0,
        "Depreciation And Amortization In Income Statement": 961518.0,
        "Amortization": 117847.0,
        "Amortization Of Intangibles Income Statement": 117847.0,
        "Depreciation Income Statement": 843671.0,
        "Selling General And Administration": 1512842.0,
        "General And Administrative Expense": 1512842.0,
        "Other Gand A": 1512842.0,
        "Gross Profit": -140723.0,
        "Cost Of Revenue": 3661877.0,
        "Total Revenue": 3521154.0,
        "Operating Revenue": 3376128.0
    },
    "2024-09-30": {
        "Tax Effect Of Unusual Items": 0.0,
        "Tax Rate For Calcs": 0.0,
        "Normalized EBITDA": -861742.0,
        "Total Unusual Items": NaN,
        "Total Unusual Items Excluding Goodwill": NaN,
        "Net Income From Continuing Operation Net Minority Interest": -1630258.0,
        "Reconciled Depreciation": 768516.0,
        "Reconciled Cost Of Revenue": 3209198.0,
        "EBITDA": -861742.0,
        "EBIT": -1630258.0,
        "Net Interest Income": 0.0,
        "Interest Expense": 0.0,
        "Normalized Income": -1630258.0,
        "Net Income From Continuing And Discontinued Operation": -1630258.0,
        "Total Expenses": 4714180.0,
        "Total Operating Income As Reported": -1630258.0,
        "Diluted Average Shares": 1798393.0,
        "Basic Average Shares": 1798393.0,
        "Diluted EPS": -0.92,
        "Basic EPS": -0.92,
        "Diluted NI Availto Com Stockholders": -1661569.0,
        "Net Income Common Stockholders": -1661569.0,
        "Preferred Stock Dividends": 31311.0,
        "Net Income": -1630258.0,
        "Minority Interests": 0.0,
        "Net Income Including Noncontrolling Interests": -1630258.0,
        "Net Income Continuous Operations": -1630258.0,
        "Tax Provision": 0.0,
        "Pretax Income": -1630258.0,
        "Other Income Expense": NaN,
        "Other Non Operating Income Expenses": NaN,
        "Gain On Sale Of Security": NaN,
        "Net Non Operating Interest Income Expense": 0.0,
        "Interest Expense Non Operating": 0.0,
        "Operating Income": -1630258.0,
        "Operating Expense": 1504982.0,
        "Depreciation Amortization Depletion Income Statement": 768516.0,
        "Depreciation And Amortization In Income Statement": 768516.0,
        "Amortization": 112499.0,
        "Amortization Of Intangibles Income Statement": 112499.0,
        "Depreciation Income Statement": 656017.0,
        "Selling General And Administration": 736466.0,
        "General And Administrative Expense": 736466.0,
        "Other Gand A": 736466.0,
        "Gross Profit": -125276.0,
        "Cost Of Revenue": 3209198.0,
        "Total Revenue": 3083922.0,
        "Operating Revenue": 3040573.0
    }
}