{
    "2023-03-31": {
        "Tax Effect Of Unusual Items": NaN,
        "Tax Rate For Calcs": NaN,
        "Normalized EBITDA": NaN,
        "Net Income From Continuing Operation Net Minority Interest": NaN,
        "Reconciled Depreciation": NaN,
        "EBITDA": NaN,
        "EBIT": NaN,
        "Net Interest Income": NaN,
        "Interest Income": NaN,
        "Normalized Income": NaN,
        "Net Income From Continuing And Discontinued Operation": NaN,
        "Total Expenses": NaN,
        "Total Operating Income As Reported": NaN,
        "Diluted Average Shares": 40354493.0,
        "Basic Average Shares": 40354493.0,
        "Diluted EPS": -0.7,
        "Basic EPS": -0.7,
        "Diluted NI Availto Com Stockholders": NaN,
        "Net Income Common Stockholders": NaN,
        "Net Income": NaN,
        "Net Income Including Noncontrolling Interests": NaN,
        "Net Income Continuous Operations": NaN,
        "Pretax Income": NaN,
        "Other Income Expense": NaN,
        "Other Non Operating Income Expenses": NaN,
        "Net Non Operating Interest Income Expense": NaN,
        "Interest Income Non Operating": NaN,
        "Operating Income": NaN,
        "Operating Expense": NaN,
        "Research And Development": NaN,
        "Selling General And Administration": NaN,
        "General And Administrative Expense": NaN,
        "Other Gand A": NaN,
        "Total Revenue": NaN,
        "Operating Revenue": NaN
    },
    "2022-12-31": {
        "Tax Effect Of Unusual Items": NaN,
        "Tax Rate For Calcs": NaN,
        "Normalized EBITDA": NaN,
        "Net Income From Continuing Operation Net Minority Interest": NaN,
        "Reconciled Depreciation": NaN,
        "EBITDA": NaN,
        "EBIT": NaN,
        "Net Interest Income": NaN,
        "Interest Income": NaN,
        "Normalized Income": NaN,
        "Net Income From Continuing And Discontinued Operation": NaN,
        "Total Expenses": NaN,
        "Total Operating Income As Reported": NaN,
        "Diluted Average Shares": 40188466.0,
        "Basic Average Shares": 40188466.0,
        "Diluted EPS": -0.65,
        "Basic EPS": -0.65,
        "Diluted NI Availto Com Stockholders": NaN,
        "Net Income Common Stockholders": NaN,
        "Net Income": NaN,
        "Net Income Including Noncontrolling Interests": NaN,
        "Net Income Continuous Operations": NaN,
        "Pretax Income": NaN,
        "Other Income Expense": NaN,
        "Other Non Operating Income Expenses": NaN,
        "Net Non Operating Interest Income Expense": NaN,
        "Interest Income Non Operating": NaN,
        "Operating Income": NaN,
        "Operating Expense": NaN,
        "Research And Development": NaN,
        "Selling General And Administration": NaN,
        "General And Administrative Expense": NaN,
        "Other Gand A": NaN,
        "Total Revenue": NaN,
        "Operating Revenue": NaN
    },
    "2022-09-30": {
        "Tax Effect Of Unusual Items": 0.0,
        "Tax Rate For Calcs": 0.0,
        "Normalized EBITDA": -23131000.0,
        "Net Income From Continuing Operation Net Minority Interest": -22720000.0,
        "Reconciled Depreciation": 91000.0,
        "EBITDA": -23131000.0,
        "EBIT": -23222000.0,
        "Net Interest Income": 622000.0,
        "Interest Income": 622000.0,
        "Normalized Income": -22720000.0,
        "Net Income From Continuing And Discontinued Operation": -22720000.0,
        "Total Expenses": 23222000.0,
        "Total Operating Income As Reported": -23222000.0,
        "Diluted Average Shares": 40036201.0,
        "Basic Average Shares": 40036201.0,
        "Diluted EPS": -0.57,
        "Basic EPS": -0.57,
        "Diluted NI Availto Com Stockholders": -22720000.0,
        "Net Income Common Stockholders": -22720000.0,
        "Net Income": -22720000.0,
        "Net Income Including Noncontrolling Interests": -22720000.0,
        "Net Income Continuous Operations": -22720000.0,
        "Pretax Income": -22720000.0,
        "Other Income Expense": -120000.0,
        "Other Non Operating Income Expenses": -120000.0,
        "Net Non Operating Interest Income Expense": 622000.0,
        "Interest Income Non Operating": 622000.0,
        "Operating Income": -23222000.0,
        "Operating Expense": 23222000.0,
        "Research And Development": 17627000.0,
        "Selling General And Administration": 5595000.0,
        "General And Administrative Expense": 5595000.0,
        "Other Gand A": 5595000.0,
        "Total Revenue": 0.0,
        "Operating Revenue": 0.0
    },
    "2022-06-30": {
        "Tax Effect Of Unusual Items": 0.0,
        "Tax Rate For Calcs": 0.0,
        "Normalized EBITDA": -33208000.0,
        "Net Income From Continuing Operation Net Minority Interest": -32858000.0,
        "Reconciled Depreciation": 85000.0,
        "EBITDA": -33208000.0,
        "EBIT": -33293000.0,
        "Net Interest Income": 415000.0,
        "Interest Income": 415000.0,
        "Normalized Income": -32858000.0,
        "Net Income From Continuing And Discontinued Operation": -32858000.0,
        "Total Expenses": 33293000.0,
        "Total Operating Income As Reported": -33293000.0,
        "Diluted Average Shares": 39918219.0,
        "Basic Average Shares": 39918219.0,
        "Diluted EPS": -0.82,
        "Basic EPS": -0.82,
        "Diluted NI Availto Com Stockholders": -32858000.0,
        "Net Income Common Stockholders": -32858000.0,
        "Net Income": -32858000.0,
        "Net Income Including Noncontrolling Interests": -32858000.0,
        "Net Income Continuous Operations": -32858000.0,
        "Pretax Income": -32858000.0,
        "Other Income Expense": 20000.0,
        "Other Non Operating Income Expenses": 20000.0,
        "Net Non Operating Interest Income Expense": 415000.0,
        "Interest Income Non Operating": 415000.0,
        "Operating Income": -33293000.0,
        "Operating Expense": 33293000.0,
        "Research And Development": 27054000.0,
        "Selling General And Administration": 6239000.0,
        "General And Administrative Expense": 6239000.0,
        "Other Gand A": 6239000.0,
        "Total Revenue": 0.0,
        "Operating Revenue": 0.0
    },
    "2022-03-31": {
        "Diluted EPS": -0.58,
        "Total Revenue": NaN,
        "Gross Profit": NaN,
        "Operating Income": -23,
        "EBIT": -23,
        "Net Income": -23
    },
    "2021-12-31": {
        "Diluted EPS": -0.54,
        "Total Revenue": NaN,
        "Gross Profit": NaN,
        "Operating Income": -22,
        "EBIT": -22,
        "Net Income": -22
    },
    "2021-09-30": {
        "Diluted EPS": -0.45,
        "Total Revenue": NaN,
        "Gross Profit": NaN,
        "Operating Income": -18,
        "EBIT": -18,
        "Net Income": -18
    },
    "2021-06-30": {
        "Diluted EPS": -0.42,
        "Total Revenue": NaN,
        "Gross Profit": NaN,
        "Operating Income": -17,
        "EBIT": -16,
        "Net Income": -16
    },
    "2021-03-31": {
        "Diluted EPS": -0.39,
        "Total Revenue": NaN,
        "Gross Profit": NaN,
        "Operating Income": -15,
        "EBIT": -15,
        "Net Income": -15
    },
    "2020-12-31": {
        "Diluted EPS": -0.5,
        "Total Revenue": NaN,
        "Gross Profit": NaN,
        "Operating Income": -10,
        "EBIT": -10,
        "Net Income": -10
    },
    "2020-09-30": {
        "Diluted EPS": -3.71,
        "Total Revenue": NaN,
        "Gross Profit": NaN,
        "Operating Income": -8,
        "EBIT": -8,
        "Net Income": -10
    },
    "2020-06-30": {
        "Diluted EPS": -0.95,
        "Total Revenue": NaN,
        "Gross Profit": NaN,
        "Operating Income": -2,
        "EBIT": -2,
        "Net Income": -2
    },
    "2020-03-31": {
        "Diluted EPS": -0.65,
        "Total Revenue": NaN,
        "Gross Profit": NaN,
        "Operating Income": -1,
        "EBIT": -1,
        "Net Income": -2
    },
    "2019-12-31": {
        "Diluted EPS": 0.0,
        "Total Revenue": NaN,
        "Gross Profit": NaN,
        "Operating Income": NaN,
        "EBIT": NaN,
        "Net Income": NaN
    },
    "2018-12-31": {
        "Diluted EPS": 0.0,
        "Total Revenue": NaN,
        "Gross Profit": NaN,
        "Operating Income": NaN,
        "EBIT": NaN,
        "Net Income": NaN
    },
    "2023-06-30": {
        "Tax Effect Of Unusual Items": NaN,
        "Tax Rate For Calcs": NaN,
        "Normalized EBITDA": NaN,
        "Net Income From Continuing Operation Net Minority Interest": NaN,
        "Reconciled Depreciation": NaN,
        "EBITDA": NaN,
        "EBIT": NaN,
        "Net Interest Income": NaN,
        "Interest Income": NaN,
        "Normalized Income": NaN,
        "Net Income From Continuing And Discontinued Operation": NaN,
        "Total Expenses": NaN,
        "Total Operating Income As Reported": NaN,
        "Diluted Average Shares": 40720294.0,
        "Basic Average Shares": 40720294.0,
        "Diluted EPS": -0.49,
        "Basic EPS": -0.49,
        "Diluted NI Availto Com Stockholders": NaN,
        "Net Income Common Stockholders": NaN,
        "Net Income": NaN,
        "Net Income Including Noncontrolling Interests": NaN,
        "Net Income Continuous Operations": NaN,
        "Pretax Income": NaN,
        "Other Income Expense": NaN,
        "Other Non Operating Income Expenses": NaN,
        "Net Non Operating Interest Income Expense": NaN,
        "Interest Income Non Operating": NaN,
        "Operating Income": NaN,
        "Operating Expense": NaN,
        "Research And Development": NaN,
        "Selling General And Administration": NaN,
        "General And Administrative Expense": NaN,
        "Other Gand A": NaN,
        "Total Revenue": NaN,
        "Operating Revenue": NaN
    },
    "2023-09-30": {
        "Tax Effect Of Unusual Items": 0.0,
        "Tax Rate For Calcs": 0.0,
        "Normalized EBITDA": -23252000.0,
        "Net Income From Continuing Operation Net Minority Interest": -21502000.0,
        "Reconciled Depreciation": 90000.0,
        "EBITDA": -23252000.0,
        "EBIT": -23342000.0,
        "Net Interest Income": 1919000.0,
        "Interest Income": 1919000.0,
        "Normalized Income": -21502000.0,
        "Net Income From Continuing And Discontinued Operation": -21502000.0,
        "Total Expenses": 23342000.0,
        "Total Operating Income As Reported": -23342000.0,
        "Diluted Average Shares": 44977161.0,
        "Basic Average Shares": 44977161.0,
        "Diluted EPS": -0.48,
        "Basic EPS": -0.48,
        "Diluted NI Availto Com Stockholders": -21502000.0,
        "Net Income Common Stockholders": -21502000.0,
        "Net Income": -21502000.0,
        "Net Income Including Noncontrolling Interests": -21502000.0,
        "Net Income Continuous Operations": -21502000.0,
        "Pretax Income": -21502000.0,
        "Other Income Expense": -79000.0,
        "Other Non Operating Income Expenses": -79000.0,
        "Net Non Operating Interest Income Expense": 1919000.0,
        "Interest Income Non Operating": 1919000.0,
        "Operating Income": -23342000.0,
        "Operating Expense": 23342000.0,
        "Research And Development": 19453000.0,
        "Selling General And Administration": 3889000.0,
        "General And Administrative Expense": 3889000.0,
        "Other Gand A": 3889000.0,
        "Total Revenue": 0.0,
        "Operating Revenue": 0.0
    },
    "2023-12-31": {
        "Tax Effect Of Unusual Items": 0.0,
        "Tax Rate For Calcs": 0.0,
        "Normalized EBITDA": -30328000.0,
        "Net Income From Continuing Operation Net Minority Interest": -26772000.0,
        "Reconciled Depreciation": 88000.0,
        "EBITDA": -30328000.0,
        "EBIT": -30416000.0,
        "Net Interest Income": 3551000.0,
        "Interest Income": 3551000.0,
        "Normalized Income": -26772000.0,
        "Net Income From Continuing And Discontinued Operation": -26772000.0,
        "Total Expenses": 30416000.0,
        "Total Operating Income As Reported": -30416000.0,
        "Diluted Average Shares": NaN,
        "Basic Average Shares": NaN,
        "Diluted EPS": NaN,
        "Basic EPS": NaN,
        "Diluted NI Availto Com Stockholders": -26772000.0,
        "Net Income Common Stockholders": -26772000.0,
        "Net Income": -26772000.0,
        "Net Income Including Noncontrolling Interests": -26772000.0,
        "Net Income Continuous Operations": -26772000.0,
        "Pretax Income": -26772000.0,
        "Other Income Expense": 93000.0,
        "Other Non Operating Income Expenses": 93000.0,
        "Net Non Operating Interest Income Expense": 3551000.0,
        "Interest Income Non Operating": 3551000.0,
        "Operating Income": -30416000.0,
        "Operating Expense": 30416000.0,
        "Research And Development": 25872000.0,
        "Selling General And Administration": 4544000.0,
        "General And Administrative Expense": 4544000.0,
        "Other Gand A": 4544000.0,
        "Total Revenue": 0.0,
        "Operating Revenue": 0.0
    },
    "2024-03-31": {
        "Tax Effect Of Unusual Items": 0.0,
        "Tax Rate For Calcs": 0.0,
        "Normalized EBITDA": -34251000.0,
        "Net Income From Continuing Operation Net Minority Interest": -30970000.0,
        "Reconciled Depreciation": 88000.0,
        "EBITDA": -34251000.0,
        "EBIT": -34339000.0,
        "Net Interest Income": 3352000.0,
        "Interest Income": 3352000.0,
        "Normalized Income": -30970000.0,
        "Net Income From Continuing And Discontinued Operation": -30970000.0,
        "Total Expenses": 34339000.0,
        "Total Operating Income As Reported": -34339000.0,
        "Diluted Average Shares": 55574324.0,
        "Basic Average Shares": 55574324.0,
        "Diluted EPS": -0.56,
        "Basic EPS": -0.56,
        "Diluted NI Availto Com Stockholders": -30970000.0,
        "Net Income Common Stockholders": -30970000.0,
        "Net Income": -30970000.0,
        "Net Income Including Noncontrolling Interests": -30970000.0,
        "Net Income Continuous Operations": -30970000.0,
        "Pretax Income": -30970000.0,
        "Other Income Expense": 17000.0,
        "Other Non Operating Income Expenses": 17000.0,
        "Net Non Operating Interest Income Expense": 3352000.0,
        "Interest Income Non Operating": 3352000.0,
        "Operating Income": -34339000.0,
        "Operating Expense": 34339000.0,
        "Research And Development": 29883000.0,
        "Selling General And Administration": 4456000.0,
        "General And Administrative Expense": 4456000.0,
        "Other Gand A": 4456000.0,
        "Total Revenue": 0.0,
        "Operating Revenue": 0.0
    },
    "2024-06-30": {
        "Tax Effect Of Unusual Items": 0.0,
        "Tax Rate For Calcs": 0.0,
        "Normalized EBITDA": -33436000.0,
        "Net Income From Continuing Operation Net Minority Interest": -30382000.0,
        "Reconciled Depreciation": 94000.0,
        "EBITDA": -33436000.0,
        "EBIT": -33530000.0,
        "Net Interest Income": 3108000.0,
        "Interest Income": 3108000.0,
        "Normalized Income": -30382000.0,
        "Net Income From Continuing And Discontinued Operation": -30382000.0,
        "Total Expenses": 33530000.0,
        "Total Operating Income As Reported": -33530000.0,
        "Diluted Average Shares": 56282402.0,
        "Basic Average Shares": 56282402.0,
        "Diluted EPS": -0.54,
        "Basic EPS": -0.54,
        "Diluted NI Availto Com Stockholders": -30382000.0,
        "Net Income Common Stockholders": -30382000.0,
        "Net Income": -30382000.0,
        "Net Income Including Noncontrolling Interests": -30382000.0,
        "Net Income Continuous Operations": -30382000.0,
        "Pretax Income": -30382000.0,
        "Other Income Expense": 40000.0,
        "Other Non Operating Income Expenses": 40000.0,
        "Net Non Operating Interest Income Expense": 3108000.0,
        "Interest Income Non Operating": 3108000.0,
        "Operating Income": -33530000.0,
        "Operating Expense": 33530000.0,
        "Research And Development": 29109000.0,
        "Selling General And Administration": 4421000.0,
        "General And Administrative Expense": 4421000.0,
        "Other Gand A": 4421000.0,
        "Total Revenue": 0.0,
        "Operating Revenue": 0.0
    },
    "2024-09-30": {
        "Tax Effect Of Unusual Items": 0.0,
        "Tax Rate For Calcs": 0.0,
        "Normalized EBITDA": -37526000.0,
        "Net Income From Continuing Operation Net Minority Interest": -34555000.0,
        "Reconciled Depreciation": 95000.0,
        "EBITDA": -37526000.0,
        "EBIT": -37621000.0,
        "Net Interest Income": 2928000.0,
        "Interest Income": 2928000.0,
        "Normalized Income": -34555000.0,
        "Net Income From Continuing And Discontinued Operation": -34555000.0,
        "Total Expenses": 37621000.0,
        "Total Operating Income As Reported": -37621000.0,
        "Diluted Average Shares": 57262803.0,
        "Basic Average Shares": 57262803.0,
        "Diluted EPS": -0.6,
        "Basic EPS": -0.6,
        "Diluted NI Availto Com Stockholders": -34555000.0,
        "Net Income Common Stockholders": -34555000.0,
        "Net Income": -34555000.0,
        "Net Income Including Noncontrolling Interests": -34555000.0,
        "Net Income Continuous Operations": -34555000.0,
        "Pretax Income": -34555000.0,
        "Other Income Expense": 138000.0,
        "Other Non Operating Income Expenses": 138000.0,
        "Net Non Operating Interest Income Expense": 2928000.0,
        "Interest Income Non Operating": 2928000.0,
        "Operating Income": -37621000.0,
        "Operating Expense": 37621000.0,
        "Research And Development": 33226000.0,
        "Selling General And Administration": 4395000.0,
        "General And Administrative Expense": 4395000.0,
        "Other Gand A": 4395000.0,
        "Total Revenue": 0.0,
        "Operating Revenue": 0.0
    }
}