{
    "2023-06-30": {
        "Tax Effect Of Unusual Items": 0.0,
        "Tax Rate For Calcs": 0.27,
        "Normalized EBITDA": 631900000.0,
        "Net Income From Continuing Operation Net Minority Interest": 366300000.0,
        "Reconciled Depreciation": 51100000.0,
        "Reconciled Cost Of Revenue": 2909000000.0,
        "EBITDA": 631900000.0,
        "EBIT": 580800000.0,
        "Net Interest Income": -27400000.0,
        "Interest Expense": 57500000.0,
        "Interest Income": 30100000.0,
        "Normalized Income": 366300000.0,
        "Net Income From Continuing And Discontinued Operation": 366300000.0,
        "Total Expenses": 3059200000.0,
        "Rent Expense Supplemental": 297700000.0,
        "Total Operating Income As Reported": 550700000.0,
        "Diluted Average Shares": 201600000.0,
        "Basic Average Shares": 198900000.0,
        "Diluted EPS": 1.82,
        "Basic EPS": 1.84,
        "Diluted NI Availto Com Stockholders": 366300000.0,
        "Net Income Common Stockholders": 366300000.0,
        "Net Income": 366300000.0,
        "Minority Interests": -16900000.0,
        "Net Income Including Noncontrolling Interests": 383200000.0,
        "Net Income Continuous Operations": 383200000.0,
        "Earnings From Equity Interest Net Of Tax": 1100000.0,
        "Tax Provision": 141200000.0,
        "Pretax Income": 523300000.0,
        "Net Non Operating Interest Income Expense": -27400000.0,
        "Interest Expense Non Operating": 57500000.0,
        "Interest Income Non Operating": 30100000.0,
        "Operating Income": 550700000.0,
        "Operating Expense": 150200000.0,
        "Depreciation Amortization Depletion Income Statement": 51100000.0,
        "Depreciation And Amortization In Income Statement": 51100000.0,
        "Selling General And Administration": 99100000.0,
        "Gross Profit": 700900000.0,
        "Cost Of Revenue": 2909000000.0,
        "Total Revenue": 3609900000.0,
        "Operating Revenue": 3609900000.0
    },
    "2023-03-31": {
        "Tax Effect Of Unusual Items": 0.0,
        "Tax Rate For Calcs": 0.255,
        "Normalized EBITDA": 436000000.0,
        "Net Income From Continuing Operation Net Minority Interest": 227500000.0,
        "Reconciled Depreciation": 53900000.0,
        "Reconciled Cost Of Revenue": 2953700000.0,
        "EBITDA": 436000000.0,
        "EBIT": 382100000.0,
        "Net Interest Income": -19300000.0,
        "Interest Expense": 54900000.0,
        "Interest Income": 35600000.0,
        "Normalized Income": 227500000.0,
        "Net Income From Continuing And Discontinued Operation": 227500000.0,
        "Total Expenses": 3096800000.0,
        "Rent Expense Supplemental": 291600000.0,
        "Total Operating Income As Reported": 346500000.0,
        "Diluted Average Shares": 204954955.0,
        "Basic Average Shares": 201327434.0,
        "Diluted EPS": 1.11,
        "Basic EPS": 1.13,
        "Diluted NI Availto Com Stockholders": 227500000.0,
        "Net Income Common Stockholders": 227500000.0,
        "Net Income": 227500000.0,
        "Minority Interests": -16400000.0,
        "Net Income Including Noncontrolling Interests": 243900000.0,
        "Net Income Continuous Operations": 243900000.0,
        "Earnings From Equity Interest Net Of Tax": 100000.0,
        "Tax Provision": 83400000.0,
        "Pretax Income": 327200000.0,
        "Net Non Operating Interest Income Expense": -19300000.0,
        "Interest Expense Non Operating": 54900000.0,
        "Interest Income Non Operating": 35600000.0,
        "Operating Income": 346500000.0,
        "Operating Expense": 143100000.0,
        "Depreciation Amortization Depletion Income Statement": 53900000.0,
        "Depreciation And Amortization In Income Statement": 53900000.0,
        "Selling General And Administration": 89200000.0,
        "Gross Profit": 489600000.0,
        "Cost Of Revenue": 2953700000.0,
        "Total Revenue": 3443300000.0,
        "Operating Revenue": 3443300000.0
    },
    "2022-12-31": {
        "Tax Effect Of Unusual Items": 0.0,
        "Tax Rate For Calcs": 0.265078,
        "Normalized EBITDA": 725800000.0,
        "Net Income From Continuing Operation Net Minority Interest": 429800000.0,
        "Reconciled Depreciation": 54600000.0,
        "Reconciled Cost Of Revenue": 3086400000.0,
        "EBITDA": 725800000.0,
        "EBIT": 671200000.0,
        "Net Interest Income": -25900000.0,
        "Interest Expense": 54400000.0,
        "Interest Income": 28500000.0,
        "Normalized Income": 429800000.0,
        "Net Income From Continuing And Discontinued Operation": 429800000.0,
        "Total Expenses": 3225500000.0,
        "Rent Expense Supplemental": 294400000.0,
        "Total Operating Income As Reported": 642700000.0,
        "Diluted Average Shares": 205200000.0,
        "Basic Average Shares": 203800000.0,
        "Diluted EPS": 2.09,
        "Basic EPS": 2.11,
        "Diluted NI Availto Com Stockholders": 429800000.0,
        "Net Income Common Stockholders": 429800000.0,
        "Net Income": 429800000.0,
        "Minority Interests": -26100000.0,
        "Net Income Including Noncontrolling Interests": 455900000.0,
        "Net Income Continuous Operations": 455900000.0,
        "Earnings From Equity Interest Net Of Tax": 2600000.0,
        "Tax Provision": 163500000.0,
        "Pretax Income": 616800000.0,
        "Net Non Operating Interest Income Expense": -25900000.0,
        "Interest Expense Non Operating": 54400000.0,
        "Interest Income Non Operating": 28500000.0,
        "Operating Income": 642700000.0,
        "Operating Expense": 139100000.0,
        "Depreciation Amortization Depletion Income Statement": 54600000.0,
        "Depreciation And Amortization In Income Statement": 54600000.0,
        "Selling General And Administration": 84500000.0,
        "Gross Profit": 781800000.0,
        "Cost Of Revenue": 3086400000.0,
        "Total Revenue": 3868200000.0,
        "Operating Revenue": 3868200000.0
    },
    "2022-09-30": {
        "Tax Effect Of Unusual Items": 0.0,
        "Tax Rate For Calcs": 0.261,
        "Normalized EBITDA": 622800000.0,
        "Net Income From Continuing Operation Net Minority Interest": 364500000.0,
        "Reconciled Depreciation": 53900000.0,
        "Reconciled Cost Of Revenue": 2757100000.0,
        "EBITDA": 622800000.0,
        "EBIT": 568900000.0,
        "Net Interest Income": -29100000.0,
        "Interest Expense": 52000000.0,
        "Interest Income": 22900000.0,
        "Normalized Income": 364500000.0,
        "Net Income From Continuing And Discontinued Operation": 364500000.0,
        "Total Expenses": 2897400000.0,
        "Rent Expense Supplemental": 281000000.0,
        "Total Operating Income As Reported": 546000000.0,
        "Diluted Average Shares": 206300000.0,
        "Basic Average Shares": 205000000.0,
        "Diluted EPS": 1.77,
        "Basic EPS": 1.78,
        "Diluted NI Availto Com Stockholders": 364500000.0,
        "Net Income Common Stockholders": 364500000.0,
        "Net Income": 364500000.0,
        "Minority Interests": -18800000.0,
        "Net Income Including Noncontrolling Interests": 383300000.0,
        "Net Income Continuous Operations": 383300000.0,
        "Earnings From Equity Interest Net Of Tax": 1100000.0,
        "Tax Provision": 134700000.0,
        "Pretax Income": 516900000.0,
        "Net Non Operating Interest Income Expense": -29100000.0,
        "Interest Expense Non Operating": 52000000.0,
        "Interest Income Non Operating": 22900000.0,
        "Operating Income": 546000000.0,
        "Operating Expense": 140300000.0,
        "Depreciation Amortization Depletion Income Statement": 53900000.0,
        "Depreciation And Amortization In Income Statement": 53900000.0,
        "Selling General And Administration": 86400000.0,
        "Gross Profit": 686300000.0,
        "Cost Of Revenue": 2757100000.0,
        "Total Revenue": 3443400000.0,
        "Operating Revenue": 3443400000.0
    },
    "2022-06-30": {
        "Tax Effect Of Unusual Items": 0.0,
        "Tax Rate For Calcs": 0.265,
        "Normalized EBITDA": 608400000.0,
        "Net Income From Continuing Operation Net Minority Interest": 348400000.0,
        "Reconciled Depreciation": 55700000.0,
        "Reconciled Cost Of Revenue": 2859000000.0,
        "EBITDA": 608400000.0,
        "EBIT": 552700000.0,
        "Net Interest Income": -40100000.0,
        "Interest Expense": 51200000.0,
        "Interest Income": 11100000.0,
        "Normalized Income": 348400000.0,
        "Net Income From Continuing And Discontinued Operation": 348400000.0,
        "Total Expenses": 3025600000.0,
        "Rent Expense Supplemental": 293000000.0,
        "Total Operating Income As Reported": 541600000.0,
        "Diluted Average Shares": 206900000.0,
        "Basic Average Shares": 205300000.0,
        "Diluted EPS": 1.68,
        "Basic EPS": 1.7,
        "Diluted NI Availto Com Stockholders": 348400000.0,
        "Net Income Common Stockholders": 348400000.0,
        "Net Income": 348400000.0,
        "Minority Interests": -21600000.0,
        "Net Income Including Noncontrolling Interests": 370000000.0,
        "Net Income Continuous Operations": 370000000.0,
        "Earnings From Equity Interest Net Of Tax": 1600000.0,
        "Tax Provision": 133100000.0,
        "Pretax Income": 501500000.0,
        "Net Non Operating Interest Income Expense": -40100000.0,
        "Interest Expense Non Operating": 51200000.0,
        "Interest Income Non Operating": 11100000.0,
        "Operating Income": 541600000.0,
        "Operating Expense": 166600000.0,
        "Depreciation Amortization Depletion Income Statement": 55700000.0,
        "Depreciation And Amortization In Income Statement": 55700000.0,
        "Selling General And Administration": 110900000.0,
        "Gross Profit": 708200000.0,
        "Cost Of Revenue": 2859000000.0,
        "Total Revenue": 3567200000.0,
        "Operating Revenue": 3567200000.0
    },
    "2022-03-31": {
        "Diluted EPS": 0.83,
        "Total Revenue": NaN,
        "Gross Profit": 618,
        "Operating Income": 353,
        "EBIT": 410,
        "Net Income": 174
    },
    "2021-12-31": {
        "Diluted EPS": 1.95,
        "Total Revenue": NaN,
        "Gross Profit": 736,
        "Operating Income": 623,
        "EBIT": 678,
        "Net Income": 416
    },
    "2021-09-30": {
        "Diluted EPS": 1.65,
        "Total Revenue": NaN,
        "Gross Profit": 688,
        "Operating Income": 542,
        "EBIT": 594,
        "Net Income": 356
    },
    "2021-06-30": {
        "Diluted EPS": 1.6,
        "Total Revenue": NaN,
        "Gross Profit": 725,
        "Operating Income": 568,
        "EBIT": 612,
        "Net Income": 348
    },
    "2021-03-31": {
        "Diluted EPS": 1.33,
        "Total Revenue": NaN,
        "Gross Profit": 590,
        "Operating Income": 465,
        "EBIT": 517,
        "Net Income": 288
    },
    "2020-12-31": {
        "Diluted EPS": 1.84,
        "Total Revenue": NaN,
        "Gross Profit": 770,
        "Operating Income": 615,
        "EBIT": 667,
        "Net Income": 398
    },
    "2020-09-30": {
        "Diluted EPS": 1.45,
        "Total Revenue": NaN,
        "Gross Profit": 646,
        "Operating Income": 501,
        "EBIT": 555,
        "Net Income": 313
    },
    "2020-06-30": {
        "Diluted EPS": -0.11,
        "Total Revenue": NaN,
        "Gross Profit": 480,
        "Operating Income": 63,
        "EBIT": 118,
        "Net Income": -24
    },
    "2020-03-31": {
        "Diluted EPS": 1.19,
        "Total Revenue": NaN,
        "Gross Profit": 564,
        "Operating Income": 420,
        "EBIT": 473,
        "Net Income": 258
    },
    "2019-12-31": {
        "Diluted EPS": 1.89,
        "Total Revenue": NaN,
        "Gross Profit": 800,
        "Operating Income": 646,
        "EBIT": 697,
        "Net Income": 415
    },
    "2019-09-30": {
        "Diluted EPS": 1.32,
        "Total Revenue": NaN,
        "Gross Profit": 628,
        "Operating Income": 473,
        "EBIT": 529,
        "Net Income": 290
    },
    "2019-06-30": {
        "Diluted EPS": 1.68,
        "Total Revenue": NaN,
        "Gross Profit": 739,
        "Operating Income": 574,
        "EBIT": 628,
        "Net Income": 371
    },
    "2019-03-31": {
        "Diluted EPS": 1.17,
        "Total Revenue": NaN,
        "Gross Profit": 592,
        "Operating Income": 429,
        "EBIT": 485,
        "Net Income": 263
    },
    "2018-12-31": {
        "Diluted EPS": 1.77,
        "Total Revenue": NaN,
        "Gross Profit": 808,
        "Operating Income": 627,
        "EBIT": 685,
        "Net Income": 399
    },
    "2018-09-30": {
        "Diluted EPS": 1.32,
        "Total Revenue": NaN,
        "Gross Profit": 682,
        "Operating Income": 502,
        "EBIT": 565,
        "Net Income": 299
    },
    "2018-06-30": {
        "Diluted EPS": 1.6,
        "Total Revenue": NaN,
        "Gross Profit": 767,
        "Operating Income": 582,
        "EBIT": 647,
        "Net Income": 364
    },
    "2018-03-31": {
        "Diluted EPS": 1.14,
        "Total Revenue": NaN,
        "Gross Profit": 597,
        "Operating Income": 422,
        "EBIT": 488,
        "Net Income": 264
    },
    "2017-12-31": {
        "Diluted EPS": 1.1,
        "Total Revenue": NaN,
        "Gross Profit": 818,
        "Operating Income": 626,
        "EBIT": 697,
        "Net Income": 254
    },
    "2017-09-30": {
        "Diluted EPS": 1.13,
        "Total Revenue": NaN,
        "Gross Profit": 638,
        "Operating Income": 470,
        "EBIT": 525,
        "Net Income": 263
    },
    "2017-06-30": {
        "Diluted EPS": 1.4,
        "Total Revenue": NaN,
        "Gross Profit": 753,
        "Operating Income": 572,
        "EBIT": 643,
        "Net Income": 328
    },
    "2017-03-31": {
        "Diluted EPS": 1.02,
        "Total Revenue": NaN,
        "Gross Profit": 597,
        "Operating Income": 416,
        "EBIT": 488,
        "Net Income": 241
    },
    "2016-12-31": {
        "Diluted EPS": 1.46,
        "Total Revenue": NaN,
        "Gross Profit": 817,
        "Operating Income": 624,
        "EBIT": 693,
        "Net Income": 349
    },
    "2016-09-30": {
        "Diluted EPS": 1.06,
        "Total Revenue": NaN,
        "Gross Profit": 630,
        "Operating Income": 453,
        "EBIT": 514,
        "Net Income": 253
    },
    "2016-06-30": {
        "Diluted EPS": 1.36,
        "Total Revenue": NaN,
        "Gross Profit": 746,
        "Operating Income": 562,
        "EBIT": 635,
        "Net Income": 324
    },
    "2016-03-31": {
        "Diluted EPS": 0.9,
        "Total Revenue": NaN,
        "Gross Profit": 574,
        "Operating Income": 392,
        "EBIT": 466,
        "Net Income": 217
    },
    "2015-12-31": {
        "Diluted EPS": 1.35,
        "Total Revenue": NaN,
        "Gross Profit": 764,
        "Operating Income": 576,
        "EBIT": 644,
        "Net Income": 328
    },
    "2015-09-30": {
        "Diluted EPS": 0.97,
        "Total Revenue": NaN,
        "Gross Profit": 604,
        "Operating Income": 428,
        "EBIT": 498,
        "Net Income": 237
    },
    "2015-06-30": {
        "Diluted EPS": 1.26,
        "Total Revenue": NaN,
        "Gross Profit": 721,
        "Operating Income": 539,
        "EBIT": 610,
        "Net Income": 310
    },
    "2015-03-31": {
        "Diluted EPS": 0.83,
        "Total Revenue": NaN,
        "Gross Profit": 554,
        "Operating Income": 378,
        "EBIT": 450,
        "Net Income": 206
    },
    "2014-12-31": {
        "Diluted EPS": 1.29,
        "Total Revenue": NaN,
        "Gross Profit": -176,
        "Operating Income": 579,
        "EBIT": 649,
        "Net Income": 324
    },
    "2014-09-30": {
        "Diluted EPS": 0.95,
        "Total Revenue": NaN,
        "Gross Profit": 936,
        "Operating Income": 434,
        "EBIT": 508,
        "Net Income": 240
    },
    "2014-06-30": {
        "Diluted EPS": 1.23,
        "Total Revenue": NaN,
        "Gross Profit": NaN,
        "Operating Income": 548,
        "EBIT": 621,
        "Net Income": 319
    },
    "2014-03-31": {
        "Diluted EPS": 0.77,
        "Total Revenue": NaN,
        "Gross Profit": 879,
        "Operating Income": 383,
        "EBIT": 454,
        "Net Income": 201
    },
    "2013-12-31": {
        "Diluted EPS": 1.12,
        "Total Revenue": NaN,
        "Gross Profit": NaN,
        "Operating Income": 551,
        "EBIT": 621,
        "Net Income": 293
    },
    "2013-09-30": {
        "Diluted EPS": 0.74,
        "Total Revenue": NaN,
        "Gross Profit": 905,
        "Operating Income": 379,
        "EBIT": 449,
        "Net Income": 191
    },
    "2013-06-30": {
        "Diluted EPS": 1.09,
        "Total Revenue": NaN,
        "Gross Profit": NaN,
        "Operating Income": 523,
        "EBIT": 592,
        "Net Income": 282
    },
    "2013-03-31": {
        "Diluted EPS": 0.76,
        "Total Revenue": NaN,
        "Gross Profit": 858,
        "Operating Income": 372,
        "EBIT": 441,
        "Net Income": 200
    },
    "2012-12-31": {
        "Diluted EPS": 1.13,
        "Total Revenue": NaN,
        "Gross Profit": NaN,
        "Operating Income": 548,
        "EBIT": 626,
        "Net Income": 300
    },
    "2012-09-30": {
        "Diluted EPS": 0.74,
        "Total Revenue": NaN,
        "Gross Profit": 891,
        "Operating Income": 387,
        "EBIT": 457,
        "Net Income": 199
    },
    "2012-06-30": {
        "Diluted EPS": 1.02,
        "Total Revenue": NaN,
        "Gross Profit": NaN,
        "Operating Income": 506,
        "EBIT": 574,
        "Net Income": 276
    },
    "2012-03-31": {
        "Diluted EPS": 0.72,
        "Total Revenue": NaN,
        "Gross Profit": 873,
        "Operating Income": 363,
        "EBIT": 430,
        "Net Income": 200
    },
    "2011-12-31": {
        "Diluted EPS": 0.96,
        "Total Revenue": NaN,
        "Gross Profit": 972,
        "Operating Income": 487,
        "EBIT": 558,
        "Net Income": 268
    },
    "2011-09-30": {
        "Diluted EPS": 0.72,
        "Total Revenue": NaN,
        "Gross Profit": 876,
        "Operating Income": 373,
        "EBIT": 442,
        "Net Income": 201
    },
    "2011-06-30": {
        "Diluted EPS": 0.96,
        "Total Revenue": NaN,
        "Gross Profit": NaN,
        "Operating Income": 488,
        "EBIT": 557,
        "Net Income": 272
    },
    "2011-03-31": {
        "Diluted EPS": 0.69,
        "Total Revenue": NaN,
        "Gross Profit": 733,
        "Operating Income": 322,
        "EBIT": 387,
        "Net Income": 200
    },
    "2010-12-31": {
        "Diluted EPS": 0.82,
        "Total Revenue": NaN,
        "Gross Profit": 899,
        "Operating Income": 440,
        "EBIT": 507,
        "Net Income": 238
    },
    "2010-09-30": {
        "Diluted EPS": 0.57,
        "Total Revenue": NaN,
        "Gross Profit": 784,
        "Operating Income": 314,
        "EBIT": 377,
        "Net Income": 175
    },
    "2010-06-30": {
        "Diluted EPS": 0.79,
        "Total Revenue": NaN,
        "Gross Profit": 888,
        "Operating Income": 415,
        "EBIT": 477,
        "Net Income": 243
    },
    "2010-03-31": {
        "Diluted EPS": 0.52,
        "Total Revenue": NaN,
        "Gross Profit": 758,
        "Operating Income": 291,
        "EBIT": 353,
        "Net Income": 163
    },
    "2009-12-31": {
        "Diluted EPS": 0.72,
        "Total Revenue": NaN,
        "Gross Profit": 893,
        "Operating Income": 400,
        "EBIT": 469,
        "Net Income": 220
    },
    "2009-09-30": {
        "Diluted EPS": 0.53,
        "Total Revenue": NaN,
        "Gross Profit": 785,
        "Operating Income": 295,
        "EBIT": 355,
        "Net Income": 166
    },
    "2009-06-30": {
        "Diluted EPS": 0.75,
        "Total Revenue": NaN,
        "Gross Profit": 859,
        "Operating Income": 398,
        "EBIT": 442,
        "Net Income": 233
    },
    "2009-03-31": {
        "Diluted EPS": 0.53,
        "Total Revenue": NaN,
        "Gross Profit": 733,
        "Operating Income": 282,
        "EBIT": 353,
        "Net Income": 165
    }
}