{
    "2023-03-31": {
        "Tax Effect Of Unusual Items": NaN,
        "Tax Rate For Calcs": NaN,
        "Normalized EBITDA": NaN,
        "Total Unusual Items": NaN,
        "Total Unusual Items Excluding Goodwill": NaN,
        "Net Income From Continuing Operation Net Minority Interest": NaN,
        "Reconciled Depreciation": NaN,
        "Reconciled Cost Of Revenue": NaN,
        "EBITDA": NaN,
        "EBIT": NaN,
        "Net Interest Income": NaN,
        "Interest Expense": NaN,
        "Interest Income": NaN,
        "Normalized Income": NaN,
        "Net Income From Continuing And Discontinued Operation": NaN,
        "Total Expenses": NaN,
        "Total Operating Income As Reported": NaN,
        "Diluted Average Shares": NaN,
        "Basic Average Shares": NaN,
        "Diluted EPS": NaN,
        "Basic EPS": NaN,
        "Diluted NI Availto Com Stockholders": NaN,
        "Net Income Common Stockholders": NaN,
        "Otherunder Preferred Stock Dividend": -3562.0,
        "Net Income": NaN,
        "Minority Interests": NaN,
        "Net Income Including Noncontrolling Interests": NaN,
        "Net Income Continuous Operations": NaN,
        "Tax Provision": NaN,
        "Pretax Income": NaN,
        "Other Income Expense": NaN,
        "Other Non Operating Income Expenses": NaN,
        "Special Income Charges": NaN,
        "Other Special Charges": -21478614.0,
        "Earnings From Equity Interest": NaN,
        "Gain On Sale Of Security": NaN,
        "Net Non Operating Interest Income Expense": NaN,
        "Interest Expense Non Operating": NaN,
        "Interest Income Non Operating": NaN,
        "Operating Income": NaN,
        "Operating Expense": NaN,
        "Selling General And Administration": NaN,
        "Gross Profit": NaN,
        "Cost Of Revenue": NaN,
        "Total Revenue": NaN,
        "Operating Revenue": NaN
    },
    "2022-12-31": {
        "Tax Effect Of Unusual Items": 0.0,
        "Tax Rate For Calcs": 0.0,
        "Normalized EBITDA": -3428820.0,
        "Total Unusual Items": 315235.0,
        "Total Unusual Items Excluding Goodwill": 315235.0,
        "Net Income From Continuing Operation Net Minority Interest": -4771807.0,
        "Reconciled Depreciation": 101688.0,
        "Reconciled Cost Of Revenue": 1740541.0,
        "EBITDA": -3113585.0,
        "EBIT": -3215273.0,
        "Net Interest Income": -3549334.0,
        "Interest Expense": 3645812.0,
        "Interest Income": NaN,
        "Normalized Income": -5087042.0,
        "Net Income From Continuing And Discontinued Operation": -4771807.0,
        "Total Expenses": 3803518.0,
        "Total Operating Income As Reported": -3517109.0,
        "Diluted Average Shares": NaN,
        "Basic Average Shares": NaN,
        "Diluted EPS": NaN,
        "Basic EPS": NaN,
        "Diluted NI Availto Com Stockholders": -4771807.0,
        "Net Income Common Stockholders": -4771807.0,
        "Otherunder Preferred Stock Dividend": NaN,
        "Net Income": -4771807.0,
        "Minority Interests": 2089278.0,
        "Net Income Including Noncontrolling Interests": -6861085.0,
        "Net Income Continuous Operations": -6861085.0,
        "Tax Provision": 0.0,
        "Pretax Income": -6861085.0,
        "Other Income Expense": 205358.0,
        "Other Non Operating Income Expenses": -109877.0,
        "Special Income Charges": 315235.0,
        "Other Special Charges": NaN,
        "Earnings From Equity Interest": NaN,
        "Gain On Sale Of Security": NaN,
        "Net Non Operating Interest Income Expense": -3549334.0,
        "Interest Expense Non Operating": 3645812.0,
        "Interest Income Non Operating": NaN,
        "Operating Income": -3517109.0,
        "Operating Expense": 2062977.0,
        "Selling General And Administration": 2062977.0,
        "Gross Profit": -1454132.0,
        "Cost Of Revenue": 1740541.0,
        "Total Revenue": 286409.0,
        "Operating Revenue": 102474.0
    },
    "2022-09-30": {
        "Tax Effect Of Unusual Items": 0.0,
        "Tax Rate For Calcs": 0.0,
        "Normalized EBITDA": -3665886.0,
        "Total Unusual Items": 0.0,
        "Total Unusual Items Excluding Goodwill": 0.0,
        "Net Income From Continuing Operation Net Minority Interest": -5455229.0,
        "Reconciled Depreciation": 58938.0,
        "Reconciled Cost Of Revenue": 1864883.0,
        "EBITDA": -3665886.0,
        "EBIT": -3724824.0,
        "Net Interest Income": -3664733.0,
        "Interest Expense": 3664733.0,
        "Interest Income": NaN,
        "Normalized Income": -5455229.0,
        "Net Income From Continuing And Discontinued Operation": -5455229.0,
        "Total Expenses": 4078398.0,
        "Total Operating Income As Reported": -3719989.0,
        "Diluted Average Shares": 19482118.0,
        "Basic Average Shares": 19482118.0,
        "Diluted EPS": -0.28,
        "Basic EPS": -0.28,
        "Diluted NI Availto Com Stockholders": -5455229.0,
        "Net Income Common Stockholders": -5455229.0,
        "Otherunder Preferred Stock Dividend": NaN,
        "Net Income": -5455229.0,
        "Minority Interests": 1934328.0,
        "Net Income Including Noncontrolling Interests": -7389557.0,
        "Net Income Continuous Operations": -7389557.0,
        "Tax Provision": 0.0,
        "Pretax Income": -7389557.0,
        "Other Income Expense": -4835.0,
        "Other Non Operating Income Expenses": -4835.0,
        "Special Income Charges": 0.0,
        "Other Special Charges": NaN,
        "Earnings From Equity Interest": NaN,
        "Gain On Sale Of Security": NaN,
        "Net Non Operating Interest Income Expense": -3664733.0,
        "Interest Expense Non Operating": 3664733.0,
        "Interest Income Non Operating": NaN,
        "Operating Income": -3719989.0,
        "Operating Expense": 2213515.0,
        "Selling General And Administration": 2213515.0,
        "Gross Profit": -1506474.0,
        "Cost Of Revenue": 1864883.0,
        "Total Revenue": 358409.0,
        "Operating Revenue": 358409.0
    },
    "2022-06-30": {
        "Tax Effect Of Unusual Items": 0.0,
        "Tax Rate For Calcs": 0.0,
        "Normalized EBITDA": -2943376.0,
        "Total Unusual Items": NaN,
        "Total Unusual Items Excluding Goodwill": NaN,
        "Net Income From Continuing Operation Net Minority Interest": -4683485.0,
        "Reconciled Depreciation": 47701.0,
        "Reconciled Cost Of Revenue": 1229634.0,
        "EBITDA": -2943376.0,
        "EBIT": -2991077.0,
        "Net Interest Income": -3550361.0,
        "Interest Expense": 3550361.0,
        "Interest Income": NaN,
        "Normalized Income": -4683485.0,
        "Net Income From Continuing And Discontinued Operation": -4683485.0,
        "Total Expenses": 3521716.0,
        "Total Operating Income As Reported": -3131438.0,
        "Diluted Average Shares": 15803746.0,
        "Basic Average Shares": 15803746.0,
        "Diluted EPS": -0.3,
        "Basic EPS": -0.3,
        "Diluted NI Availto Com Stockholders": -4683485.0,
        "Net Income Common Stockholders": -4683485.0,
        "Net Income": -4683485.0,
        "Minority Interests": 1857953.0,
        "Net Income Including Noncontrolling Interests": -6541438.0,
        "Net Income Continuous Operations": -6541438.0,
        "Tax Provision": 0.0,
        "Pretax Income": -6541438.0,
        "Other Income Expense": 140361.0,
        "Other Non Operating Income Expenses": 140361.0,
        "Special Income Charges": NaN,
        "Other Special Charges": NaN,
        "Net Non Operating Interest Income Expense": -3550361.0,
        "Interest Expense Non Operating": 3550361.0,
        "Interest Income Non Operating": NaN,
        "Operating Income": -3131438.0,
        "Operating Expense": 2292082.0,
        "Selling General And Administration": 2292082.0,
        "Gross Profit": -839356.0,
        "Cost Of Revenue": 1229634.0,
        "Total Revenue": 390278.0,
        "Operating Revenue": 390278.0
    },
    "2022-03-31": {
        "Diluted EPS": -0.57,
        "Total Revenue": 0,
        "Gross Profit": 0,
        "Operating Income": -7,
        "EBIT": -7,
        "Net Income": -8
    },
    "2021-12-31": {
        "Diluted EPS": 0.02,
        "Total Revenue": 0,
        "Gross Profit": 0,
        "Operating Income": -4,
        "EBIT": -4,
        "Net Income": 0
    },
    "2021-09-30": {
        "Diluted EPS": -0.31,
        "Total Revenue": 0,
        "Gross Profit": 0,
        "Operating Income": -3,
        "EBIT": -3,
        "Net Income": -4
    },
    "2021-06-30": {
        "Diluted EPS": -0.17,
        "Total Revenue": 0,
        "Gross Profit": 0,
        "Operating Income": -5,
        "EBIT": -5,
        "Net Income": -2
    },
    "2021-03-31": {
        "Diluted EPS": -0.29,
        "Total Revenue": 0,
        "Gross Profit": 0,
        "Operating Income": -3,
        "EBIT": -3,
        "Net Income": -4
    },
    "2020-12-31": {
        "Diluted EPS": -0.17,
        "Total Revenue": 0,
        "Gross Profit": 0,
        "Operating Income": -1,
        "EBIT": -1,
        "Net Income": -2
    },
    "2020-09-30": {
        "Diluted EPS": -0.51,
        "Total Revenue": 0,
        "Gross Profit": 0,
        "Operating Income": -5,
        "EBIT": -5,
        "Net Income": -5
    },
    "2020-06-30": {
        "Diluted EPS": -0.43,
        "Total Revenue": 1,
        "Gross Profit": 1,
        "Operating Income": -4,
        "EBIT": -4,
        "Net Income": -4
    },
    "2020-03-31": {
        "Diluted EPS": -0.3,
        "Total Revenue": 1,
        "Gross Profit": 1,
        "Operating Income": -3,
        "EBIT": -3,
        "Net Income": -3
    },
    "2019-12-31": {
        "Diluted EPS": -0.24,
        "Total Revenue": 1,
        "Gross Profit": 1,
        "Operating Income": -2,
        "EBIT": -2,
        "Net Income": -2
    },
    "2019-09-30": {
        "Diluted EPS": -0.45,
        "Total Revenue": 1,
        "Gross Profit": 1,
        "Operating Income": -3,
        "EBIT": -3,
        "Net Income": -4
    },
    "2019-06-30": {
        "Diluted EPS": -0.3,
        "Total Revenue": 1,
        "Gross Profit": 1,
        "Operating Income": -2,
        "EBIT": -2,
        "Net Income": -3
    },
    "2019-03-31": {
        "Diluted EPS": -0.13,
        "Total Revenue": 1,
        "Gross Profit": 1,
        "Operating Income": -2,
        "EBIT": -2,
        "Net Income": -1
    },
    "2018-12-31": {
        "Diluted EPS": -0.16,
        "Total Revenue": 1,
        "Gross Profit": 1,
        "Operating Income": -2,
        "EBIT": -2,
        "Net Income": -1
    },
    "2018-09-30": {
        "Diluted EPS": -0.15,
        "Total Revenue": 1,
        "Gross Profit": 1,
        "Operating Income": -2,
        "EBIT": -1,
        "Net Income": -1
    },
    "2018-06-30": {
        "Diluted EPS": -0.08,
        "Total Revenue": 1,
        "Gross Profit": 1,
        "Operating Income": -1,
        "EBIT": -1,
        "Net Income": -1
    },
    "2018-03-31": {
        "Diluted EPS": -0.21,
        "Total Revenue": 1,
        "Gross Profit": 1,
        "Operating Income": -2,
        "EBIT": -2,
        "Net Income": -2
    },
    "2017-12-31": {
        "Diluted EPS": -0.17,
        "Total Revenue": 0,
        "Gross Profit": 0,
        "Operating Income": -2,
        "EBIT": -1,
        "Net Income": -1
    },
    "2017-09-30": {
        "Diluted EPS": -0.27,
        "Total Revenue": 0,
        "Gross Profit": 0,
        "Operating Income": -2,
        "EBIT": -2,
        "Net Income": -2
    },
    "2017-06-30": {
        "Diluted EPS": -0.23,
        "Total Revenue": 1,
        "Gross Profit": 1,
        "Operating Income": -2,
        "EBIT": -2,
        "Net Income": -2
    },
    "2017-03-31": {
        "Diluted EPS": -0.28,
        "Total Revenue": 1,
        "Gross Profit": 1,
        "Operating Income": -2,
        "EBIT": -2,
        "Net Income": -2
    },
    "2016-12-31": {
        "Diluted EPS": -0.32,
        "Total Revenue": 0,
        "Gross Profit": 0,
        "Operating Income": -2,
        "EBIT": -2,
        "Net Income": -2
    },
    "2016-09-30": {
        "Diluted EPS": -0.28,
        "Total Revenue": 3,
        "Gross Profit": 3,
        "Operating Income": -2,
        "EBIT": -2,
        "Net Income": -2
    },
    "2016-06-30": {
        "Diluted EPS": -0.25,
        "Total Revenue": 1,
        "Gross Profit": 1,
        "Operating Income": -2,
        "EBIT": -2,
        "Net Income": -2
    },
    "2016-03-31": {
        "Diluted EPS": 0.01,
        "Total Revenue": 1,
        "Gross Profit": 1,
        "Operating Income": -4,
        "EBIT": -4,
        "Net Income": 0
    },
    "2015-12-31": {
        "Diluted EPS": 0.33,
        "Total Revenue": 3,
        "Gross Profit": 3,
        "Operating Income": -2,
        "EBIT": -2,
        "Net Income": 2
    },
    "2015-09-30": {
        "Diluted EPS": -0.6,
        "Total Revenue": 1,
        "Gross Profit": 1,
        "Operating Income": -4,
        "EBIT": -4,
        "Net Income": -5
    },
    "2015-06-30": {
        "Diluted EPS": -0.84,
        "Total Revenue": 0,
        "Gross Profit": 0,
        "Operating Income": -6,
        "EBIT": -6,
        "Net Income": -6
    },
    "2015-03-31": {
        "Diluted EPS": -1.35,
        "Total Revenue": 0,
        "Gross Profit": 0,
        "Operating Income": -9,
        "EBIT": -9,
        "Net Income": -10
    },
    "2014-12-31": {
        "Diluted EPS": -0.62,
        "Total Revenue": 0,
        "Gross Profit": 0,
        "Operating Income": -6,
        "EBIT": -4,
        "Net Income": -5
    },
    "2014-09-30": {
        "Diluted EPS": -1.08,
        "Total Revenue": 0,
        "Gross Profit": 0,
        "Operating Income": -8,
        "EBIT": -5,
        "Net Income": -7
    },
    "2014-06-30": {
        "Diluted EPS": -0.6,
        "Total Revenue": 0,
        "Gross Profit": 0,
        "Operating Income": -5,
        "EBIT": -4,
        "Net Income": -4
    },
    "2014-03-31": {
        "Diluted EPS": -1.44,
        "Total Revenue": 1,
        "Gross Profit": 0,
        "Operating Income": -10,
        "EBIT": -9,
        "Net Income": -10
    },
    "2013-12-31": {
        "Diluted EPS": 1.63,
        "Total Revenue": 17,
        "Gross Profit": 17,
        "Operating Income": 7,
        "EBIT": 7,
        "Net Income": 11
    },
    "2013-09-30": {
        "Diluted EPS": -0.12,
        "Total Revenue": 6,
        "Gross Profit": 5,
        "Operating Income": -3,
        "EBIT": -3,
        "Net Income": -1
    },
    "2013-06-30": {
        "Diluted EPS": -1.68,
        "Total Revenue": 0,
        "Gross Profit": 0,
        "Operating Income": -12,
        "EBIT": -12,
        "Net Income": -11
    },
    "2013-03-31": {
        "Diluted EPS": -1.44,
        "Total Revenue": 1,
        "Gross Profit": 1,
        "Operating Income": -8,
        "EBIT": -7,
        "Net Income": -10
    },
    "2012-12-31": {
        "Diluted EPS": -0.12,
        "Total Revenue": 8,
        "Gross Profit": 8,
        "Operating Income": -1,
        "EBIT": -1,
        "Net Income": -1
    },
    "2012-09-30": {
        "Diluted EPS": 0.6,
        "Total Revenue": 1,
        "Gross Profit": 1,
        "Operating Income": 1,
        "EBIT": 1,
        "Net Income": 4
    },
    "2012-06-30": {
        "Diluted EPS": -2.52,
        "Total Revenue": 1,
        "Gross Profit": 1,
        "Operating Income": -11,
        "EBIT": -10,
        "Net Income": -16
    },
    "2012-03-31": {
        "Diluted EPS": -0.96,
        "Total Revenue": 3,
        "Gross Profit": 3,
        "Operating Income": -5,
        "EBIT": -4,
        "Net Income": -5
    },
    "2011-12-31": {
        "Diluted EPS": -0.6,
        "Total Revenue": 1,
        "Gross Profit": 1,
        "Operating Income": -7,
        "EBIT": -6,
        "Net Income": -4
    },
    "2011-09-30": {
        "Diluted EPS": -0.84,
        "Total Revenue": 6,
        "Gross Profit": 6,
        "Operating Income": -4,
        "EBIT": -4,
        "Net Income": -5
    },
    "2011-06-30": {
        "Diluted EPS": -0.84,
        "Total Revenue": 7,
        "Gross Profit": 7,
        "Operating Income": -1,
        "EBIT": 0,
        "Net Income": -5
    },
    "2011-03-31": {
        "Diluted EPS": -1.08,
        "Total Revenue": 2,
        "Gross Profit": 2,
        "Operating Income": -4,
        "EBIT": -3,
        "Net Income": -6
    },
    "2010-12-31": {
        "Diluted EPS": -2.88,
        "Total Revenue": 4,
        "Gross Profit": 4,
        "Operating Income": -11,
        "EBIT": -11,
        "Net Income": -16
    },
    "2010-09-30": {
        "Diluted EPS": -0.24,
        "Total Revenue": 10,
        "Gross Profit": 10,
        "Operating Income": 1,
        "EBIT": 2,
        "Net Income": -1
    },
    "2010-06-30": {
        "Diluted EPS": -0.6,
        "Total Revenue": 4,
        "Gross Profit": 4,
        "Operating Income": -3,
        "EBIT": -3,
        "Net Income": -3
    },
    "2010-03-31": {
        "Diluted EPS": -0.6,
        "Total Revenue": 3,
        "Gross Profit": 3,
        "Operating Income": -3,
        "EBIT": -2,
        "Net Income": -3
    },
    "2009-12-31": {
        "Diluted EPS": -0.84,
        "Total Revenue": 2,
        "Gross Profit": 2,
        "Operating Income": -4,
        "EBIT": -3,
        "Net Income": -4
    },
    "2009-09-30": {
        "Diluted EPS": -0.84,
        "Total Revenue": 1,
        "Gross Profit": 1,
        "Operating Income": -4,
        "EBIT": -4,
        "Net Income": -4
    },
    "2009-06-30": {
        "Diluted EPS": -1.08,
        "Total Revenue": 0,
        "Gross Profit": 0,
        "Operating Income": -5,
        "EBIT": -4,
        "Net Income": -5
    },
    "2009-03-31": {
        "Diluted EPS": -1.2,
        "Total Revenue": 1,
        "Gross Profit": 0,
        "Operating Income": -5,
        "EBIT": -5,
        "Net Income": -5
    },
    "2023-06-30": {
        "Tax Effect Of Unusual Items": NaN,
        "Tax Rate For Calcs": NaN,
        "Normalized EBITDA": NaN,
        "Total Unusual Items": NaN,
        "Total Unusual Items Excluding Goodwill": NaN,
        "Net Income From Continuing Operation Net Minority Interest": NaN,
        "Reconciled Depreciation": NaN,
        "Reconciled Cost Of Revenue": NaN,
        "EBITDA": NaN,
        "EBIT": NaN,
        "Net Interest Income": NaN,
        "Interest Expense": NaN,
        "Interest Income": NaN,
        "Normalized Income": NaN,
        "Net Income From Continuing And Discontinued Operation": NaN,
        "Total Expenses": NaN,
        "Total Operating Income As Reported": NaN,
        "Diluted Average Shares": 19918677.0,
        "Basic Average Shares": 19918677.0,
        "Diluted EPS": -0.25,
        "Basic EPS": -0.25,
        "Diluted NI Availto Com Stockholders": NaN,
        "Net Income Common Stockholders": NaN,
        "Otherunder Preferred Stock Dividend": 0.0,
        "Net Income": NaN,
        "Minority Interests": NaN,
        "Net Income Including Noncontrolling Interests": NaN,
        "Net Income Continuous Operations": NaN,
        "Tax Provision": NaN,
        "Pretax Income": NaN,
        "Other Income Expense": NaN,
        "Other Non Operating Income Expenses": NaN,
        "Special Income Charges": NaN,
        "Other Special Charges": 301414.0,
        "Earnings From Equity Interest": NaN,
        "Gain On Sale Of Security": NaN,
        "Net Non Operating Interest Income Expense": NaN,
        "Interest Expense Non Operating": NaN,
        "Interest Income Non Operating": NaN,
        "Operating Income": NaN,
        "Operating Expense": NaN,
        "Selling General And Administration": NaN,
        "Gross Profit": NaN,
        "Cost Of Revenue": NaN,
        "Total Revenue": NaN,
        "Operating Revenue": NaN
    },
    "2024-03-31": {
        "Tax Effect Of Unusual Items": 0.0,
        "Tax Rate For Calcs": 0.0,
        "Normalized EBITDA": -5047154.0,
        "Total Unusual Items": 7854902.0,
        "Total Unusual Items Excluding Goodwill": 7854902.0,
        "Net Income From Continuing Operation Net Minority Interest": 3498024.0,
        "Reconciled Depreciation": 66786.0,
        "Reconciled Cost Of Revenue": 885667.0,
        "EBITDA": 2807748.0,
        "EBIT": 2740962.0,
        "Net Interest Income": -1819585.0,
        "Interest Expense": 1819994.0,
        "Interest Income": 409.0,
        "Normalized Income": -4356878.0,
        "Net Income From Continuing And Discontinued Operation": 3498024.0,
        "Total Expenses": 4920194.0,
        "Total Operating Income As Reported": -4717130.0,
        "Diluted Average Shares": 26658100.0,
        "Basic Average Shares": 20425934.0,
        "Diluted EPS": -0.18,
        "Basic EPS": 0.17,
        "Diluted NI Availto Com Stockholders": -4918225.0,
        "Net Income Common Stockholders": -4918225.0,
        "Otherunder Preferred Stock Dividend": 8416249.0,
        "Net Income": 3498024.0,
        "Minority Interests": 2577056.0,
        "Net Income Including Noncontrolling Interests": 920968.0,
        "Net Income Continuous Operations": 920968.0,
        "Tax Provision": 0.0,
        "Pretax Income": 920968.0,
        "Other Income Expense": 7457683.0,
        "Other Non Operating Income Expenses": -183273.0,
        "Special Income Charges": 0.0,
        "Other Special Charges": NaN,
        "Earnings From Equity Interest": -213946.0,
        "Gain On Sale Of Security": 7854902.0,
        "Net Non Operating Interest Income Expense": -1819585.0,
        "Interest Expense Non Operating": 1819994.0,
        "Interest Income Non Operating": 409.0,
        "Operating Income": -4717130.0,
        "Operating Expense": 4034527.0,
        "Selling General And Administration": 4034527.0,
        "Gross Profit": -682603.0,
        "Cost Of Revenue": 885667.0,
        "Total Revenue": 203064.0,
        "Operating Revenue": 203064.0
    },
    "2024-06-30": {
        "Tax Effect Of Unusual Items": 0.0,
        "Tax Rate For Calcs": 0.0,
        "Normalized EBITDA": 7097002.0,
        "Total Unusual Items": -8925464.0,
        "Total Unusual Items Excluding Goodwill": -8925464.0,
        "Net Income From Continuing Operation Net Minority Interest": -1527103.0,
        "Reconciled Depreciation": 66492.0,
        "Reconciled Cost Of Revenue": 1026715.0,
        "EBITDA": -1828462.0,
        "EBIT": -1894954.0,
        "Net Interest Income": -1826459.0,
        "Interest Expense": 1833773.0,
        "Interest Income": 7314.0,
        "Normalized Income": 7398361.0,
        "Net Income From Continuing And Discontinued Operation": -1527103.0,
        "Total Expenses": 3231567.0,
        "Total Operating Income As Reported": -3016002.0,
        "Diluted Average Shares": 20481072.0,
        "Basic Average Shares": 20481072.0,
        "Diluted EPS": -0.07,
        "Basic EPS": -0.07,
        "Diluted NI Availto Com Stockholders": -1527103.0,
        "Net Income Common Stockholders": -1527103.0,
        "Otherunder Preferred Stock Dividend": 0.0,
        "Net Income": -1527103.0,
        "Minority Interests": 2201624.0,
        "Net Income Including Noncontrolling Interests": -3728727.0,
        "Net Income Continuous Operations": -3728727.0,
        "Tax Provision": 0.0,
        "Pretax Income": -3728727.0,
        "Other Income Expense": 1113734.0,
        "Other Non Operating Income Expenses": 10172617.0,
        "Special Income Charges": 0.0,
        "Other Special Charges": NaN,
        "Earnings From Equity Interest": -133419.0,
        "Gain On Sale Of Security": -8925464.0,
        "Net Non Operating Interest Income Expense": -1826459.0,
        "Interest Expense Non Operating": 1833773.0,
        "Interest Income Non Operating": 7314.0,
        "Operating Income": -3016002.0,
        "Operating Expense": 2204852.0,
        "Selling General And Administration": 2204852.0,
        "Gross Profit": -811150.0,
        "Cost Of Revenue": 1026715.0,
        "Total Revenue": 215565.0,
        "Operating Revenue": 215565.0
    },
    "2024-09-30": {
        "Tax Effect Of Unusual Items": 0.0,
        "Tax Rate For Calcs": 0.0,
        "Normalized EBITDA": -1592187.0,
        "Total Unusual Items": 19542434.0,
        "Total Unusual Items Excluding Goodwill": 19542434.0,
        "Net Income From Continuing Operation Net Minority Interest": 18688236.0,
        "Reconciled Depreciation": 46454.0,
        "Reconciled Cost Of Revenue": 1348817.0,
        "EBITDA": 17950247.0,
        "EBIT": 17903793.0,
        "Net Interest Income": -1560311.0,
        "Interest Expense": 1668358.0,
        "Interest Income": 108047.0,
        "Normalized Income": -854198.0,
        "Net Income From Continuing And Discontinued Operation": 18688236.0,
        "Total Expenses": 3082064.0,
        "Total Operating Income As Reported": -2868163.0,
        "Diluted Average Shares": 25219258.0,
        "Basic Average Shares": 20665783.0,
        "Diluted EPS": 0.13,
        "Basic EPS": 0.9,
        "Diluted NI Availto Com Stockholders": 18688236.0,
        "Net Income Common Stockholders": 18688236.0,
        "Otherunder Preferred Stock Dividend": NaN,
        "Net Income": 18688236.0,
        "Minority Interests": 2452801.0,
        "Net Income Including Noncontrolling Interests": 16235435.0,
        "Net Income Continuous Operations": 16235435.0,
        "Tax Provision": 0.0,
        "Pretax Income": 16235435.0,
        "Other Income Expense": 20663909.0,
        "Other Non Operating Income Expenses": 870618.0,
        "Special Income Charges": 0.0,
        "Other Special Charges": NaN,
        "Earnings From Equity Interest": 250857.0,
        "Gain On Sale Of Security": 19542434.0,
        "Net Non Operating Interest Income Expense": -1560311.0,
        "Interest Expense Non Operating": 1668358.0,
        "Interest Income Non Operating": 108047.0,
        "Operating Income": -2868163.0,
        "Operating Expense": 1733247.0,
        "Selling General And Administration": 1733247.0,
        "Gross Profit": -1134916.0,
        "Cost Of Revenue": 1348817.0,
        "Total Revenue": 213901.0,
        "Operating Revenue": 213901.0
    },
    "2023-12-31": {
        "Tax Effect Of Unusual Items": 0.0,
        "Tax Rate For Calcs": 0.0,
        "Normalized EBITDA": -2453046.0,
        "Total Unusual Items": -6728208.0,
        "Total Unusual Items Excluding Goodwill": -6728208.0,
        "Net Income From Continuing Operation Net Minority Interest": -8216974.0,
        "Reconciled Depreciation": 53150.0,
        "Reconciled Cost Of Revenue": 735474.0,
        "EBITDA": -9181254.0,
        "EBIT": -9234404.0,
        "Net Interest Income": -1422602.0,
        "Interest Expense": 1422616.0,
        "Interest Income": 14.0,
        "Normalized Income": -1488766.0,
        "Net Income From Continuing And Discontinued Operation": -8216974.0,
        "Total Expenses": 2389245.0,
        "Total Operating Income As Reported": -2222636.0,
        "Diluted Average Shares": NaN,
        "Basic Average Shares": NaN,
        "Diluted EPS": NaN,
        "Basic EPS": NaN,
        "Diluted NI Availto Com Stockholders": -8216974.0,
        "Net Income Common Stockholders": -8216974.0,
        "Otherunder Preferred Stock Dividend": NaN,
        "Net Income": -8216974.0,
        "Minority Interests": 2440046.0,
        "Net Income Including Noncontrolling Interests": -10657020.0,
        "Net Income Continuous Operations": -10657020.0,
        "Tax Provision": 0.0,
        "Pretax Income": -10657020.0,
        "Other Income Expense": -7011782.0,
        "Other Non Operating Income Expenses": -20557.0,
        "Special Income Charges": 0.0,
        "Other Special Charges": 0.0,
        "Earnings From Equity Interest": -263017.0,
        "Gain On Sale Of Security": -6728208.0,
        "Net Non Operating Interest Income Expense": -1422602.0,
        "Interest Expense Non Operating": 1422616.0,
        "Interest Income Non Operating": 14.0,
        "Operating Income": -2222636.0,
        "Operating Expense": 1653771.0,
        "Selling General And Administration": 1653771.0,
        "Gross Profit": -568865.0,
        "Cost Of Revenue": 735474.0,
        "Total Revenue": 166609.0,
        "Operating Revenue": 142391.0
    },
    "2023-09-30": {
        "Tax Effect Of Unusual Items": 0.0,
        "Tax Rate For Calcs": 0.0,
        "Normalized EBITDA": -2357558.0,
        "Total Unusual Items": -1859147.0,
        "Total Unusual Items Excluding Goodwill": -1859147.0,
        "Net Income From Continuing Operation Net Minority Interest": -3813285.0,
        "Reconciled Depreciation": -8151.0,
        "Reconciled Cost Of Revenue": 1067142.0,
        "EBITDA": -4216705.0,
        "EBIT": -4216705.0,
        "Net Interest Income": -1835498.0,
        "Interest Expense": 1836153.0,
        "Interest Income": 655.0,
        "Normalized Income": -1954138.0,
        "Net Income From Continuing And Discontinued Operation": -3813285.0,
        "Total Expenses": 2631298.0,
        "Total Operating Income As Reported": -2455422.0,
        "Diluted Average Shares": 20025067.0,
        "Basic Average Shares": 20025067.0,
        "Diluted EPS": -0.19,
        "Basic EPS": -0.19,
        "Diluted NI Availto Com Stockholders": -3813285.0,
        "Net Income Common Stockholders": -3813285.0,
        "Otherunder Preferred Stock Dividend": NaN,
        "Net Income": -3813285.0,
        "Minority Interests": 2239573.0,
        "Net Income Including Noncontrolling Interests": -6052858.0,
        "Net Income Continuous Operations": -6052858.0,
        "Tax Provision": 0.0,
        "Pretax Income": -6052858.0,
        "Other Income Expense": -1761938.0,
        "Other Non Operating Income Expenses": 113102.0,
        "Special Income Charges": 0.0,
        "Other Special Charges": NaN,
        "Earnings From Equity Interest": -15893.0,
        "Gain On Sale Of Security": -1859147.0,
        "Net Non Operating Interest Income Expense": -1835498.0,
        "Interest Expense Non Operating": 1836153.0,
        "Interest Income Non Operating": 655.0,
        "Operating Income": -2455422.0,
        "Operating Expense": 1564156.0,
        "Selling General And Administration": 1564156.0,
        "Gross Profit": -891266.0,
        "Cost Of Revenue": 1067142.0,
        "Total Revenue": 175876.0,
        "Operating Revenue": 175876.0
    }
}