{
    "2023-03-31": {
        "Tax Effect Of Unusual Items": -10487774.0,
        "Tax Rate For Calcs": 0.277,
        "Normalized EBITDA": 117208000.0,
        "Total Unusual Items": -37862000.0,
        "Total Unusual Items Excluding Goodwill": -37862000.0,
        "Net Income From Continuing Operation Net Minority Interest": -24418000.0,
        "Reconciled Depreciation": 70926000.0,
        "Reconciled Cost Of Revenue": 2025542000.0,
        "EBITDA": 79346000.0,
        "EBIT": 8420000.0,
        "Net Interest Income": -42198000.0,
        "Interest Expense": 42198000.0,
        "Normalized Income": 2956226.0,
        "Net Income From Continuing And Discontinued Operation": -24418000.0,
        "Total Expenses": 2475180000.0,
        "Total Operating Income As Reported": 9807000.0,
        "Diluted Average Shares": 75177000.0,
        "Basic Average Shares": 75177000.0,
        "Diluted EPS": -0.32,
        "Basic EPS": -0.32,
        "Diluted NI Availto Com Stockholders": -24418000.0,
        "Net Income Common Stockholders": -24418000.0,
        "Net Income": -24418000.0,
        "Net Income Including Noncontrolling Interests": -24418000.0,
        "Net Income Continuous Operations": -24418000.0,
        "Tax Provision": -9360000.0,
        "Pretax Income": -33778000.0,
        "Other Income Expense": -39249000.0,
        "Other Non Operating Income Expenses": -1387000.0,
        "Special Income Charges": -37862000.0,
        "Restructuring And Mergern Acquisition": 37862000.0,
        "Net Non Operating Interest Income Expense": -42198000.0,
        "Interest Expense Non Operating": 42198000.0,
        "Operating Income": 47669000.0,
        "Operating Expense": 449638000.0,
        "Other Operating Expenses": 916000.0,
        "Selling General And Administration": 448722000.0,
        "Gross Profit": 497307000.0,
        "Cost Of Revenue": 2025542000.0,
        "Total Revenue": 2522849000.0,
        "Operating Revenue": 2522849000.0
    },
    "2022-12-31": {
        "Tax Effect Of Unusual Items": -1951247.445691,
        "Tax Rate For Calcs": 0.392289,
        "Normalized EBITDA": 23940000.0,
        "Total Unusual Items": -4974000.0,
        "Total Unusual Items Excluding Goodwill": -4974000.0,
        "Net Income From Continuing Operation Net Minority Interest": -57992000.0,
        "Reconciled Depreciation": 73229000.0,
        "Reconciled Cost Of Revenue": 2143988000.0,
        "EBITDA": 18966000.0,
        "EBIT": -54263000.0,
        "Net Interest Income": -41164000.0,
        "Interest Expense": 41164000.0,
        "Normalized Income": -54969247.445691,
        "Net Income From Continuing And Discontinued Operation": -57992000.0,
        "Total Expenses": 2599612000.0,
        "Total Operating Income As Reported": -53479000.0,
        "Diluted Average Shares": 74991000.0,
        "Basic Average Shares": 74991000.0,
        "Diluted EPS": -0.77,
        "Basic EPS": -0.77,
        "Diluted NI Availto Com Stockholders": -57992000.0,
        "Net Income Common Stockholders": -57992000.0,
        "Net Income": -57992000.0,
        "Net Income Including Noncontrolling Interests": -57992000.0,
        "Net Income Continuous Operations": -57992000.0,
        "Tax Provision": -37435000.0,
        "Pretax Income": -95427000.0,
        "Other Income Expense": -5758000.0,
        "Other Non Operating Income Expenses": -784000.0,
        "Special Income Charges": -4974000.0,
        "Restructuring And Mergern Acquisition": 4974000.0,
        "Net Non Operating Interest Income Expense": -41164000.0,
        "Interest Expense Non Operating": 41164000.0,
        "Operating Income": -48505000.0,
        "Operating Expense": 455624000.0,
        "Other Operating Expenses": -232000.0,
        "Selling General And Administration": 455856000.0,
        "Gross Profit": 407119000.0,
        "Cost Of Revenue": 2143988000.0,
        "Total Revenue": 2551107000.0,
        "Operating Revenue": 2551107000.0
    },
    "2022-09-30": {
        "Tax Effect Of Unusual Items": -3221076.0,
        "Tax Rate For Calcs": 0.362,
        "Normalized EBITDA": 126514000.0,
        "Total Unusual Items": -8898000.0,
        "Total Unusual Items Excluding Goodwill": -8898000.0,
        "Net Income From Continuing Operation Net Minority Interest": 12497000.0,
        "Reconciled Depreciation": 58152000.0,
        "Reconciled Cost Of Revenue": 1984122000.0,
        "EBITDA": 117616000.0,
        "EBIT": 59464000.0,
        "Net Interest Income": -39869000.0,
        "Interest Expense": 39869000.0,
        "Normalized Income": 18173924.0,
        "Net Income From Continuing And Discontinued Operation": 12497000.0,
        "Total Expenses": 2428256000.0,
        "Total Operating Income As Reported": 60247000.0,
        "Diluted Average Shares": 76415000.0,
        "Basic Average Shares": 74905000.0,
        "Diluted EPS": 0.16,
        "Basic EPS": 0.17,
        "Diluted NI Availto Com Stockholders": 12497000.0,
        "Net Income Common Stockholders": 12497000.0,
        "Net Income": 12497000.0,
        "Net Income Including Noncontrolling Interests": 12497000.0,
        "Net Income Continuous Operations": 12497000.0,
        "Tax Provision": 7098000.0,
        "Pretax Income": 19595000.0,
        "Other Income Expense": -9681000.0,
        "Other Non Operating Income Expenses": -783000.0,
        "Special Income Charges": -8898000.0,
        "Restructuring And Mergern Acquisition": 8898000.0,
        "Net Non Operating Interest Income Expense": -39869000.0,
        "Interest Expense Non Operating": 39869000.0,
        "Operating Income": 69145000.0,
        "Operating Expense": 444134000.0,
        "Other Operating Expenses": -1125000.0,
        "Depreciation Amortization Depletion Income Statement": NaN,
        "Depreciation And Amortization In Income Statement": NaN,
        "Selling General And Administration": 445259000.0,
        "Gross Profit": 513279000.0,
        "Cost Of Revenue": 1984122000.0,
        "Total Revenue": 2497401000.0,
        "Operating Revenue": 2497401000.0
    },
    "2022-06-30": {
        "Tax Effect Of Unusual Items": -1946112.0,
        "Tax Rate For Calcs": 0.256,
        "Normalized EBITDA": 155065000.0,
        "Total Unusual Items": -7602000.0,
        "Total Unusual Items Excluding Goodwill": -7602000.0,
        "Net Income From Continuing Operation Net Minority Interest": 28604000.0,
        "Reconciled Depreciation": 73161000.0,
        "Reconciled Cost Of Revenue": 1967510000.0,
        "EBITDA": 147463000.0,
        "EBIT": 74302000.0,
        "Net Interest Income": -35839000.0,
        "Interest Expense": 35839000.0,
        "Normalized Income": 34259888.0,
        "Net Income From Continuing And Discontinued Operation": 28604000.0,
        "Total Expenses": 2417328000.0,
        "Total Operating Income As Reported": 75085000.0,
        "Diluted Average Shares": 76297000.0,
        "Basic Average Shares": 74710000.0,
        "Diluted EPS": 0.37,
        "Basic EPS": 0.38,
        "Diluted NI Availto Com Stockholders": 28604000.0,
        "Net Income Common Stockholders": 28604000.0,
        "Net Income": 28604000.0,
        "Net Income Including Noncontrolling Interests": 28604000.0,
        "Net Income Continuous Operations": 28604000.0,
        "Tax Provision": 9859000.0,
        "Pretax Income": 38463000.0,
        "Other Income Expense": -8385000.0,
        "Other Non Operating Income Expenses": -783000.0,
        "Special Income Charges": -7602000.0,
        "Restructuring And Mergern Acquisition": 7602000.0,
        "Net Non Operating Interest Income Expense": -35839000.0,
        "Interest Expense Non Operating": 35839000.0,
        "Operating Income": 82687000.0,
        "Operating Expense": 449818000.0,
        "Other Operating Expenses": -2995000.0,
        "Depreciation Amortization Depletion Income Statement": NaN,
        "Depreciation And Amortization In Income Statement": NaN,
        "Selling General And Administration": 452813000.0,
        "Gross Profit": 532505000.0,
        "Cost Of Revenue": 1967510000.0,
        "Total Revenue": 2500015000.0,
        "Operating Revenue": 2500015000.0
    },
    "2022-03-31": {
        "Diluted EPS": 0.52,
        "Total Revenue": NaN,
        "Gross Profit": 373,
        "Operating Income": 61,
        "EBIT": 85,
        "Net Income": 39
    },
    "2021-12-31": {
        "Diluted EPS": 0.51,
        "Total Revenue": NaN,
        "Gross Profit": 342,
        "Operating Income": 62,
        "EBIT": 85,
        "Net Income": 42
    },
    "2021-09-30": {
        "Diluted EPS": 0.58,
        "Total Revenue": NaN,
        "Gross Profit": 329,
        "Operating Income": 63,
        "EBIT": 86,
        "Net Income": 44
    },
    "2021-06-30": {
        "Diluted EPS": 0.87,
        "Total Revenue": NaN,
        "Gross Profit": 400,
        "Operating Income": 97,
        "EBIT": 119,
        "Net Income": 66
    },
    "2021-03-31": {
        "Diluted EPS": 0.98,
        "Total Revenue": NaN,
        "Gross Profit": 443,
        "Operating Income": 147,
        "EBIT": 170,
        "Net Income": 70
    },
    "2020-12-31": {
        "Diluted EPS": 0.81,
        "Total Revenue": NaN,
        "Gross Profit": 399,
        "Operating Income": 96,
        "EBIT": 119,
        "Net Income": 51
    },
    "2020-09-30": {
        "Diluted EPS": 0.76,
        "Total Revenue": NaN,
        "Gross Profit": 344,
        "Operating Income": 76,
        "EBIT": 96,
        "Net Income": 46
    },
    "2020-06-30": {
        "Diluted EPS": -0.91,
        "Total Revenue": NaN,
        "Gross Profit": 269,
        "Operating Income": 22,
        "EBIT": 47,
        "Net Income": -56
    },
    "2020-03-31": {
        "Diluted EPS": -0.19,
        "Total Revenue": NaN,
        "Gross Profit": 269,
        "Operating Income": 11,
        "EBIT": 35,
        "Net Income": -11
    },
    "2019-12-31": {
        "Diluted EPS": -0.65,
        "Total Revenue": NaN,
        "Gross Profit": 285,
        "Operating Income": 15,
        "EBIT": 43,
        "Net Income": -39
    },
    "2019-09-30": {
        "Diluted EPS": 0.02,
        "Total Revenue": NaN,
        "Gross Profit": 281,
        "Operating Income": 26,
        "EBIT": 55,
        "Net Income": 1
    },
    "2019-06-30": {
        "Diluted EPS": -0.17,
        "Total Revenue": NaN,
        "Gross Profit": 287,
        "Operating Income": 16,
        "EBIT": 46,
        "Net Income": -10
    },
    "2019-03-31": {
        "Diluted EPS": -0.23,
        "Total Revenue": NaN,
        "Gross Profit": 277,
        "Operating Income": 17,
        "EBIT": 45,
        "Net Income": -14
    },
    "2018-12-31": {
        "Diluted EPS": -4.33,
        "Total Revenue": NaN,
        "Gross Profit": 68,
        "Operating Income": -226,
        "EBIT": 77,
        "Net Income": -261
    },
    "2018-09-30": {
        "Diluted EPS": -0.01,
        "Total Revenue": NaN,
        "Gross Profit": 353,
        "Operating Income": 21,
        "EBIT": 51,
        "Net Income": -1
    },
    "2018-06-30": {
        "Diluted EPS": -3.07,
        "Total Revenue": NaN,
        "Gross Profit": 325,
        "Operating Income": -172,
        "EBIT": 19,
        "Net Income": -183
    },
    "2018-03-31": {
        "Diluted EPS": 0.13,
        "Total Revenue": NaN,
        "Gross Profit": 325,
        "Operating Income": 24,
        "EBIT": 42,
        "Net Income": 8
    },
    "2017-12-31": {
        "Diluted EPS": 0.38,
        "Total Revenue": NaN,
        "Gross Profit": 315,
        "Operating Income": -9,
        "EBIT": 10,
        "Net Income": 23
    },
    "2017-09-30": {
        "Diluted EPS": 0.18,
        "Total Revenue": NaN,
        "Gross Profit": 302,
        "Operating Income": 30,
        "EBIT": 46,
        "Net Income": 11
    },
    "2017-06-30": {
        "Diluted EPS": 0.33,
        "Total Revenue": NaN,
        "Gross Profit": 274,
        "Operating Income": 33,
        "EBIT": 45,
        "Net Income": 20
    },
    "2017-03-31": {
        "Diluted EPS": 0.31,
        "Total Revenue": NaN,
        "Gross Profit": 281,
        "Operating Income": 36,
        "EBIT": 48,
        "Net Income": 19
    },
    "2016-12-31": {
        "Diluted EPS": 0.44,
        "Total Revenue": NaN,
        "Gross Profit": 295,
        "Operating Income": 49,
        "EBIT": 62,
        "Net Income": 27
    },
    "2016-09-30": {
        "Diluted EPS": 0.48,
        "Total Revenue": NaN,
        "Gross Profit": 296,
        "Operating Income": 54,
        "EBIT": 67,
        "Net Income": 30
    },
    "2016-06-30": {
        "Diluted EPS": 0.45,
        "Total Revenue": NaN,
        "Gross Profit": 299,
        "Operating Income": 52,
        "EBIT": 66,
        "Net Income": 27
    },
    "2016-03-31": {
        "Diluted EPS": 0.39,
        "Total Revenue": NaN,
        "Gross Profit": 297,
        "Operating Income": 45,
        "EBIT": 59,
        "Net Income": 24
    },
    "2015-12-31": {
        "Diluted EPS": 0.51,
        "Total Revenue": NaN,
        "Gross Profit": 312,
        "Operating Income": 58,
        "EBIT": 72,
        "Net Income": 32
    },
    "2015-09-30": {
        "Diluted EPS": 0.45,
        "Total Revenue": NaN,
        "Gross Profit": 306,
        "Operating Income": 54,
        "EBIT": 69,
        "Net Income": 28
    },
    "2015-06-30": {
        "Diluted EPS": 0.39,
        "Total Revenue": NaN,
        "Gross Profit": 298,
        "Operating Income": 48,
        "EBIT": 65,
        "Net Income": 24
    },
    "2015-03-31": {
        "Diluted EPS": 0.3,
        "Total Revenue": NaN,
        "Gross Profit": 298,
        "Operating Income": 41,
        "EBIT": 60,
        "Net Income": 19
    },
    "2014-12-31": {
        "Diluted EPS": 0.22,
        "Total Revenue": NaN,
        "Gross Profit": 314,
        "Operating Income": 41,
        "EBIT": 63,
        "Net Income": 14
    },
    "2014-09-30": {
        "Diluted EPS": 0.11,
        "Total Revenue": NaN,
        "Gross Profit": 292,
        "Operating Income": 35,
        "EBIT": 49,
        "Net Income": 7
    },
    "2014-06-30": {
        "Diluted EPS": 0.32,
        "Total Revenue": NaN,
        "Gross Profit": 282,
        "Operating Income": 37,
        "EBIT": 51,
        "Net Income": 20
    },
    "2014-03-31": {
        "Diluted EPS": 0.41,
        "Total Revenue": NaN,
        "Gross Profit": 281,
        "Operating Income": 46,
        "EBIT": 60,
        "Net Income": 25
    },
    "2013-12-31": {
        "Diluted EPS": 0.45,
        "Total Revenue": NaN,
        "Gross Profit": 291,
        "Operating Income": 51,
        "EBIT": 64,
        "Net Income": 28
    },
    "2013-09-30": {
        "Diluted EPS": 0.44,
        "Total Revenue": NaN,
        "Gross Profit": 273,
        "Operating Income": 49,
        "EBIT": 62,
        "Net Income": 28
    },
    "2013-06-30": {
        "Diluted EPS": 0.46,
        "Total Revenue": NaN,
        "Gross Profit": 273,
        "Operating Income": 50,
        "EBIT": 62,
        "Net Income": 29
    },
    "2013-03-31": {
        "Diluted EPS": 0.41,
        "Total Revenue": NaN,
        "Gross Profit": 279,
        "Operating Income": 48,
        "EBIT": 61,
        "Net Income": 26
    },
    "2012-12-31": {
        "Diluted EPS": 0.39,
        "Total Revenue": NaN,
        "Gross Profit": 271,
        "Operating Income": 45,
        "EBIT": 57,
        "Net Income": 25
    },
    "2012-09-30": {
        "Diluted EPS": 0.39,
        "Total Revenue": NaN,
        "Gross Profit": 228,
        "Operating Income": 47,
        "EBIT": 57,
        "Net Income": 24
    },
    "2012-06-30": {
        "Diluted EPS": 0.48,
        "Total Revenue": NaN,
        "Gross Profit": 211,
        "Operating Income": 53,
        "EBIT": 62,
        "Net Income": 30
    },
    "2012-03-31": {
        "Diluted EPS": 0.46,
        "Total Revenue": NaN,
        "Gross Profit": 214,
        "Operating Income": 52,
        "EBIT": 60,
        "Net Income": 29
    },
    "2011-12-31": {
        "Diluted EPS": 0.37,
        "Total Revenue": NaN,
        "Gross Profit": 214,
        "Operating Income": 43,
        "EBIT": 52,
        "Net Income": 24
    },
    "2011-09-30": {
        "Diluted EPS": 0.53,
        "Total Revenue": NaN,
        "Gross Profit": 217,
        "Operating Income": 58,
        "EBIT": 67,
        "Net Income": 33
    },
    "2011-06-30": {
        "Diluted EPS": 0.46,
        "Total Revenue": NaN,
        "Gross Profit": 216,
        "Operating Income": 51,
        "EBIT": 59,
        "Net Income": 29
    },
    "2011-03-31": {
        "Diluted EPS": 0.45,
        "Total Revenue": NaN,
        "Gross Profit": 211,
        "Operating Income": 51,
        "EBIT": 60,
        "Net Income": 28
    },
    "2010-12-31": {
        "Diluted EPS": 0.35,
        "Total Revenue": NaN,
        "Gross Profit": 208,
        "Operating Income": 39,
        "EBIT": 47,
        "Net Income": 22
    },
    "2010-09-30": {
        "Diluted EPS": 0.5,
        "Total Revenue": NaN,
        "Gross Profit": 204,
        "Operating Income": 55,
        "EBIT": 63,
        "Net Income": 31
    },
    "2010-06-30": {
        "Diluted EPS": 0.46,
        "Total Revenue": NaN,
        "Gross Profit": 199,
        "Operating Income": 52,
        "EBIT": 59,
        "Net Income": 29
    },
    "2010-03-31": {
        "Diluted EPS": 0.44,
        "Total Revenue": NaN,
        "Gross Profit": 197,
        "Operating Income": 49,
        "EBIT": 56,
        "Net Income": 28
    },
    "2009-12-31": {
        "Diluted EPS": 0.52,
        "Total Revenue": NaN,
        "Gross Profit": 229,
        "Operating Income": 56,
        "EBIT": 62,
        "Net Income": 33
    },
    "2009-09-30": {
        "Diluted EPS": 0.55,
        "Total Revenue": NaN,
        "Gross Profit": 204,
        "Operating Income": 57,
        "EBIT": 63,
        "Net Income": 34
    },
    "2009-06-30": {
        "Diluted EPS": 0.38,
        "Total Revenue": NaN,
        "Gross Profit": 198,
        "Operating Income": 49,
        "EBIT": 55,
        "Net Income": 24
    },
    "2009-03-31": {
        "Diluted EPS": 0.22,
        "Total Revenue": NaN,
        "Gross Profit": 184,
        "Operating Income": 40,
        "EBIT": 46,
        "Net Income": 14
    },
    "2023-06-30": {
        "Tax Effect Of Unusual Items": -4502608.0,
        "Tax Rate For Calcs": 0.088,
        "Normalized EBITDA": 132995000.0,
        "Total Unusual Items": -51166000.0,
        "Total Unusual Items Excluding Goodwill": -51166000.0,
        "Net Income From Continuing Operation Net Minority Interest": -28241000.0,
        "Reconciled Depreciation": 72062000.0,
        "Reconciled Cost Of Revenue": 2043794000.0,
        "EBITDA": 81829000.0,
        "EBIT": 9767000.0,
        "Net Interest Income": -40728000.0,
        "Interest Expense": 40728000.0,
        "Normalized Income": 18422392.0,
        "Net Income From Continuing And Discontinued Operation": -28241000.0,
        "Total Expenses": 2501221000.0,
        "Total Operating Income As Reported": 10839000.0,
        "Diluted Average Shares": 75801000.0,
        "Basic Average Shares": 75801000.0,
        "Diluted EPS": -0.37,
        "Basic EPS": -0.37,
        "Diluted NI Availto Com Stockholders": -28241000.0,
        "Net Income Common Stockholders": -28241000.0,
        "Net Income": -28241000.0,
        "Net Income Including Noncontrolling Interests": -28241000.0,
        "Net Income Continuous Operations": -28241000.0,
        "Tax Provision": -2720000.0,
        "Pretax Income": -30961000.0,
        "Other Income Expense": -52238000.0,
        "Other Non Operating Income Expenses": -1072000.0,
        "Special Income Charges": -51166000.0,
        "Restructuring And Mergern Acquisition": 51166000.0,
        "Net Non Operating Interest Income Expense": -40728000.0,
        "Interest Expense Non Operating": 40728000.0,
        "Operating Income": 62005000.0,
        "Operating Expense": 457427000.0,
        "Other Operating Expenses": 2397000.0,
        "Selling General And Administration": 455030000.0,
        "Gross Profit": 519432000.0,
        "Cost Of Revenue": 2043794000.0,
        "Total Revenue": 2563226000.0,
        "Operating Revenue": 2563226000.0
    },
    "2023-09-30": {
        "Tax Effect Of Unusual Items": -12683370.0,
        "Tax Rate For Calcs": 0.21,
        "Normalized EBITDA": 161192000.0,
        "Total Unusual Items": -60397000.0,
        "Total Unusual Items Excluding Goodwill": -60397000.0,
        "Net Income From Continuing Operation Net Minority Interest": -6426000.0,
        "Reconciled Depreciation": 73652000.0,
        "Reconciled Cost Of Revenue": 2053244000.0,
        "EBITDA": 100795000.0,
        "EBIT": 27143000.0,
        "Net Interest Income": -38127000.0,
        "Interest Expense": 38127000.0,
        "Normalized Income": 41287630.0,
        "Net Income From Continuing And Discontinued Operation": -6426000.0,
        "Total Expenses": 2507504000.0,
        "Total Operating Income As Reported": 23841000.0,
        "Diluted Average Shares": 76203000.0,
        "Basic Average Shares": 76203000.0,
        "Diluted EPS": -0.08,
        "Basic EPS": -0.08,
        "Diluted NI Availto Com Stockholders": -6426000.0,
        "Net Income Common Stockholders": -6426000.0,
        "Net Income": -6426000.0,
        "Net Income Including Noncontrolling Interests": -6426000.0,
        "Net Income Continuous Operations": -6426000.0,
        "Tax Provision": -4558000.0,
        "Pretax Income": -10984000.0,
        "Other Income Expense": -57095000.0,
        "Other Non Operating Income Expenses": 3302000.0,
        "Special Income Charges": -60397000.0,
        "Restructuring And Mergern Acquisition": 60397000.0,
        "Net Non Operating Interest Income Expense": -38127000.0,
        "Interest Expense Non Operating": 38127000.0,
        "Operating Income": 84238000.0,
        "Operating Expense": 454260000.0,
        "Other Operating Expenses": 1677000.0,
        "Selling General And Administration": 452583000.0,
        "Gross Profit": 538498000.0,
        "Cost Of Revenue": 2053244000.0,
        "Total Revenue": 2591742000.0,
        "Operating Revenue": 2591742000.0
    }
}