{
    "2023-03-31": {
        "Tax Effect Of Unusual Items": NaN,
        "Tax Rate For Calcs": NaN,
        "Normalized EBITDA": NaN,
        "Total Unusual Items": NaN,
        "Total Unusual Items Excluding Goodwill": NaN,
        "Net Income From Continuing Operation Net Minority Interest": NaN,
        "Reconciled Depreciation": NaN,
        "Reconciled Cost Of Revenue": NaN,
        "EBITDA": NaN,
        "EBIT": NaN,
        "Net Interest Income": NaN,
        "Interest Expense": NaN,
        "Interest Income": NaN,
        "Normalized Income": NaN,
        "Net Income From Continuing And Discontinued Operation": NaN,
        "Total Expenses": NaN,
        "Total Operating Income As Reported": NaN,
        "Diluted Average Shares": 47697767.0,
        "Basic Average Shares": 47697767.0,
        "Diluted EPS": -0.3,
        "Basic EPS": -0.3,
        "Diluted NI Availto Com Stockholders": NaN,
        "Net Income Common Stockholders": NaN,
        "Otherunder Preferred Stock Dividend": 0.0,
        "Preferred Stock Dividends": NaN,
        "Net Income": NaN,
        "Net Income Including Noncontrolling Interests": NaN,
        "Net Income Continuous Operations": NaN,
        "Tax Provision": 0.0,
        "Pretax Income": NaN,
        "Other Income Expense": NaN,
        "Other Non Operating Income Expenses": NaN,
        "Gain On Sale Of Security": NaN,
        "Net Non Operating Interest Income Expense": NaN,
        "Interest Expense Non Operating": NaN,
        "Interest Income Non Operating": NaN,
        "Operating Income": NaN,
        "Operating Expense": NaN,
        "Research And Development": NaN,
        "Selling General And Administration": NaN,
        "Selling And Marketing Expense": NaN,
        "General And Administrative Expense": NaN,
        "Other Gand A": NaN,
        "Gross Profit": NaN,
        "Cost Of Revenue": NaN,
        "Total Revenue": NaN,
        "Operating Revenue": NaN
    },
    "2022-12-31": {
        "Tax Effect Of Unusual Items": 0.0,
        "Tax Rate For Calcs": 0.0,
        "Normalized EBITDA": -33320399.0,
        "Total Unusual Items": NaN,
        "Total Unusual Items Excluding Goodwill": NaN,
        "Net Income From Continuing Operation Net Minority Interest": -38261640.0,
        "Reconciled Depreciation": 1213888.0,
        "Reconciled Cost Of Revenue": 210083.0,
        "EBITDA": -33320399.0,
        "EBIT": -34534287.0,
        "Net Interest Income": -3701811.0,
        "Interest Expense": 3727353.0,
        "Interest Income": 25542.0,
        "Normalized Income": -38261640.0,
        "Net Income From Continuing And Discontinued Operation": -38261640.0,
        "Total Expenses": 15575669.0,
        "Total Operating Income As Reported": -34516357.0,
        "Diluted Average Shares": NaN,
        "Basic Average Shares": NaN,
        "Diluted EPS": NaN,
        "Basic EPS": NaN,
        "Diluted NI Availto Com Stockholders": -38261640.0,
        "Net Income Common Stockholders": -38261640.0,
        "Net Income": -38261640.0,
        "Net Income Including Noncontrolling Interests": -38261640.0,
        "Net Income Continuous Operations": -38261640.0,
        "Tax Provision": NaN,
        "Pretax Income": -38261640.0,
        "Other Income Expense": -19463072.0,
        "Other Non Operating Income Expenses": -43472.0,
        "Gain On Sale Of Security": NaN,
        "Net Non Operating Interest Income Expense": -3701811.0,
        "Interest Expense Non Operating": 3727353.0,
        "Interest Income Non Operating": 25542.0,
        "Operating Income": -15096757.0,
        "Operating Expense": 15365586.0,
        "Research And Development": 9228153.0,
        "Selling General And Administration": 6137433.0,
        "Selling And Marketing Expense": 1246236.0,
        "General And Administrative Expense": 4891197.0,
        "Other Gand A": 4891197.0,
        "Gross Profit": 268829.0,
        "Cost Of Revenue": 210083.0,
        "Total Revenue": 478912.0,
        "Operating Revenue": 478912.0
    },
    "2022-09-30": {
        "Tax Effect Of Unusual Items": NaN,
        "Tax Rate For Calcs": NaN,
        "Normalized EBITDA": NaN,
        "Total Unusual Items": NaN,
        "Total Unusual Items Excluding Goodwill": NaN,
        "Net Income From Continuing Operation Net Minority Interest": NaN,
        "Reconciled Depreciation": NaN,
        "Reconciled Cost Of Revenue": NaN,
        "EBITDA": NaN,
        "EBIT": NaN,
        "Net Interest Income": NaN,
        "Interest Expense": NaN,
        "Interest Income": NaN,
        "Normalized Income": NaN,
        "Net Income From Continuing And Discontinued Operation": NaN,
        "Total Expenses": NaN,
        "Total Operating Income As Reported": NaN,
        "Diluted Average Shares": 42661607.0,
        "Basic Average Shares": 42661607.0,
        "Diluted EPS": -0.32,
        "Basic EPS": -0.32,
        "Diluted NI Availto Com Stockholders": NaN,
        "Net Income Common Stockholders": NaN,
        "Otherunder Preferred Stock Dividend": NaN,
        "Preferred Stock Dividends": NaN,
        "Net Income": NaN,
        "Net Income Including Noncontrolling Interests": NaN,
        "Net Income Continuous Operations": NaN,
        "Tax Provision": NaN,
        "Pretax Income": NaN,
        "Other Income Expense": NaN,
        "Other Non Operating Income Expenses": NaN,
        "Gain On Sale Of Security": NaN,
        "Net Non Operating Interest Income Expense": NaN,
        "Interest Expense Non Operating": NaN,
        "Interest Income Non Operating": NaN,
        "Operating Income": NaN,
        "Operating Expense": NaN,
        "Research And Development": NaN,
        "Selling General And Administration": NaN,
        "Selling And Marketing Expense": NaN,
        "General And Administrative Expense": NaN,
        "Other Gand A": NaN,
        "Gross Profit": NaN,
        "Cost Of Revenue": NaN,
        "Total Revenue": NaN,
        "Operating Revenue": NaN
    },
    "2022-06-30": {
        "Tax Effect Of Unusual Items": 0.0,
        "Tax Rate For Calcs": 0.0,
        "Normalized EBITDA": -10094172.0,
        "Total Unusual Items": NaN,
        "Total Unusual Items Excluding Goodwill": NaN,
        "Net Income From Continuing Operation Net Minority Interest": -11391425.0,
        "Reconciled Depreciation": 1285787.0,
        "Reconciled Cost Of Revenue": 285639.0,
        "EBITDA": -10094172.0,
        "EBIT": -11379959.0,
        "Net Interest Income": -11466.0,
        "Interest Expense": 11466.0,
        "Interest Income": 0.0,
        "Normalized Income": -11391425.0,
        "Net Income From Continuing And Discontinued Operation": -11391425.0,
        "Total Expenses": 11977307.0,
        "Total Operating Income As Reported": -11373088.0,
        "Diluted Average Shares": 42167548.0,
        "Basic Average Shares": 42167548.0,
        "Diluted EPS": -0.27,
        "Basic EPS": -0.27,
        "Diluted NI Availto Com Stockholders": -11391425.0,
        "Net Income Common Stockholders": -11391425.0,
        "Net Income": -11391425.0,
        "Net Income Including Noncontrolling Interests": -11391425.0,
        "Net Income Continuous Operations": -11391425.0,
        "Tax Provision": NaN,
        "Pretax Income": -11391425.0,
        "Other Income Expense": -6871.0,
        "Other Non Operating Income Expenses": -6871.0,
        "Gain On Sale Of Security": NaN,
        "Net Non Operating Interest Income Expense": -11466.0,
        "Interest Expense Non Operating": 11466.0,
        "Interest Income Non Operating": 0.0,
        "Operating Income": -11373088.0,
        "Operating Expense": 11691668.0,
        "Research And Development": 4870369.0,
        "Selling General And Administration": 6821299.0,
        "Selling And Marketing Expense": 731246.0,
        "General And Administrative Expense": 6090053.0,
        "Other Gand A": 6090053.0,
        "Gross Profit": 318580.0,
        "Cost Of Revenue": 285639.0,
        "Total Revenue": 604219.0,
        "Operating Revenue": 604219.0
    },
    "2022-03-31": {
        "Diluted EPS": -0.24,
        "Total Revenue": 0,
        "Gross Profit": 0,
        "Operating Income": -10,
        "EBIT": -9,
        "Net Income": -10
    },
    "2021-12-31": {
        "Diluted EPS": -0.09,
        "Total Revenue": 1,
        "Gross Profit": 0,
        "Operating Income": -7,
        "EBIT": -6,
        "Net Income": -4
    },
    "2021-09-30": {
        "Diluted EPS": -0.13,
        "Total Revenue": 0,
        "Gross Profit": 0,
        "Operating Income": -5,
        "EBIT": -4,
        "Net Income": -5
    },
    "2021-06-30": {
        "Diluted EPS": -0.1,
        "Total Revenue": 1,
        "Gross Profit": 0,
        "Operating Income": -3,
        "EBIT": -3,
        "Net Income": -3
    },
    "2021-03-31": {
        "Diluted EPS": -0.12,
        "Total Revenue": 1,
        "Gross Profit": 1,
        "Operating Income": -3,
        "EBIT": -3,
        "Net Income": -3
    },
    "2020-12-31": {
        "Diluted EPS": -0.19,
        "Total Revenue": 0,
        "Gross Profit": 0,
        "Operating Income": -4,
        "EBIT": -3,
        "Net Income": -4
    },
    "2020-09-30": {
        "Diluted EPS": -0.17,
        "Total Revenue": 1,
        "Gross Profit": 0,
        "Operating Income": -3,
        "EBIT": -2,
        "Net Income": -3
    },
    "2020-06-30": {
        "Diluted EPS": -0.16,
        "Total Revenue": 1,
        "Gross Profit": 1,
        "Operating Income": -3,
        "EBIT": -3,
        "Net Income": -3
    },
    "2020-03-31": {
        "Diluted EPS": -0.14,
        "Total Revenue": 0,
        "Gross Profit": 0,
        "Operating Income": -2,
        "EBIT": -2,
        "Net Income": -3
    },
    "2019-12-31": {
        "Diluted EPS": -0.78,
        "Total Revenue": 0,
        "Gross Profit": 0,
        "Operating Income": -3,
        "EBIT": -2,
        "Net Income": -3
    },
    "2019-09-30": {
        "Diluted EPS": -0.1,
        "Total Revenue": 0,
        "Gross Profit": 0,
        "Operating Income": -3,
        "EBIT": -3,
        "Net Income": -5
    },
    "2019-06-30": {
        "Diluted EPS": -0.1,
        "Total Revenue": 0,
        "Gross Profit": 0,
        "Operating Income": -4,
        "EBIT": -4,
        "Net Income": -5
    },
    "2019-03-31": {
        "Diluted EPS": -0.12,
        "Total Revenue": 0,
        "Gross Profit": 0,
        "Operating Income": -5,
        "EBIT": -5,
        "Net Income": -6
    },
    "2018-12-31": {
        "Diluted EPS": -0.07,
        "Total Revenue": 0,
        "Gross Profit": 0,
        "Operating Income": -4,
        "EBIT": -4,
        "Net Income": -5
    },
    "2018-09-30": {
        "Diluted EPS": -0.16,
        "Total Revenue": 0,
        "Gross Profit": 0,
        "Operating Income": -2,
        "EBIT": -2,
        "Net Income": -4
    },
    "2018-06-30": {
        "Diluted EPS": -0.1,
        "Total Revenue": 0,
        "Gross Profit": 0,
        "Operating Income": -1,
        "EBIT": -1,
        "Net Income": -2
    },
    "2018-03-31": {
        "Diluted EPS": -0.09,
        "Total Revenue": 0,
        "Gross Profit": 0,
        "Operating Income": -1,
        "EBIT": -1,
        "Net Income": -2
    },
    "2017-12-31": {
        "Diluted EPS": -0.13,
        "Total Revenue": 0,
        "Gross Profit": 0,
        "Operating Income": -2,
        "EBIT": -2,
        "Net Income": -2
    },
    "2017-09-30": {
        "Diluted EPS": -0.06,
        "Total Revenue": 0,
        "Gross Profit": 0,
        "Operating Income": -1,
        "EBIT": -1,
        "Net Income": -1
    },
    "2017-06-30": {
        "Diluted EPS": 0.0,
        "Total Revenue": 0,
        "Gross Profit": 0,
        "Operating Income": 0,
        "EBIT": 0,
        "Net Income": 0
    },
    "2017-03-31": {
        "Diluted EPS": 0.0,
        "Total Revenue": 0,
        "Gross Profit": 0,
        "Operating Income": 0,
        "EBIT": 0,
        "Net Income": 0
    },
    "2016-12-31": {
        "Diluted EPS": -0.01,
        "Total Revenue": 0,
        "Gross Profit": 0,
        "Operating Income": 0,
        "EBIT": 0,
        "Net Income": 0
    },
    "2016-09-30": {
        "Diluted EPS": 0.0,
        "Total Revenue": 0,
        "Gross Profit": 0,
        "Operating Income": 0,
        "EBIT": 0,
        "Net Income": 0
    },
    "2016-06-30": {
        "Diluted EPS": -0.0,
        "Total Revenue": 0,
        "Gross Profit": 0,
        "Operating Income": 0,
        "EBIT": 0,
        "Net Income": 0
    },
    "2016-03-31": {
        "Diluted EPS": 0.0,
        "Total Revenue": 0,
        "Gross Profit": 0,
        "Operating Income": 0,
        "EBIT": 0,
        "Net Income": 0
    },
    "2015-12-31": {
        "Diluted EPS": 0.0,
        "Total Revenue": NaN,
        "Gross Profit": NaN,
        "Operating Income": NaN,
        "EBIT": NaN,
        "Net Income": NaN
    },
    "2015-09-30": {
        "Diluted EPS": -0.0,
        "Total Revenue": 0,
        "Gross Profit": 0,
        "Operating Income": 0,
        "EBIT": 0,
        "Net Income": 0
    },
    "2023-06-30": {
        "Tax Effect Of Unusual Items": 0.0,
        "Tax Rate For Calcs": 0.0,
        "Normalized EBITDA": -6986573.0,
        "Total Unusual Items": -23632.0,
        "Total Unusual Items Excluding Goodwill": -23632.0,
        "Net Income From Continuing Operation Net Minority Interest": -8958086.0,
        "Reconciled Depreciation": 1406488.0,
        "Reconciled Cost Of Revenue": 2397188.0,
        "EBITDA": -7010205.0,
        "EBIT": -8416693.0,
        "Net Interest Income": -541393.0,
        "Interest Expense": 541393.0,
        "Interest Income": 0.0,
        "Normalized Income": -8934454.0,
        "Net Income From Continuing And Discontinued Operation": -8958086.0,
        "Total Expenses": 13965629.0,
        "Total Operating Income As Reported": -8496665.0,
        "Diluted Average Shares": 51112218.0,
        "Basic Average Shares": 51112218.0,
        "Diluted EPS": -0.18,
        "Basic EPS": -0.18,
        "Diluted NI Availto Com Stockholders": -8958086.0,
        "Net Income Common Stockholders": -8958086.0,
        "Otherunder Preferred Stock Dividend": 0.0,
        "Preferred Stock Dividends": NaN,
        "Net Income": -8958086.0,
        "Net Income Including Noncontrolling Interests": -8958086.0,
        "Net Income Continuous Operations": -8958086.0,
        "Tax Provision": 0.0,
        "Pretax Income": -8958086.0,
        "Other Income Expense": 79972.0,
        "Other Non Operating Income Expenses": 103604.0,
        "Gain On Sale Of Security": -23632.0,
        "Net Non Operating Interest Income Expense": -541393.0,
        "Interest Expense Non Operating": 541393.0,
        "Interest Income Non Operating": 0.0,
        "Operating Income": -8496665.0,
        "Operating Expense": 11568441.0,
        "Research And Development": 4508005.0,
        "Selling General And Administration": 7060436.0,
        "Selling And Marketing Expense": 1743588.0,
        "General And Administrative Expense": 5316848.0,
        "Other Gand A": 5316848.0,
        "Gross Profit": 3071776.0,
        "Cost Of Revenue": 2397188.0,
        "Total Revenue": 5468964.0,
        "Operating Revenue": 5468964.0
    },
    "2023-09-30": {
        "Tax Effect Of Unusual Items": 0.0,
        "Tax Rate For Calcs": 0.0,
        "Normalized EBITDA": -4867200.0,
        "Total Unusual Items": -45138.0,
        "Total Unusual Items Excluding Goodwill": -45138.0,
        "Net Income From Continuing Operation Net Minority Interest": -7292461.0,
        "Reconciled Depreciation": 1486172.0,
        "Reconciled Cost Of Revenue": 2110312.0,
        "EBITDA": -4912338.0,
        "EBIT": -6398510.0,
        "Net Interest Income": -893572.0,
        "Interest Expense": 893951.0,
        "Interest Income": 379.0,
        "Normalized Income": -7247323.0,
        "Net Income From Continuing And Discontinued Operation": -7292461.0,
        "Total Expenses": 8599211.0,
        "Total Operating Income As Reported": -5934021.0,
        "Diluted Average Shares": 53892848.0,
        "Basic Average Shares": 53892848.0,
        "Diluted EPS": -0.15,
        "Basic EPS": -0.15,
        "Diluted NI Availto Com Stockholders": -7292461.0,
        "Net Income Common Stockholders": -7292461.0,
        "Otherunder Preferred Stock Dividend": NaN,
        "Preferred Stock Dividends": NaN,
        "Net Income": -7292461.0,
        "Net Income Including Noncontrolling Interests": -7292461.0,
        "Net Income Continuous Operations": -7292461.0,
        "Tax Provision": NaN,
        "Pretax Income": -7292461.0,
        "Other Income Expense": -464868.0,
        "Other Non Operating Income Expenses": -419730.0,
        "Gain On Sale Of Security": -45138.0,
        "Net Non Operating Interest Income Expense": -893572.0,
        "Interest Expense Non Operating": 893951.0,
        "Interest Income Non Operating": 379.0,
        "Operating Income": -5934021.0,
        "Operating Expense": 6488899.0,
        "Research And Development": 2701436.0,
        "Selling General And Administration": 3787463.0,
        "Selling And Marketing Expense": 1224144.0,
        "General And Administrative Expense": 2563319.0,
        "Other Gand A": 2563319.0,
        "Gross Profit": 554878.0,
        "Cost Of Revenue": 2110312.0,
        "Total Revenue": 2665190.0,
        "Operating Revenue": 2665190.0
    },
    "2023-12-31": {
        "Tax Effect Of Unusual Items": 0.0,
        "Tax Rate For Calcs": 0.0,
        "Normalized EBITDA": -9755000.0,
        "Total Unusual Items": -1841548.0,
        "Total Unusual Items Excluding Goodwill": -1841548.0,
        "Net Income From Continuing Operation Net Minority Interest": -14138774.0,
        "Reconciled Depreciation": 1585067.0,
        "Reconciled Cost Of Revenue": 3233661.0,
        "EBITDA": -11596548.0,
        "EBIT": -13181615.0,
        "Net Interest Income": -841009.0,
        "Interest Expense": 957159.0,
        "Interest Income": 116150.0,
        "Normalized Income": -12297226.0,
        "Net Income From Continuing And Discontinued Operation": -14138774.0,
        "Total Expenses": 16107220.0,
        "Total Operating Income As Reported": -12645935.0,
        "Diluted Average Shares": NaN,
        "Basic Average Shares": NaN,
        "Diluted EPS": NaN,
        "Basic EPS": NaN,
        "Diluted NI Availto Com Stockholders": -14138774.0,
        "Net Income Common Stockholders": -14138774.0,
        "Otherunder Preferred Stock Dividend": NaN,
        "Preferred Stock Dividends": NaN,
        "Net Income": -14138774.0,
        "Net Income Including Noncontrolling Interests": -14138774.0,
        "Net Income Continuous Operations": -14138774.0,
        "Tax Provision": NaN,
        "Pretax Income": -14138774.0,
        "Other Income Expense": -2151830.0,
        "Other Non Operating Income Expenses": -310282.0,
        "Gain On Sale Of Security": -341548.0,
        "Net Non Operating Interest Income Expense": -841009.0,
        "Interest Expense Non Operating": 957159.0,
        "Interest Income Non Operating": 116150.0,
        "Operating Income": -11145935.0,
        "Operating Expense": 12873559.0,
        "Research And Development": 2960815.0,
        "Selling General And Administration": 9912744.0,
        "Selling And Marketing Expense": 1703046.0,
        "General And Administrative Expense": 8209698.0,
        "Other Gand A": 8209698.0,
        "Gross Profit": 1727624.0,
        "Cost Of Revenue": 3233661.0,
        "Total Revenue": 4961285.0,
        "Operating Revenue": 4961285.0
    },
    "2024-03-31": {
        "Tax Effect Of Unusual Items": 0.0,
        "Tax Rate For Calcs": 0.0,
        "Normalized EBITDA": -7693567.0,
        "Total Unusual Items": 12937.0,
        "Total Unusual Items Excluding Goodwill": 12937.0,
        "Net Income From Continuing Operation Net Minority Interest": -9876084.0,
        "Reconciled Depreciation": 1412843.0,
        "Reconciled Cost Of Revenue": 1019991.0,
        "EBITDA": -7680630.0,
        "EBIT": -9093473.0,
        "Net Interest Income": -685110.0,
        "Interest Expense": 782611.0,
        "Interest Income": 97501.0,
        "Normalized Income": -9889021.0,
        "Net Income From Continuing And Discontinued Operation": -9876084.0,
        "Total Expenses": 9752204.0,
        "Total Operating Income As Reported": -9127195.0,
        "Diluted Average Shares": 63035122.0,
        "Basic Average Shares": 63035122.0,
        "Diluted EPS": -0.17,
        "Basic EPS": -0.17,
        "Diluted NI Availto Com Stockholders": -10848868.0,
        "Net Income Common Stockholders": -10848868.0,
        "Otherunder Preferred Stock Dividend": 638646.0,
        "Preferred Stock Dividends": 334138.0,
        "Net Income": -9876084.0,
        "Net Income Including Noncontrolling Interests": -9876084.0,
        "Net Income Continuous Operations": -9876084.0,
        "Tax Provision": 0.0,
        "Pretax Income": -9876084.0,
        "Other Income Expense": -63779.0,
        "Other Non Operating Income Expenses": -76716.0,
        "Gain On Sale Of Security": 12937.0,
        "Net Non Operating Interest Income Expense": -685110.0,
        "Interest Expense Non Operating": 782611.0,
        "Interest Income Non Operating": 97501.0,
        "Operating Income": -9127195.0,
        "Operating Expense": 8732213.0,
        "Research And Development": 3512975.0,
        "Selling General And Administration": 5219238.0,
        "Selling And Marketing Expense": 1321149.0,
        "General And Administrative Expense": 3898089.0,
        "Other Gand A": 3898089.0,
        "Gross Profit": -394982.0,
        "Cost Of Revenue": 1019991.0,
        "Total Revenue": 625009.0,
        "Operating Revenue": 625009.0
    },
    "2024-06-30": {
        "Tax Effect Of Unusual Items": 0.0,
        "Tax Rate For Calcs": 0.0,
        "Normalized EBITDA": -6199442.0,
        "Total Unusual Items": 26463.0,
        "Total Unusual Items Excluding Goodwill": 26463.0,
        "Net Income From Continuing Operation Net Minority Interest": -8269736.0,
        "Reconciled Depreciation": 1393206.0,
        "Reconciled Cost Of Revenue": 1148746.0,
        "EBITDA": -6172979.0,
        "EBIT": -7566185.0,
        "Net Interest Income": -616275.0,
        "Interest Expense": 703551.0,
        "Interest Income": 87276.0,
        "Normalized Income": -8296199.0,
        "Net Income From Continuing And Discontinued Operation": -8269736.0,
        "Total Expenses": 9261441.0,
        "Total Operating Income As Reported": -8303590.0,
        "Diluted Average Shares": 66377505.0,
        "Basic Average Shares": 66377505.0,
        "Diluted EPS": -0.14,
        "Basic EPS": -0.14,
        "Diluted NI Availto Com Stockholders": -9378230.0,
        "Net Income Common Stockholders": -9378230.0,
        "Otherunder Preferred Stock Dividend": 718494.0,
        "Preferred Stock Dividends": 390000.0,
        "Net Income": -8269736.0,
        "Net Income Including Noncontrolling Interests": -8269736.0,
        "Net Income Continuous Operations": -8269736.0,
        "Tax Provision": 0.0,
        "Pretax Income": -8269736.0,
        "Other Income Expense": 650129.0,
        "Other Non Operating Income Expenses": 623666.0,
        "Gain On Sale Of Security": 26463.0,
        "Net Non Operating Interest Income Expense": -616275.0,
        "Interest Expense Non Operating": 703551.0,
        "Interest Income Non Operating": 87276.0,
        "Operating Income": -8303590.0,
        "Operating Expense": 8112695.0,
        "Research And Development": 2640003.0,
        "Selling General And Administration": 5472692.0,
        "Selling And Marketing Expense": 1308705.0,
        "General And Administrative Expense": 4163987.0,
        "Other Gand A": 4163987.0,
        "Gross Profit": -190895.0,
        "Cost Of Revenue": 1148746.0,
        "Total Revenue": 957851.0,
        "Operating Revenue": 957851.0
    }
}