{
    "2024-03-31": {
        "Tax Effect Of Unusual Items": 72800.0,
        "Tax Rate For Calcs": 0.052,
        "Normalized EBITDA": 74100000.0,
        "Total Unusual Items": 1400000.0,
        "Total Unusual Items Excluding Goodwill": 1400000.0,
        "Net Income From Continuing Operation Net Minority Interest": 30100000.0,
        "Reconciled Depreciation": 2300000.0,
        "Reconciled Cost Of Revenue": 136000000.0,
        "EBITDA": 75500000.0,
        "EBIT": 73200000.0,
        "Normalized Income": 28772800.0,
        "Net Income From Continuing And Discontinued Operation": 30100000.0,
        "Total Expenses": 183400000.0,
        "Rent Expense Supplemental": 7700000.0,
        "Diluted Average Shares": 8046188.0,
        "Basic Average Shares": 7711534.0,
        "Diluted EPS": 3.74,
        "Basic EPS": 3.91,
        "Diluted NI Availto Com Stockholders": 30100000.0,
        "Net Income Common Stockholders": 30100000.0,
        "Net Income": 30100000.0,
        "Net Income Including Noncontrolling Interests": 30100000.0,
        "Net Income Continuous Operations": 30100000.0,
        "Tax Provision": 1700000.0,
        "Pretax Income": 31800000.0,
        "Other Income Expense": -41400000.0,
        "Other Non Operating Income Expenses": -45500000.0,
        "Special Income Charges": 1400000.0,
        "Other Special Charges": -1400000.0,
        "Earnings From Equity Interest": 2700000.0,
        "Operating Income": 73200000.0,
        "Operating Expense": 47400000.0,
        "Other Operating Expenses": 15000000.0,
        "Selling General And Administration": 32400000.0,
        "General And Administrative Expense": 32400000.0,
        "Other Gand A": 24700000.0,
        "Rent And Landing Fees": 7700000.0,
        "Gross Profit": 120600000.0,
        "Cost Of Revenue": 136000000.0,
        "Total Revenue": 256600000.0,
        "Operating Revenue": 248300000.0
    },
    "2023-12-31": {
        "Tax Effect Of Unusual Items": 21000.0,
        "Tax Rate For Calcs": 0.21,
        "Normalized EBITDA": 27600000.0,
        "Total Unusual Items": 100000.0,
        "Total Unusual Items Excluding Goodwill": 100000.0,
        "Net Income From Continuing Operation Net Minority Interest": -47500000.0,
        "Reconciled Depreciation": 3000000.0,
        "Reconciled Cost Of Revenue": 135100000.0,
        "EBITDA": 27700000.0,
        "EBIT": 24700000.0,
        "Normalized Income": -47579000.0,
        "Net Income From Continuing And Discontinued Operation": -47500000.0,
        "Total Expenses": 270400000.0,
        "Rent Expense Supplemental": 7600000.0,
        "Diluted Average Shares": NaN,
        "Basic Average Shares": NaN,
        "Diluted EPS": NaN,
        "Basic EPS": NaN,
        "Diluted NI Availto Com Stockholders": -47500000.0,
        "Net Income Common Stockholders": -47500000.0,
        "Net Income": -47500000.0,
        "Net Income Including Noncontrolling Interests": -47500000.0,
        "Net Income Continuous Operations": -47500000.0,
        "Tax Provision": 1800000.0,
        "Pretax Income": -45600000.0,
        "Other Income Expense": -70300000.0,
        "Other Non Operating Income Expenses": -71800000.0,
        "Special Income Charges": 100000.0,
        "Other Special Charges": -100000.0,
        "Earnings From Equity Interest": 1400000.0,
        "Operating Income": 24700000.0,
        "Operating Expense": 135300000.0,
        "Other Operating Expenses": 102300000.0,
        "Selling General And Administration": 33000000.0,
        "General And Administrative Expense": 33000000.0,
        "Other Gand A": 25400000.0,
        "Rent And Landing Fees": 7600000.0,
        "Gross Profit": 160000000.0,
        "Cost Of Revenue": 135100000.0,
        "Total Revenue": 295100000.0,
        "Operating Revenue": 287100000.0
    },
    "2023-09-30": {
        "Tax Effect Of Unusual Items": 266400.0,
        "Tax Rate For Calcs": 0.222,
        "Normalized EBITDA": 82300000.0,
        "Total Unusual Items": 1200000.0,
        "Total Unusual Items Excluding Goodwill": 1200000.0,
        "Net Income From Continuing Operation Net Minority Interest": 8500000.0,
        "Reconciled Depreciation": 2800000.0,
        "Reconciled Cost Of Revenue": 145500000.0,
        "EBITDA": 83500000.0,
        "EBIT": 80700000.0,
        "Normalized Income": 7566400.0,
        "Net Income From Continuing And Discontinued Operation": 8500000.0,
        "Total Expenses": 200800000.0,
        "Rent Expense Supplemental": 7700000.0,
        "Diluted Average Shares": 8060078.0,
        "Basic Average Shares": 7677008.0,
        "Diluted EPS": 1.05,
        "Basic EPS": 1.1,
        "Diluted NI Availto Com Stockholders": 8500000.0,
        "Net Income Common Stockholders": 8500000.0,
        "Net Income": 8500000.0,
        "Net Income Including Noncontrolling Interests": 8500000.0,
        "Net Income Continuous Operations": 8500000.0,
        "Tax Provision": 1000000.0,
        "Pretax Income": 9500000.0,
        "Other Income Expense": -71200000.0,
        "Other Non Operating Income Expenses": -75200000.0,
        "Special Income Charges": 1200000.0,
        "Other Special Charges": -1200000.0,
        "Earnings From Equity Interest": 2800000.0,
        "Operating Income": 80700000.0,
        "Operating Expense": 55300000.0,
        "Other Operating Expenses": 21000000.0,
        "Selling General And Administration": 34300000.0,
        "General And Administrative Expense": 34300000.0,
        "Other Gand A": 26600000.0,
        "Rent And Landing Fees": 7700000.0,
        "Gross Profit": 136000000.0,
        "Cost Of Revenue": 145500000.0,
        "Total Revenue": 281500000.0,
        "Operating Revenue": 271500000.0
    },
    "2023-06-30": {
        "Tax Effect Of Unusual Items": NaN,
        "Tax Rate For Calcs": NaN,
        "Normalized EBITDA": NaN,
        "Total Unusual Items": NaN,
        "Total Unusual Items Excluding Goodwill": NaN,
        "Net Income From Continuing Operation Net Minority Interest": NaN,
        "Reconciled Depreciation": NaN,
        "Reconciled Cost Of Revenue": NaN,
        "EBITDA": NaN,
        "EBIT": NaN,
        "Normalized Income": NaN,
        "Net Income From Continuing And Discontinued Operation": NaN,
        "Total Expenses": NaN,
        "Rent Expense Supplemental": NaN,
        "Diluted Average Shares": 7919587.0,
        "Basic Average Shares": 7652563.0,
        "Diluted EPS": 1.95,
        "Basic EPS": 2.02,
        "Diluted NI Availto Com Stockholders": NaN,
        "Net Income Common Stockholders": NaN,
        "Net Income": NaN,
        "Net Income Including Noncontrolling Interests": NaN,
        "Net Income Continuous Operations": NaN,
        "Tax Provision": NaN,
        "Pretax Income": NaN,
        "Other Income Expense": NaN,
        "Other Non Operating Income Expenses": NaN,
        "Special Income Charges": NaN,
        "Other Special Charges": NaN,
        "Earnings From Equity Interest": NaN,
        "Operating Income": NaN,
        "Operating Expense": NaN,
        "Other Operating Expenses": NaN,
        "Selling General And Administration": NaN,
        "General And Administrative Expense": NaN,
        "Other Gand A": NaN,
        "Rent And Landing Fees": NaN,
        "Gross Profit": NaN,
        "Cost Of Revenue": NaN,
        "Total Revenue": NaN,
        "Operating Revenue": NaN
    },
    "2023-03-31": {
        "Tax Effect Of Unusual Items": NaN,
        "Tax Rate For Calcs": NaN,
        "Normalized EBITDA": NaN,
        "Total Unusual Items": NaN,
        "Total Unusual Items Excluding Goodwill": NaN,
        "Net Income From Continuing Operation Net Minority Interest": NaN,
        "Reconciled Depreciation": NaN,
        "Reconciled Cost Of Revenue": NaN,
        "EBITDA": NaN,
        "EBIT": NaN,
        "Normalized Income": NaN,
        "Net Income From Continuing And Discontinued Operation": NaN,
        "Total Expenses": NaN,
        "Rent Expense Supplemental": NaN,
        "Diluted Average Shares": 7533561.0,
        "Basic Average Shares": 7533561.0,
        "Diluted EPS": -5.34,
        "Basic EPS": -5.34,
        "Diluted NI Availto Com Stockholders": NaN,
        "Net Income Common Stockholders": NaN,
        "Net Income": NaN,
        "Net Income Including Noncontrolling Interests": NaN,
        "Net Income Continuous Operations": NaN,
        "Tax Provision": NaN,
        "Pretax Income": NaN,
        "Other Income Expense": NaN,
        "Other Non Operating Income Expenses": NaN,
        "Special Income Charges": NaN,
        "Other Special Charges": NaN,
        "Earnings From Equity Interest": NaN,
        "Operating Income": NaN,
        "Operating Expense": NaN,
        "Other Operating Expenses": NaN,
        "Selling General And Administration": NaN,
        "General And Administrative Expense": NaN,
        "Other Gand A": NaN,
        "Rent And Landing Fees": NaN,
        "Gross Profit": NaN,
        "Cost Of Revenue": NaN,
        "Total Revenue": NaN,
        "Operating Revenue": NaN
    },
    "2022-12-31": {
        "Tax Effect Of Unusual Items": NaN,
        "Tax Rate For Calcs": NaN,
        "Normalized EBITDA": NaN,
        "Total Unusual Items": NaN,
        "Total Unusual Items Excluding Goodwill": NaN,
        "Net Income From Continuing Operation Net Minority Interest": NaN,
        "Reconciled Depreciation": NaN,
        "Reconciled Cost Of Revenue": NaN,
        "EBITDA": NaN,
        "EBIT": NaN,
        "Normalized Income": NaN,
        "Net Income From Continuing And Discontinued Operation": NaN,
        "Total Expenses": NaN,
        "Rent Expense Supplemental": NaN,
        "Diluted Average Shares": NaN,
        "Basic Average Shares": NaN,
        "Diluted EPS": NaN,
        "Basic EPS": NaN,
        "Diluted NI Availto Com Stockholders": NaN,
        "Net Income Common Stockholders": NaN,
        "Net Income": NaN,
        "Net Income Including Noncontrolling Interests": NaN,
        "Net Income Continuous Operations": NaN,
        "Tax Provision": NaN,
        "Pretax Income": NaN,
        "Other Income Expense": NaN,
        "Other Non Operating Income Expenses": NaN,
        "Special Income Charges": NaN,
        "Other Special Charges": 14000.0,
        "Earnings From Equity Interest": NaN,
        "Operating Income": NaN,
        "Operating Expense": NaN,
        "Other Operating Expenses": NaN,
        "Selling General And Administration": NaN,
        "General And Administrative Expense": NaN,
        "Other Gand A": NaN,
        "Rent And Landing Fees": NaN,
        "Gross Profit": NaN,
        "Cost Of Revenue": NaN,
        "Total Revenue": NaN,
        "Operating Revenue": NaN
    },
    "2022-09-30": {
        "Tax Effect Of Unusual Items": NaN,
        "Tax Rate For Calcs": NaN,
        "Normalized EBITDA": NaN,
        "Total Unusual Items": NaN,
        "Total Unusual Items Excluding Goodwill": NaN,
        "Net Income From Continuing Operation Net Minority Interest": NaN,
        "Reconciled Depreciation": NaN,
        "Reconciled Cost Of Revenue": NaN,
        "EBITDA": NaN,
        "EBIT": NaN,
        "Normalized Income": NaN,
        "Net Income From Continuing And Discontinued Operation": NaN,
        "Total Expenses": NaN,
        "Rent Expense Supplemental": NaN,
        "Diluted Average Shares": 8866925.0,
        "Basic Average Shares": 8530209.0,
        "Diluted EPS": 4.17,
        "Basic EPS": 4.33,
        "Diluted NI Availto Com Stockholders": NaN,
        "Net Income Common Stockholders": NaN,
        "Net Income": NaN,
        "Net Income Including Noncontrolling Interests": NaN,
        "Net Income Continuous Operations": NaN,
        "Tax Provision": NaN,
        "Pretax Income": NaN,
        "Other Income Expense": NaN,
        "Other Non Operating Income Expenses": NaN,
        "Special Income Charges": NaN,
        "Other Special Charges": NaN,
        "Earnings From Equity Interest": NaN,
        "Operating Income": NaN,
        "Operating Expense": NaN,
        "Other Operating Expenses": NaN,
        "Selling General And Administration": NaN,
        "General And Administrative Expense": NaN,
        "Other Gand A": NaN,
        "Rent And Landing Fees": NaN,
        "Gross Profit": NaN,
        "Cost Of Revenue": NaN,
        "Total Revenue": NaN,
        "Operating Revenue": NaN
    },
    "2024-06-30": {
        "Tax Effect Of Unusual Items": 0.0,
        "Tax Rate For Calcs": 0.222,
        "Normalized EBITDA": 61300000.0,
        "Total Unusual Items": 0.0,
        "Total Unusual Items Excluding Goodwill": 0.0,
        "Net Income From Continuing Operation Net Minority Interest": 10500000.0,
        "Reconciled Depreciation": 2200000.0,
        "Reconciled Cost Of Revenue": 142000000.0,
        "EBITDA": 61300000.0,
        "EBIT": 59100000.0,
        "Normalized Income": 10500000.0,
        "Net Income From Continuing And Discontinued Operation": 10500000.0,
        "Total Expenses": 209800000.0,
        "Rent Expense Supplemental": 7500000.0,
        "Diluted Average Shares": 7918672.0,
        "Basic Average Shares": 7821128.0,
        "Diluted EPS": 1.33,
        "Basic EPS": 1.34,
        "Diluted NI Availto Com Stockholders": 10500000.0,
        "Net Income Common Stockholders": 10500000.0,
        "Net Income": 10500000.0,
        "Net Income Including Noncontrolling Interests": 10500000.0,
        "Net Income Continuous Operations": 10500000.0,
        "Tax Provision": 3000000.0,
        "Pretax Income": 13500000.0,
        "Other Income Expense": -45700000.0,
        "Other Non Operating Income Expenses": -48800000.0,
        "Special Income Charges": 0.0,
        "Other Special Charges": NaN,
        "Earnings From Equity Interest": 3100000.0,
        "Operating Income": 59100000.0,
        "Operating Expense": 67800000.0,
        "Other Operating Expenses": 36600000.0,
        "Selling General And Administration": 31200000.0,
        "General And Administrative Expense": 31200000.0,
        "Other Gand A": 23700000.0,
        "Rent And Landing Fees": 7500000.0,
        "Gross Profit": 126900000.0,
        "Cost Of Revenue": 142000000.0,
        "Total Revenue": 268900000.0,
        "Operating Revenue": 258300000.0
    },
    "2024-09-30": {
        "Tax Effect Of Unusual Items": 68100.0,
        "Tax Rate For Calcs": 0.227,
        "Normalized EBITDA": 73700000.0,
        "Total Unusual Items": 300000.0,
        "Total Unusual Items Excluding Goodwill": 300000.0,
        "Net Income From Continuing Operation Net Minority Interest": 21400000.0,
        "Reconciled Depreciation": 1900000.0,
        "Reconciled Cost Of Revenue": 144800000.0,
        "EBITDA": 74000000.0,
        "EBIT": 72100000.0,
        "Normalized Income": 21168100.0,
        "Net Income From Continuing And Discontinued Operation": 21400000.0,
        "Total Expenses": 218100000.0,
        "Rent Expense Supplemental": 7900000.0,
        "Diluted Average Shares": 8055393.0,
        "Basic Average Shares": 7860572.0,
        "Diluted EPS": 2.65,
        "Basic EPS": 2.72,
        "Diluted NI Availto Com Stockholders": 21400000.0,
        "Net Income Common Stockholders": 21400000.0,
        "Net Income": 21400000.0,
        "Net Income Including Noncontrolling Interests": 21400000.0,
        "Net Income Continuous Operations": 21400000.0,
        "Tax Provision": 6300000.0,
        "Pretax Income": 27600000.0,
        "Other Income Expense": -44500000.0,
        "Other Non Operating Income Expenses": -45600000.0,
        "Special Income Charges": 300000.0,
        "Other Special Charges": -300000.0,
        "Earnings From Equity Interest": 800000.0,
        "Operating Income": 72100000.0,
        "Operating Expense": 73300000.0,
        "Other Operating Expenses": 34900000.0,
        "Selling General And Administration": 38400000.0,
        "General And Administrative Expense": 38400000.0,
        "Other Gand A": 30500000.0,
        "Rent And Landing Fees": 7900000.0,
        "Gross Profit": 145400000.0,
        "Cost Of Revenue": 144800000.0,
        "Total Revenue": 290200000.0,
        "Operating Revenue": 279400000.0
    }
}