{
    "2023-03-31": {
        "Tax Effect Of Unusual Items": NaN,
        "Tax Rate For Calcs": NaN,
        "Normalized EBITDA": NaN,
        "Total Unusual Items": NaN,
        "Total Unusual Items Excluding Goodwill": NaN,
        "Net Income From Continuing Operation Net Minority Interest": NaN,
        "Reconciled Depreciation": NaN,
        "Reconciled Cost Of Revenue": NaN,
        "EBITDA": NaN,
        "EBIT": NaN,
        "Net Interest Income": NaN,
        "Interest Expense": NaN,
        "Interest Income": NaN,
        "Normalized Income": NaN,
        "Net Income From Continuing And Discontinued Operation": NaN,
        "Total Expenses": NaN,
        "Total Operating Income As Reported": NaN,
        "Diluted Average Shares": 642663490.0,
        "Basic Average Shares": 628960441.0,
        "Diluted EPS": 0.14,
        "Basic EPS": 0.14,
        "Diluted NI Availto Com Stockholders": NaN,
        "Net Income Common Stockholders": NaN,
        "Net Income": NaN,
        "Net Income Including Noncontrolling Interests": NaN,
        "Net Income Continuous Operations": NaN,
        "Tax Provision": NaN,
        "Pretax Income": NaN,
        "Other Income Expense": NaN,
        "Gain On Sale Of Security": NaN,
        "Net Non Operating Interest Income Expense": NaN,
        "Total Other Finance Cost": NaN,
        "Interest Expense Non Operating": NaN,
        "Interest Income Non Operating": NaN,
        "Operating Income": NaN,
        "Operating Expense": NaN,
        "Selling General And Administration": NaN,
        "Selling And Marketing Expense": NaN,
        "General And Administrative Expense": NaN,
        "Other Gand A": NaN,
        "Salaries And Wages": NaN,
        "Gross Profit": NaN,
        "Cost Of Revenue": NaN,
        "Total Revenue": NaN,
        "Operating Revenue": NaN
    },
    "2022-12-31": {
        "Tax Effect Of Unusual Items": NaN,
        "Tax Rate For Calcs": NaN,
        "Normalized EBITDA": NaN,
        "Total Unusual Items": NaN,
        "Total Unusual Items Excluding Goodwill": NaN,
        "Net Income From Continuing Operation Net Minority Interest": NaN,
        "Reconciled Depreciation": NaN,
        "Reconciled Cost Of Revenue": NaN,
        "EBITDA": NaN,
        "EBIT": NaN,
        "Net Interest Income": NaN,
        "Interest Expense": NaN,
        "Interest Income": NaN,
        "Normalized Income": NaN,
        "Net Income From Continuing And Discontinued Operation": NaN,
        "Total Expenses": NaN,
        "Total Operating Income As Reported": NaN,
        "Diluted Average Shares": 636486741.0,
        "Basic Average Shares": 628539752.0,
        "Diluted EPS": -0.08,
        "Basic EPS": -0.08,
        "Diluted NI Availto Com Stockholders": NaN,
        "Net Income Common Stockholders": NaN,
        "Net Income": NaN,
        "Net Income Including Noncontrolling Interests": NaN,
        "Net Income Continuous Operations": NaN,
        "Tax Provision": NaN,
        "Pretax Income": NaN,
        "Other Income Expense": NaN,
        "Gain On Sale Of Security": NaN,
        "Net Non Operating Interest Income Expense": NaN,
        "Total Other Finance Cost": NaN,
        "Interest Expense Non Operating": NaN,
        "Interest Income Non Operating": NaN,
        "Operating Income": NaN,
        "Operating Expense": NaN,
        "Selling General And Administration": NaN,
        "Selling And Marketing Expense": NaN,
        "General And Administrative Expense": NaN,
        "Other Gand A": NaN,
        "Salaries And Wages": NaN,
        "Gross Profit": NaN,
        "Cost Of Revenue": NaN,
        "Total Revenue": NaN,
        "Operating Revenue": NaN
    },
    "2022-09-30": {
        "Tax Effect Of Unusual Items": -2549235.543702,
        "Tax Rate For Calcs": 0.166323,
        "Normalized EBITDA": 56261000.0,
        "Total Unusual Items": -15327000.0,
        "Total Unusual Items Excluding Goodwill": -15327000.0,
        "Net Income From Continuing Operation Net Minority Interest": 20631000.0,
        "Reconciled Depreciation": 13722000.0,
        "Reconciled Cost Of Revenue": 140605000.0,
        "EBITDA": 40934000.0,
        "EBIT": 27212000.0,
        "Net Interest Income": -615000.0,
        "Interest Expense": 2465000.0,
        "Interest Income": 1850000.0,
        "Normalized Income": 33408764.456298,
        "Net Income From Continuing And Discontinued Operation": 20631000.0,
        "Total Expenses": 287325000.0,
        "Total Operating Income As Reported": 40688000.0,
        "Diluted Average Shares": 343333333.0,
        "Basic Average Shares": 294285714.0,
        "Diluted EPS": 0.06,
        "Basic EPS": 0.07,
        "Diluted NI Availto Com Stockholders": 20631000.0,
        "Net Income Common Stockholders": 20631000.0,
        "Net Income": 20631000.0,
        "Net Income Including Noncontrolling Interests": 20631000.0,
        "Net Income Continuous Operations": 20631000.0,
        "Tax Provision": 4116000.0,
        "Pretax Income": 24747000.0,
        "Other Income Expense": -15327000.0,
        "Gain On Sale Of Security": -15327000.0,
        "Net Non Operating Interest Income Expense": -615000.0,
        "Total Other Finance Cost": NaN,
        "Interest Expense Non Operating": 2465000.0,
        "Interest Income Non Operating": 1850000.0,
        "Operating Income": 40688000.0,
        "Operating Expense": 146720000.0,
        "Selling General And Administration": 146720000.0,
        "Selling And Marketing Expense": NaN,
        "General And Administrative Expense": NaN,
        "Other Gand A": NaN,
        "Salaries And Wages": NaN,
        "Gross Profit": 187408000.0,
        "Cost Of Revenue": 140605000.0,
        "Total Revenue": 328013000.0,
        "Operating Revenue": 328013000.0
    },
    "2022-06-30": {
        "Tax Effect Of Unusual Items": 5015134.574075,
        "Tax Rate For Calcs": 0.155402,
        "Normalized EBITDA": 37888000.0,
        "Total Unusual Items": 32272000.0,
        "Total Unusual Items Excluding Goodwill": 32272000.0,
        "Net Income From Continuing Operation Net Minority Interest": 49148000.0,
        "Reconciled Depreciation": 10647000.0,
        "Reconciled Cost Of Revenue": 130824000.0,
        "EBITDA": 70160000.0,
        "EBIT": 59513000.0,
        "Net Interest Income": -422000.0,
        "Interest Expense": 1322000.0,
        "Interest Income": 1114000.0,
        "Normalized Income": 21891134.574075,
        "Net Income From Continuing And Discontinued Operation": 49148000.0,
        "Total Expenses": 265321000.0,
        "Total Operating Income As Reported": 26341000.0,
        "Diluted Average Shares": 636644378.0,
        "Basic Average Shares": 627620071.0,
        "Diluted EPS": 0.15,
        "Basic EPS": 0.16,
        "Diluted NI Availto Com Stockholders": 49148000.0,
        "Net Income Common Stockholders": 49148000.0,
        "Net Income": 49148000.0,
        "Net Income Including Noncontrolling Interests": 49148000.0,
        "Net Income Continuous Operations": 49148000.0,
        "Tax Provision": 9043000.0,
        "Pretax Income": 58191000.0,
        "Other Income Expense": 32272000.0,
        "Gain On Sale Of Security": 32272000.0,
        "Net Non Operating Interest Income Expense": -422000.0,
        "Total Other Finance Cost": 214000.0,
        "Interest Expense Non Operating": 1322000.0,
        "Interest Income Non Operating": 1114000.0,
        "Operating Income": 26341000.0,
        "Operating Expense": 134497000.0,
        "Selling General And Administration": 134497000.0,
        "Selling And Marketing Expense": 90762000.0,
        "General And Administrative Expense": 43735000.0,
        "Other Gand A": 49301000.0,
        "Salaries And Wages": -5566000.0,
        "Gross Profit": 160838000.0,
        "Cost Of Revenue": 130824000.0,
        "Total Revenue": 291662000.0,
        "Operating Revenue": 291662000.0
    },
    "2022-03-31": {
        "Diluted EPS": 0.03,
        "Total Revenue": 255,
        "Gross Profit": 132,
        "Operating Income": 4,
        "EBIT": 14,
        "Net Income": 16
    },
    "2021-09-30": {
        "Diluted EPS": 0.02,
        "Total Revenue": 238,
        "Gross Profit": 143,
        "Operating Income": 26,
        "EBIT": 34,
        "Net Income": 14
    },
    "2021-06-30": {
        "Diluted EPS": 0.0,
        "Total Revenue": NaN,
        "Gross Profit": NaN,
        "Operating Income": NaN,
        "Net Income": NaN
    },
    "2020-12-31": {
        "Diluted EPS": 0.0,
        "Total Revenue": NaN,
        "Gross Profit": NaN,
        "Operating Income": NaN,
        "EBIT": NaN,
        "Net Income": NaN
    },
    "2023-06-30": {
        "Tax Effect Of Unusual Items": NaN,
        "Tax Rate For Calcs": NaN,
        "Normalized EBITDA": NaN,
        "Total Unusual Items": NaN,
        "Total Unusual Items Excluding Goodwill": NaN,
        "Net Income From Continuing Operation Net Minority Interest": NaN,
        "Reconciled Depreciation": NaN,
        "Reconciled Cost Of Revenue": NaN,
        "EBITDA": NaN,
        "EBIT": NaN,
        "Net Interest Income": NaN,
        "Interest Expense": NaN,
        "Interest Income": NaN,
        "Normalized Income": NaN,
        "Net Income From Continuing And Discontinued Operation": NaN,
        "Total Expenses": NaN,
        "Total Operating Income As Reported": NaN,
        "Diluted Average Shares": 715516321.0,
        "Basic Average Shares": 690875000.0,
        "Diluted EPS": 0.01,
        "Basic EPS": 0.01,
        "Diluted NI Availto Com Stockholders": NaN,
        "Net Income Common Stockholders": NaN,
        "Net Income": NaN,
        "Net Income Including Noncontrolling Interests": NaN,
        "Net Income Continuous Operations": NaN,
        "Tax Provision": NaN,
        "Pretax Income": NaN,
        "Other Income Expense": NaN,
        "Gain On Sale Of Security": NaN,
        "Net Non Operating Interest Income Expense": NaN,
        "Total Other Finance Cost": 500000.0,
        "Interest Expense Non Operating": NaN,
        "Interest Income Non Operating": NaN,
        "Operating Income": NaN,
        "Operating Expense": NaN,
        "Selling General And Administration": NaN,
        "Selling And Marketing Expense": 144800000.0,
        "General And Administrative Expense": 80300000.0,
        "Other Gand A": 71200000.0,
        "Salaries And Wages": 9100000.0,
        "Gross Profit": NaN,
        "Cost Of Revenue": NaN,
        "Total Revenue": NaN,
        "Operating Revenue": NaN
    },
    "2023-09-30": {
        "Tax Effect Of Unusual Items": 2111400.0,
        "Tax Rate For Calcs": 0.153,
        "Normalized EBITDA": 75200000.0,
        "Total Unusual Items": 13800000.0,
        "Total Unusual Items Excluding Goodwill": 13800000.0,
        "Net Income From Continuing Operation Net Minority Interest": 58700000.0,
        "Reconciled Depreciation": 16500000.0,
        "Reconciled Cost Of Revenue": 192800000.0,
        "EBITDA": 89000000.0,
        "EBIT": 72500000.0,
        "Net Interest Income": -2200000.0,
        "Interest Expense": 3200000.0,
        "Interest Income": 1000000.0,
        "Normalized Income": 47011400.0,
        "Net Income From Continuing And Discontinued Operation": 58700000.0,
        "Total Expenses": 422700000.0,
        "Total Operating Income As Reported": 57800000.0,
        "Diluted Average Shares": 645419435.0,
        "Basic Average Shares": 629930282.0,
        "Diluted EPS": 0.18,
        "Basic EPS": 0.18,
        "Diluted NI Availto Com Stockholders": 58700000.0,
        "Net Income Common Stockholders": 58700000.0,
        "Net Income": 58700000.0,
        "Net Income Including Noncontrolling Interests": 58700000.0,
        "Net Income Continuous Operations": 58700000.0,
        "Tax Provision": 10600000.0,
        "Pretax Income": 69300000.0,
        "Other Income Expense": 13800000.0,
        "Gain On Sale Of Security": 13800000.0,
        "Net Non Operating Interest Income Expense": -2200000.0,
        "Total Other Finance Cost": NaN,
        "Interest Expense Non Operating": 3200000.0,
        "Interest Income Non Operating": 1000000.0,
        "Operating Income": 57800000.0,
        "Operating Expense": 229900000.0,
        "Selling General And Administration": 229900000.0,
        "Selling And Marketing Expense": 151900000.0,
        "General And Administrative Expense": 78000000.0,
        "Other Gand A": 71000000.0,
        "Salaries And Wages": 7000000.0,
        "Gross Profit": 287700000.0,
        "Cost Of Revenue": 192800000.0,
        "Total Revenue": 480500000.0,
        "Operating Revenue": 480500000.0
    },
    "2023-12-31": {
        "Tax Effect Of Unusual Items": -7267500.0,
        "Tax Rate For Calcs": 0.085,
        "Normalized EBITDA": 61100000.0,
        "Total Unusual Items": -85500000.0,
        "Total Unusual Items Excluding Goodwill": -85500000.0,
        "Net Income From Continuing Operation Net Minority Interest": -26700000.0,
        "Reconciled Depreciation": 20400000.0,
        "Reconciled Cost Of Revenue": 176900000.0,
        "EBITDA": -24400000.0,
        "EBIT": -44800000.0,
        "Net Interest Income": -300000.0,
        "Interest Expense": 200000.0,
        "Interest Income": 4200000.0,
        "Normalized Income": 51532500.0,
        "Net Income From Continuing And Discontinued Operation": -26700000.0,
        "Total Expenses": 406300000.0,
        "Total Operating Income As Reported": 40700000.0,
        "Diluted Average Shares": NaN,
        "Basic Average Shares": NaN,
        "Diluted EPS": NaN,
        "Basic EPS": NaN,
        "Diluted NI Availto Com Stockholders": -26700000.0,
        "Net Income Common Stockholders": -26700000.0,
        "Net Income": -26700000.0,
        "Net Income Including Noncontrolling Interests": -26800000.0,
        "Net Income Continuous Operations": -26800000.0,
        "Tax Provision": -18200000.0,
        "Pretax Income": -45000000.0,
        "Other Income Expense": -85500000.0,
        "Gain On Sale Of Security": -85500000.0,
        "Net Non Operating Interest Income Expense": -300000.0,
        "Total Other Finance Cost": NaN,
        "Interest Expense Non Operating": 200000.0,
        "Interest Income Non Operating": 4200000.0,
        "Operating Income": 40700000.0,
        "Operating Expense": 229400000.0,
        "Selling General And Administration": 229400000.0,
        "Selling And Marketing Expense": NaN,
        "General And Administrative Expense": NaN,
        "Other Gand A": NaN,
        "Salaries And Wages": NaN,
        "Gross Profit": 270100000.0,
        "Cost Of Revenue": 176900000.0,
        "Total Revenue": 447100000.0,
        "Operating Revenue": 447100000.0
    },
    "2024-03-31": {
        "Tax Effect Of Unusual Items": 16182383.419689,
        "Tax Rate For Calcs": 0.210708,
        "Normalized EBITDA": 66000000.0,
        "Total Unusual Items": 76800000.0,
        "Total Unusual Items Excluding Goodwill": 76800000.0,
        "Net Income From Continuing Operation Net Minority Interest": 91400000.0,
        "Reconciled Depreciation": 22100000.0,
        "Reconciled Cost Of Revenue": 204900000.0,
        "EBITDA": 142800000.0,
        "EBIT": 120700000.0,
        "Net Interest Income": 500000.0,
        "Interest Expense": 4900000.0,
        "Interest Income": 5400000.0,
        "Normalized Income": 30782383.419689,
        "Net Income From Continuing And Discontinued Operation": 91400000.0,
        "Total Expenses": 469700000.0,
        "Total Operating Income As Reported": 38500000.0,
        "Diluted Average Shares": 648257683.0,
        "Basic Average Shares": 633088934.0,
        "Diluted EPS": 0.28,
        "Basic EPS": 0.28,
        "Diluted NI Availto Com Stockholders": 91400000.0,
        "Net Income Common Stockholders": 91400000.0,
        "Net Income": 91400000.0,
        "Net Income Including Noncontrolling Interests": 91400000.0,
        "Net Income Continuous Operations": 91400000.0,
        "Tax Provision": 24400000.0,
        "Pretax Income": 115800000.0,
        "Other Income Expense": 76800000.0,
        "Gain On Sale Of Security": 76800000.0,
        "Net Non Operating Interest Income Expense": 500000.0,
        "Total Other Finance Cost": NaN,
        "Interest Expense Non Operating": 4900000.0,
        "Interest Income Non Operating": 5400000.0,
        "Operating Income": 38500000.0,
        "Operating Expense": 264800000.0,
        "Selling General And Administration": 264800000.0,
        "Selling And Marketing Expense": NaN,
        "General And Administrative Expense": NaN,
        "Other Gand A": NaN,
        "Salaries And Wages": NaN,
        "Gross Profit": 303300000.0,
        "Cost Of Revenue": 204900000.0,
        "Total Revenue": 508200000.0,
        "Operating Revenue": 508200000.0
    },
    "2024-06-30": {
        "Tax Effect Of Unusual Items": -1246500.0,
        "Tax Rate For Calcs": 0.277,
        "Normalized EBITDA": 77800000.0,
        "Total Unusual Items": -4500000.0,
        "Total Unusual Items Excluding Goodwill": -4500000.0,
        "Net Income From Continuing Operation Net Minority Interest": 30800000.0,
        "Reconciled Depreciation": 26400000.0,
        "Reconciled Cost Of Revenue": 227400000.0,
        "EBITDA": 73300000.0,
        "EBIT": 46900000.0,
        "Net Interest Income": 0.0,
        "Interest Expense": 4200000.0,
        "Interest Income": 5800000.0,
        "Normalized Income": 34053500.0,
        "Net Income From Continuing And Discontinued Operation": 30800000.0,
        "Total Expenses": 520300000.0,
        "Total Operating Income As Reported": 47300000.0,
        "Diluted Average Shares": 582865691.0,
        "Basic Average Shares": 576068542.0,
        "Diluted EPS": 0.09,
        "Basic EPS": 0.1,
        "Diluted NI Availto Com Stockholders": 30800000.0,
        "Net Income Common Stockholders": 30800000.0,
        "Net Income": 30800000.0,
        "Net Income Including Noncontrolling Interests": 30900000.0,
        "Net Income Continuous Operations": 30900000.0,
        "Tax Provision": 11800000.0,
        "Pretax Income": 42700000.0,
        "Other Income Expense": -4500000.0,
        "Gain On Sale Of Security": -4500000.0,
        "Net Non Operating Interest Income Expense": 0.0,
        "Total Other Finance Cost": 1600000.0,
        "Interest Expense Non Operating": 4200000.0,
        "Interest Income Non Operating": 5800000.0,
        "Operating Income": 47300000.0,
        "Operating Expense": 292900000.0,
        "Selling General And Administration": 292900000.0,
        "Selling And Marketing Expense": 182600000.0,
        "General And Administrative Expense": 110300000.0,
        "Other Gand A": 93200000.0,
        "Salaries And Wages": 17100000.0,
        "Gross Profit": 340200000.0,
        "Cost Of Revenue": 227400000.0,
        "Total Revenue": 567700000.0,
        "Operating Revenue": 567700000.0
    },
    "2024-09-30": {
        "Tax Effect Of Unusual Items": -3621000.0,
        "Tax Rate For Calcs": 0.085,
        "Normalized EBITDA": 106100000.0,
        "Total Unusual Items": -42600000.0,
        "Total Unusual Items Excluding Goodwill": -42600000.0,
        "Net Income From Continuing Operation Net Minority Interest": 30500000.0,
        "Reconciled Depreciation": 27400000.0,
        "Reconciled Cost Of Revenue": 250500000.0,
        "EBITDA": 63500000.0,
        "EBIT": 36100000.0,
        "Net Interest Income": -500000.0,
        "Interest Expense": 6500000.0,
        "Interest Income": 6000000.0,
        "Normalized Income": 69479000.0,
        "Net Income From Continuing And Discontinued Operation": 30500000.0,
        "Total Expenses": 563200000.0,
        "Total Operating Income As Reported": 72600000.0,
        "Diluted Average Shares": 650779279.0,
        "Basic Average Shares": 634091581.0,
        "Diluted EPS": 0.09,
        "Basic EPS": 0.09,
        "Diluted NI Availto Com Stockholders": 30500000.0,
        "Net Income Common Stockholders": 30500000.0,
        "Net Income": 30500000.0,
        "Net Income Including Noncontrolling Interests": 30500000.0,
        "Net Income Continuous Operations": 30500000.0,
        "Tax Provision": -900000.0,
        "Pretax Income": 29600000.0,
        "Other Income Expense": -42600000.0,
        "Gain On Sale Of Security": -42600000.0,
        "Net Non Operating Interest Income Expense": -500000.0,
        "Total Other Finance Cost": NaN,
        "Interest Expense Non Operating": 6500000.0,
        "Interest Income Non Operating": 6000000.0,
        "Operating Income": 72600000.0,
        "Operating Expense": 312700000.0,
        "Selling General And Administration": 312700000.0,
        "Selling And Marketing Expense": 186200000.0,
        "General And Administrative Expense": 126500000.0,
        "Other Gand A": 106600000.0,
        "Salaries And Wages": 19900000.0,
        "Gross Profit": 385300000.0,
        "Cost Of Revenue": 250500000.0,
        "Total Revenue": 635800000.0,
        "Operating Revenue": 635800000.0
    }
}