{
    "2023-03-31": {
        "Tax Effect Of Unusual Items": 787160.0,
        "Tax Rate For Calcs": 0.22,
        "Normalized EBITDA": -2579000.0,
        "Total Unusual Items": 3578000.0,
        "Total Unusual Items Excluding Goodwill": 3578000.0,
        "Net Income From Continuing Operation Net Minority Interest": 88000.0,
        "Reconciled Cost Of Revenue": 5016000.0,
        "EBITDA": 999000.0,
        "EBIT": 999000.0,
        "Net Interest Income": -843000.0,
        "Interest Expense": 911000.0,
        "Interest Income": 68000.0,
        "Normalized Income": -2702840.0,
        "Net Income From Continuing And Discontinued Operation": 88000.0,
        "Total Expenses": 6535000.0,
        "Total Operating Income As Reported": -2647000.0,
        "Diluted Average Shares": 925866.0,
        "Basic Average Shares": 925866.0,
        "Diluted EPS": -0.51,
        "Basic EPS": -0.51,
        "Diluted NI Availto Com Stockholders": -472000.0,
        "Net Income Common Stockholders": -472000.0,
        "Otherunder Preferred Stock Dividend": 0.0,
        "Preferred Stock Dividends": 560000.0,
        "Net Income": 88000.0,
        "Net Income Including Noncontrolling Interests": 88000.0,
        "Net Income Continuous Operations": 88000.0,
        "Pretax Income": 88000.0,
        "Other Income Expense": 3578000.0,
        "Other Non Operating Income Expenses": NaN,
        "Earnings From Equity Interest": 0.0,
        "Gain On Sale Of Security": 3578000.0,
        "Net Non Operating Interest Income Expense": -843000.0,
        "Interest Expense Non Operating": 911000.0,
        "Interest Income Non Operating": 68000.0,
        "Operating Income": -2647000.0,
        "Operating Expense": 1519000.0,
        "Other Operating Expenses": 294000.0,
        "Selling General And Administration": 1225000.0,
        "General And Administrative Expense": 1225000.0,
        "Other Gand A": 1225000.0,
        "Gross Profit": -1128000.0,
        "Cost Of Revenue": 5016000.0,
        "Total Revenue": 3888000.0,
        "Operating Revenue": 3888000.0
    },
    "2022-12-31": {
        "Tax Effect Of Unusual Items": NaN,
        "Tax Rate For Calcs": NaN,
        "Normalized EBITDA": NaN,
        "Total Unusual Items": NaN,
        "Total Unusual Items Excluding Goodwill": NaN,
        "Net Income From Continuing Operation Net Minority Interest": NaN,
        "Reconciled Cost Of Revenue": NaN,
        "EBITDA": NaN,
        "EBIT": NaN,
        "Net Interest Income": NaN,
        "Interest Expense": NaN,
        "Interest Income": NaN,
        "Normalized Income": NaN,
        "Net Income From Continuing And Discontinued Operation": NaN,
        "Total Expenses": NaN,
        "Total Operating Income As Reported": NaN,
        "Diluted Average Shares": 215677.0,
        "Basic Average Shares": 215677.0,
        "Diluted EPS": -13.8,
        "Basic EPS": -13.8,
        "Diluted NI Availto Com Stockholders": NaN,
        "Net Income Common Stockholders": NaN,
        "Otherunder Preferred Stock Dividend": -106000.0,
        "Preferred Stock Dividends": NaN,
        "Net Income": NaN,
        "Net Income Including Noncontrolling Interests": NaN,
        "Net Income Continuous Operations": NaN,
        "Pretax Income": NaN,
        "Other Income Expense": NaN,
        "Other Non Operating Income Expenses": NaN,
        "Earnings From Equity Interest": NaN,
        "Gain On Sale Of Security": NaN,
        "Net Non Operating Interest Income Expense": NaN,
        "Interest Expense Non Operating": NaN,
        "Interest Income Non Operating": NaN,
        "Operating Income": NaN,
        "Operating Expense": NaN,
        "Other Operating Expenses": NaN,
        "Selling General And Administration": NaN,
        "General And Administrative Expense": NaN,
        "Other Gand A": NaN,
        "Gross Profit": NaN,
        "Cost Of Revenue": NaN,
        "Total Revenue": NaN,
        "Operating Revenue": NaN
    },
    "2022-09-30": {
        "Tax Effect Of Unusual Items": NaN,
        "Tax Rate For Calcs": NaN,
        "Normalized EBITDA": NaN,
        "Total Unusual Items": NaN,
        "Total Unusual Items Excluding Goodwill": NaN,
        "Net Income From Continuing Operation Net Minority Interest": NaN,
        "Reconciled Cost Of Revenue": NaN,
        "EBITDA": NaN,
        "EBIT": NaN,
        "Net Interest Income": 0.0,
        "Interest Expense": 0.0,
        "Interest Income": 0.0,
        "Normalized Income": NaN,
        "Net Income From Continuing And Discontinued Operation": NaN,
        "Total Expenses": NaN,
        "Total Operating Income As Reported": NaN,
        "Diluted Average Shares": 268320.0,
        "Basic Average Shares": 149145.0,
        "Diluted EPS": 1.5,
        "Basic EPS": 2.7,
        "Diluted NI Availto Com Stockholders": NaN,
        "Net Income Common Stockholders": NaN,
        "Otherunder Preferred Stock Dividend": NaN,
        "Preferred Stock Dividends": NaN,
        "Net Income": NaN,
        "Net Income Including Noncontrolling Interests": NaN,
        "Net Income Continuous Operations": NaN,
        "Pretax Income": NaN,
        "Other Income Expense": NaN,
        "Other Non Operating Income Expenses": NaN,
        "Gain On Sale Of Security": NaN,
        "Net Non Operating Interest Income Expense": 0.0,
        "Interest Expense Non Operating": 0.0,
        "Interest Income Non Operating": 0.0,
        "Operating Income": NaN,
        "Operating Expense": NaN,
        "Other Operating Expenses": NaN,
        "Selling General And Administration": NaN,
        "General And Administrative Expense": NaN,
        "Other Gand A": NaN,
        "Gross Profit": NaN,
        "Cost Of Revenue": NaN,
        "Total Revenue": NaN,
        "Operating Revenue": NaN
    },
    "2022-06-30": {
        "Tax Effect Of Unusual Items": 0.0,
        "Tax Rate For Calcs": 0.4,
        "Normalized EBITDA": 648000.0,
        "Total Unusual Items": NaN,
        "Total Unusual Items Excluding Goodwill": NaN,
        "Net Income From Continuing Operation Net Minority Interest": 648000.0,
        "Reconciled Cost Of Revenue": 3059000.0,
        "EBITDA": 648000.0,
        "EBIT": 648000.0,
        "Net Interest Income": 0.0,
        "Interest Expense": 0.0,
        "Interest Income": 0.0,
        "Normalized Income": 648000.0,
        "Net Income From Continuing And Discontinued Operation": 648000.0,
        "Total Expenses": 3918000.0,
        "Total Operating Income As Reported": 648000.0,
        "Diluted Average Shares": 149145.0,
        "Basic Average Shares": 149145.0,
        "Diluted EPS": 1.05,
        "Basic EPS": 1.05,
        "Diluted NI Availto Com Stockholders": 233000.0,
        "Net Income Common Stockholders": 233000.0,
        "Otherunder Preferred Stock Dividend": 144000.0,
        "Preferred Stock Dividends": 271000.0,
        "Net Income": 648000.0,
        "Net Income Including Noncontrolling Interests": 648000.0,
        "Net Income Continuous Operations": 648000.0,
        "Pretax Income": 648000.0,
        "Other Income Expense": NaN,
        "Gain On Sale Of Security": NaN,
        "Net Non Operating Interest Income Expense": 0.0,
        "Interest Expense Non Operating": 0.0,
        "Interest Income Non Operating": 0.0,
        "Operating Income": 648000.0,
        "Operating Expense": 859000.0,
        "Other Operating Expenses": 193000.0,
        "Selling General And Administration": 666000.0,
        "General And Administrative Expense": 666000.0,
        "Other Gand A": 666000.0,
        "Gross Profit": 1507000.0,
        "Cost Of Revenue": 3059000.0,
        "Total Revenue": 4566000.0,
        "Operating Revenue": 4566000.0
    },
    "2023-06-30": {
        "Tax Effect Of Unusual Items": 606540.0,
        "Tax Rate For Calcs": 0.22,
        "Normalized EBITDA": -1508000.0,
        "Total Unusual Items": 2757000.0,
        "Total Unusual Items Excluding Goodwill": 2757000.0,
        "Net Income From Continuing Operation Net Minority Interest": 1259000.0,
        "Reconciled Cost Of Revenue": 5338000.0,
        "EBITDA": 1249000.0,
        "EBIT": 1249000.0,
        "Net Interest Income": 158000.0,
        "Interest Expense": -10000.0,
        "Interest Income": 148000.0,
        "Normalized Income": -891460.0,
        "Net Income From Continuing And Discontinued Operation": 1259000.0,
        "Total Expenses": 7051000.0,
        "Total Operating Income As Reported": -1656000.0,
        "Diluted Average Shares": NaN,
        "Basic Average Shares": NaN,
        "Diluted EPS": NaN,
        "Basic EPS": NaN,
        "Diluted NI Availto Com Stockholders": -5839000.0,
        "Net Income Common Stockholders": 496000.0,
        "Otherunder Preferred Stock Dividend": 2000.0,
        "Preferred Stock Dividends": 761000.0,
        "Net Income": 1259000.0,
        "Net Income Including Noncontrolling Interests": 1259000.0,
        "Net Income Continuous Operations": 1259000.0,
        "Pretax Income": 1259000.0,
        "Other Income Expense": 2757000.0,
        "Other Non Operating Income Expenses": NaN,
        "Earnings From Equity Interest": NaN,
        "Gain On Sale Of Security": 2757000.0,
        "Net Non Operating Interest Income Expense": 158000.0,
        "Interest Expense Non Operating": -10000.0,
        "Interest Income Non Operating": 148000.0,
        "Operating Income": -1656000.0,
        "Operating Expense": 1713000.0,
        "Other Operating Expenses": 329000.0,
        "Selling General And Administration": 1384000.0,
        "General And Administrative Expense": 1384000.0,
        "Other Gand A": 1384000.0,
        "Gross Profit": 57000.0,
        "Cost Of Revenue": 5338000.0,
        "Total Revenue": 5395000.0,
        "Operating Revenue": 5395000.0
    },
    "2023-09-30": {
        "Tax Effect Of Unusual Items": 0.0,
        "Tax Rate For Calcs": 0.0,
        "Normalized EBITDA": -3261000.0,
        "Total Unusual Items": -113000.0,
        "Total Unusual Items Excluding Goodwill": -113000.0,
        "Net Income From Continuing Operation Net Minority Interest": -3382000.0,
        "Reconciled Cost Of Revenue": 5586000.0,
        "EBITDA": -3374000.0,
        "EBIT": -3374000.0,
        "Net Interest Income": 141000.0,
        "Interest Expense": 8000.0,
        "Interest Income": 149000.0,
        "Normalized Income": -3269000.0,
        "Net Income From Continuing And Discontinued Operation": -3382000.0,
        "Total Expenses": 7190000.0,
        "Total Operating Income As Reported": -3324000.0,
        "Diluted Average Shares": 3662049.0,
        "Basic Average Shares": 3659412.0,
        "Diluted EPS": -1.06,
        "Basic EPS": -1.06,
        "Diluted NI Availto Com Stockholders": -3891000.0,
        "Net Income Common Stockholders": -3891000.0,
        "Otherunder Preferred Stock Dividend": 0.0,
        "Preferred Stock Dividends": 509000.0,
        "Net Income": -3382000.0,
        "Net Income Including Noncontrolling Interests": -3382000.0,
        "Net Income Continuous Operations": -3382000.0,
        "Pretax Income": -3382000.0,
        "Other Income Expense": -199000.0,
        "Other Non Operating Income Expenses": -86000.0,
        "Earnings From Equity Interest": NaN,
        "Gain On Sale Of Security": -113000.0,
        "Net Non Operating Interest Income Expense": 141000.0,
        "Interest Expense Non Operating": 8000.0,
        "Interest Income Non Operating": 149000.0,
        "Operating Income": -3324000.0,
        "Operating Expense": 1604000.0,
        "Other Operating Expenses": 310000.0,
        "Selling General And Administration": 1294000.0,
        "General And Administrative Expense": 1294000.0,
        "Other Gand A": 1294000.0,
        "Gross Profit": -1720000.0,
        "Cost Of Revenue": 5586000.0,
        "Total Revenue": 3866000.0,
        "Operating Revenue": 3866000.0
    },
    "2023-12-31": {
        "Tax Effect Of Unusual Items": 0.0,
        "Tax Rate For Calcs": 0.22,
        "Normalized EBITDA": 58000.0,
        "Total Unusual Items": 0.0,
        "Total Unusual Items Excluding Goodwill": 0.0,
        "Net Income From Continuing Operation Net Minority Interest": 58000.0,
        "Reconciled Cost Of Revenue": 4091000.0,
        "EBITDA": 58000.0,
        "EBIT": 58000.0,
        "Net Interest Income": 139000.0,
        "Interest Expense": 0.0,
        "Interest Income": 139000.0,
        "Normalized Income": 58000.0,
        "Net Income From Continuing And Discontinued Operation": 58000.0,
        "Total Expenses": 5903000.0,
        "Total Operating Income As Reported": -95000.0,
        "Diluted Average Shares": 6813696.0,
        "Basic Average Shares": 6813696.0,
        "Diluted EPS": -0.42,
        "Basic EPS": -0.42,
        "Diluted NI Availto Com Stockholders": -9064000.0,
        "Net Income Common Stockholders": -2842000.0,
        "Otherunder Preferred Stock Dividend": 0.0,
        "Preferred Stock Dividends": 2900000.0,
        "Net Income": 58000.0,
        "Net Income Including Noncontrolling Interests": 58000.0,
        "Net Income Continuous Operations": 58000.0,
        "Pretax Income": 58000.0,
        "Other Income Expense": 14000.0,
        "Other Non Operating Income Expenses": 12000.0,
        "Earnings From Equity Interest": NaN,
        "Gain On Sale Of Security": 0.0,
        "Net Non Operating Interest Income Expense": 139000.0,
        "Interest Expense Non Operating": 0.0,
        "Interest Income Non Operating": 139000.0,
        "Operating Income": -95000.0,
        "Operating Expense": 1812000.0,
        "Other Operating Expenses": 434000.0,
        "Selling General And Administration": 1378000.0,
        "General And Administrative Expense": 1378000.0,
        "Other Gand A": 1378000.0,
        "Gross Profit": 1717000.0,
        "Cost Of Revenue": 4091000.0,
        "Total Revenue": 5808000.0,
        "Operating Revenue": 5808000.0
    },
    "2024-03-31": {
        "Tax Effect Of Unusual Items": 0.0,
        "Tax Rate For Calcs": 0.0,
        "Normalized EBITDA": -1306000.0,
        "Total Unusual Items": NaN,
        "Total Unusual Items Excluding Goodwill": NaN,
        "Net Income From Continuing Operation Net Minority Interest": -1306000.0,
        "Reconciled Cost Of Revenue": 5195000.0,
        "EBITDA": -1306000.0,
        "EBIT": -1306000.0,
        "Net Interest Income": 135000.0,
        "Interest Expense": 0.0,
        "Interest Income": 135000.0,
        "Normalized Income": -1306000.0,
        "Net Income From Continuing And Discontinued Operation": -1306000.0,
        "Total Expenses": 7130000.0,
        "Total Operating Income As Reported": -1443000.0,
        "Diluted Average Shares": 7451314.0,
        "Basic Average Shares": 7451314.0,
        "Diluted EPS": -0.23,
        "Basic EPS": -0.23,
        "Diluted NI Availto Com Stockholders": -1698000.0,
        "Net Income Common Stockholders": -1698000.0,
        "Otherunder Preferred Stock Dividend": NaN,
        "Preferred Stock Dividends": 392000.0,
        "Net Income": -1306000.0,
        "Net Income Including Noncontrolling Interests": -1306000.0,
        "Net Income Continuous Operations": -1306000.0,
        "Pretax Income": -1306000.0,
        "Other Income Expense": 2000.0,
        "Other Non Operating Income Expenses": 7000.0,
        "Earnings From Equity Interest": -5000.0,
        "Gain On Sale Of Security": NaN,
        "Net Non Operating Interest Income Expense": 135000.0,
        "Interest Expense Non Operating": 0.0,
        "Interest Income Non Operating": 135000.0,
        "Operating Income": -1443000.0,
        "Operating Expense": 1935000.0,
        "Other Operating Expenses": 300000.0,
        "Selling General And Administration": 1635000.0,
        "General And Administrative Expense": 1635000.0,
        "Other Gand A": 1635000.0,
        "Gross Profit": 492000.0,
        "Cost Of Revenue": 5195000.0,
        "Total Revenue": 5687000.0,
        "Operating Revenue": 5687000.0
    }
}