{
    "2023-03-31": {
        "Tax Effect Of Unusual Items": NaN,
        "Tax Rate For Calcs": NaN,
        "Normalized EBITDA": NaN,
        "Total Unusual Items": NaN,
        "Total Unusual Items Excluding Goodwill": NaN,
        "Net Income From Continuing Operation Net Minority Interest": NaN,
        "Reconciled Depreciation": NaN,
        "Reconciled Cost Of Revenue": NaN,
        "EBITDA": NaN,
        "EBIT": NaN,
        "Net Interest Income": NaN,
        "Interest Expense": NaN,
        "Interest Income": NaN,
        "Normalized Income": NaN,
        "Net Income From Continuing And Discontinued Operation": NaN,
        "Total Expenses": NaN,
        "Total Operating Income As Reported": NaN,
        "Diluted Average Shares": NaN,
        "Basic Average Shares": NaN,
        "Diluted EPS": NaN,
        "Basic EPS": NaN,
        "Diluted NI Availto Com Stockholders": NaN,
        "Net Income Common Stockholders": NaN,
        "Preferred Stock Dividends": NaN,
        "Net Income": NaN,
        "Minority Interests": NaN,
        "Net Income Including Noncontrolling Interests": NaN,
        "Net Income Continuous Operations": NaN,
        "Tax Provision": NaN,
        "Pretax Income": NaN,
        "Other Income Expense": NaN,
        "Other Non Operating Income Expenses": NaN,
        "Special Income Charges": NaN,
        "Gain On Sale Of Business": NaN,
        "Other Special Charges": NaN,
        "Restructuring And Mergern Acquisition": NaN,
        "Earnings From Equity Interest": NaN,
        "Gain On Sale Of Security": NaN,
        "Net Non Operating Interest Income Expense": NaN,
        "Total Other Finance Cost": NaN,
        "Interest Expense Non Operating": NaN,
        "Interest Income Non Operating": NaN,
        "Operating Income": NaN,
        "Operating Expense": NaN,
        "Other Operating Expenses": 154000.0,
        "Depreciation Amortization Depletion Income Statement": NaN,
        "Depreciation And Amortization In Income Statement": NaN,
        "Selling General And Administration": NaN,
        "General And Administrative Expense": 14349000.0,
        "Other Gand A": 14349000.0,
        "Gross Profit": NaN,
        "Cost Of Revenue": NaN,
        "Total Revenue": NaN,
        "Operating Revenue": NaN
    },
    "2022-12-31": {
        "Tax Effect Of Unusual Items": NaN,
        "Tax Rate For Calcs": NaN,
        "Normalized EBITDA": NaN,
        "Total Unusual Items": NaN,
        "Total Unusual Items Excluding Goodwill": NaN,
        "Net Income From Continuing Operation Net Minority Interest": NaN,
        "Reconciled Depreciation": NaN,
        "Reconciled Cost Of Revenue": NaN,
        "EBITDA": NaN,
        "EBIT": NaN,
        "Net Interest Income": NaN,
        "Interest Expense": NaN,
        "Interest Income": NaN,
        "Normalized Income": NaN,
        "Net Income From Continuing And Discontinued Operation": NaN,
        "Total Expenses": NaN,
        "Total Operating Income As Reported": NaN,
        "Diluted Average Shares": NaN,
        "Basic Average Shares": NaN,
        "Diluted EPS": NaN,
        "Basic EPS": NaN,
        "Diluted NI Availto Com Stockholders": NaN,
        "Net Income Common Stockholders": NaN,
        "Preferred Stock Dividends": NaN,
        "Net Income": NaN,
        "Minority Interests": NaN,
        "Net Income Including Noncontrolling Interests": NaN,
        "Net Income Continuous Operations": NaN,
        "Tax Provision": NaN,
        "Pretax Income": NaN,
        "Other Income Expense": NaN,
        "Other Non Operating Income Expenses": NaN,
        "Special Income Charges": NaN,
        "Gain On Sale Of Business": NaN,
        "Other Special Charges": NaN,
        "Restructuring And Mergern Acquisition": 0.0,
        "Earnings From Equity Interest": NaN,
        "Gain On Sale Of Security": NaN,
        "Net Non Operating Interest Income Expense": NaN,
        "Total Other Finance Cost": NaN,
        "Interest Expense Non Operating": NaN,
        "Interest Income Non Operating": NaN,
        "Operating Income": NaN,
        "Operating Expense": NaN,
        "Other Operating Expenses": NaN,
        "Depreciation Amortization Depletion Income Statement": NaN,
        "Depreciation And Amortization In Income Statement": NaN,
        "Selling General And Administration": NaN,
        "General And Administrative Expense": NaN,
        "Other Gand A": NaN,
        "Gross Profit": NaN,
        "Cost Of Revenue": NaN,
        "Total Revenue": NaN,
        "Operating Revenue": NaN
    },
    "2022-09-30": {
        "Tax Effect Of Unusual Items": NaN,
        "Tax Rate For Calcs": NaN,
        "Normalized EBITDA": NaN,
        "Total Unusual Items": NaN,
        "Total Unusual Items Excluding Goodwill": NaN,
        "Net Income From Continuing Operation Net Minority Interest": NaN,
        "Reconciled Depreciation": NaN,
        "Reconciled Cost Of Revenue": NaN,
        "EBITDA": NaN,
        "EBIT": NaN,
        "Net Interest Income": NaN,
        "Interest Expense": NaN,
        "Interest Income": NaN,
        "Normalized Income": NaN,
        "Net Income From Continuing And Discontinued Operation": NaN,
        "Total Expenses": NaN,
        "Total Operating Income As Reported": NaN,
        "Diluted Average Shares": 25823772.0,
        "Basic Average Shares": 25671390.0,
        "Diluted EPS": -0.06,
        "Basic EPS": -0.04,
        "Diluted NI Availto Com Stockholders": NaN,
        "Net Income Common Stockholders": NaN,
        "Otherunder Preferred Stock Dividend": 0.0,
        "Preferred Stock Dividends": NaN,
        "Net Income": NaN,
        "Minority Interests": NaN,
        "Net Income Including Noncontrolling Interests": NaN,
        "Net Income Continuous Operations": NaN,
        "Tax Provision": NaN,
        "Pretax Income": NaN,
        "Other Income Expense": NaN,
        "Other Non Operating Income Expenses": NaN,
        "Special Income Charges": NaN,
        "Gain On Sale Of Business": 0.0,
        "Other Special Charges": NaN,
        "Restructuring And Mergern Acquisition": -4365000.0,
        "Earnings From Equity Interest": NaN,
        "Gain On Sale Of Security": NaN,
        "Net Non Operating Interest Income Expense": NaN,
        "Total Other Finance Cost": NaN,
        "Interest Expense Non Operating": NaN,
        "Interest Income Non Operating": NaN,
        "Operating Income": NaN,
        "Operating Expense": NaN,
        "Other Operating Expenses": NaN,
        "Depreciation Amortization Depletion Income Statement": NaN,
        "Depreciation And Amortization In Income Statement": NaN,
        "Selling General And Administration": NaN,
        "General And Administrative Expense": NaN,
        "Other Gand A": NaN,
        "Gross Profit": NaN,
        "Cost Of Revenue": NaN,
        "Total Revenue": NaN,
        "Operating Revenue": NaN
    },
    "2022-06-30": {
        "Tax Effect Of Unusual Items": 1730016.0,
        "Tax Rate For Calcs": 0.4,
        "Normalized EBITDA": -6058683.0,
        "Total Unusual Items": 4325040.0,
        "Total Unusual Items Excluding Goodwill": 4325040.0,
        "Net Income From Continuing Operation Net Minority Interest": 3287155.0,
        "Reconciled Depreciation": 3710000.0,
        "Reconciled Cost Of Revenue": 39242000.0,
        "EBITDA": -1733643.0,
        "EBIT": -1733643.0,
        "Net Interest Income": -3365000.0,
        "Interest Expense": 3365000.0,
        "Interest Income": NaN,
        "Normalized Income": 692131.0,
        "Net Income From Continuing And Discontinued Operation": 3287155.0,
        "Total Expenses": 1733643.0,
        "Total Operating Income As Reported": -1733643.0,
        "Diluted Average Shares": 25171390.0,
        "Basic Average Shares": 25171390.0,
        "Diluted EPS": 0.0,
        "Basic EPS": 0.0,
        "Diluted NI Availto Com Stockholders": 3287155.0,
        "Net Income Common Stockholders": 3287155.0,
        "Otherunder Preferred Stock Dividend": NaN,
        "Preferred Stock Dividends": 1718000.0,
        "Net Income": 3287155.0,
        "Minority Interests": 2060000.0,
        "Net Income Including Noncontrolling Interests": 3287155.0,
        "Net Income Continuous Operations": 3287155.0,
        "Tax Provision": 0.0,
        "Pretax Income": 3287155.0,
        "Other Income Expense": 5020798.0,
        "Other Non Operating Income Expenses": 279890.0,
        "Special Income Charges": 0.0,
        "Other Special Charges": NaN,
        "Restructuring And Mergern Acquisition": NaN,
        "Earnings From Equity Interest": 415868.0,
        "Gain On Sale Of Security": 4325040.0,
        "Net Non Operating Interest Income Expense": -3365000.0,
        "Total Other Finance Cost": NaN,
        "Interest Expense Non Operating": 3365000.0,
        "Interest Income Non Operating": NaN,
        "Operating Income": -1733643.0,
        "Operating Expense": 1733643.0,
        "Depreciation Amortization Depletion Income Statement": 3325000.0,
        "Depreciation And Amortization In Income Statement": 3325000.0,
        "Selling General And Administration": 1733643.0,
        "General And Administrative Expense": 1733643.0,
        "Other Gand A": 1733643.0,
        "Gross Profit": 13590000.0,
        "Cost Of Revenue": 39627000.0,
        "Total Revenue": 0.0,
        "Operating Revenue": 0.0
    },
    "2022-03-31": {
        "Diluted EPS": 0.0,
        "Total Revenue": 49,
        "Gross Profit": 13,
        "Operating Income": -1,
        "EBIT": 3,
        "Net Income": NaN
    },
    "2021-12-31": {
        "Diluted EPS": 0.0,
        "Total Revenue": 119,
        "Gross Profit": 37,
        "Operating Income": 8,
        "EBIT": 12,
        "Net Income": 12
    },
    "2021-09-30": {
        "Diluted EPS": 0.0,
        "Total Revenue": 47,
        "Gross Profit": 14,
        "Operating Income": 3,
        "EBIT": 3,
        "Net Income": NaN
    },
    "2021-06-30": {
        "Diluted EPS": -0.3,
        "Total Revenue": NaN,
        "Gross Profit": NaN,
        "Operating Income": 0,
        "EBIT": 0,
        "Net Income": -12
    },
    "2021-03-31": {
        "Diluted EPS": -0.03,
        "Total Revenue": NaN,
        "Gross Profit": NaN,
        "Operating Income": 0,
        "EBIT": 0,
        "Net Income": 0
    },
    "2023-06-30": {
        "Tax Effect Of Unusual Items": NaN,
        "Tax Rate For Calcs": NaN,
        "Normalized EBITDA": NaN,
        "Total Unusual Items": NaN,
        "Total Unusual Items Excluding Goodwill": NaN,
        "Net Income From Continuing Operation Net Minority Interest": NaN,
        "Reconciled Depreciation": NaN,
        "Reconciled Cost Of Revenue": NaN,
        "EBITDA": NaN,
        "EBIT": NaN,
        "Net Interest Income": NaN,
        "Interest Expense": NaN,
        "Interest Income": NaN,
        "Normalized Income": NaN,
        "Net Income From Continuing And Discontinued Operation": NaN,
        "Total Expenses": NaN,
        "Total Operating Income As Reported": NaN,
        "Diluted Average Shares": 27248639.0,
        "Basic Average Shares": 26977682.0,
        "Diluted EPS": 0.66,
        "Basic EPS": 0.66,
        "Diluted NI Availto Com Stockholders": NaN,
        "Net Income Common Stockholders": NaN,
        "Preferred Stock Dividends": NaN,
        "Net Income": NaN,
        "Minority Interests": NaN,
        "Net Income Including Noncontrolling Interests": NaN,
        "Net Income Continuous Operations": NaN,
        "Tax Provision": NaN,
        "Pretax Income": NaN,
        "Other Income Expense": NaN,
        "Other Non Operating Income Expenses": NaN,
        "Special Income Charges": 120978000.0,
        "Gain On Sale Of Business": 122873000.0,
        "Other Special Charges": 1895000.0,
        "Restructuring And Mergern Acquisition": NaN,
        "Earnings From Equity Interest": NaN,
        "Gain On Sale Of Security": NaN,
        "Net Non Operating Interest Income Expense": NaN,
        "Total Other Finance Cost": NaN,
        "Interest Expense Non Operating": NaN,
        "Interest Income Non Operating": NaN,
        "Operating Income": NaN,
        "Operating Expense": NaN,
        "Other Operating Expenses": 129000.0,
        "Depreciation Amortization Depletion Income Statement": NaN,
        "Depreciation And Amortization In Income Statement": NaN,
        "Selling General And Administration": NaN,
        "General And Administrative Expense": 13224000.0,
        "Other Gand A": 13224000.0,
        "Gross Profit": NaN,
        "Cost Of Revenue": NaN,
        "Total Revenue": NaN,
        "Operating Revenue": NaN
    },
    "2023-09-30": {
        "Tax Effect Of Unusual Items": 0.0,
        "Tax Rate For Calcs": 0.0,
        "Normalized EBITDA": 8634000.0,
        "Total Unusual Items": -2065000.0,
        "Total Unusual Items Excluding Goodwill": -2065000.0,
        "Net Income From Continuing Operation Net Minority Interest": 2382000.0,
        "Reconciled Depreciation": 3794000.0,
        "Reconciled Cost Of Revenue": 51187000.0,
        "EBITDA": 6569000.0,
        "EBIT": 2775000.0,
        "Net Interest Income": -2885000.0,
        "Interest Expense": 2548000.0,
        "Interest Income": 563000.0,
        "Normalized Income": 4447000.0,
        "Net Income From Continuing And Discontinued Operation": 2382000.0,
        "Total Expenses": 68254000.0,
        "Total Operating Income As Reported": 3599000.0,
        "Diluted Average Shares": 26978969.0,
        "Basic Average Shares": 26978969.0,
        "Diluted EPS": -0.01,
        "Basic EPS": -0.01,
        "Diluted NI Availto Com Stockholders": -400000.0,
        "Net Income Common Stockholders": -400000.0,
        "Preferred Stock Dividends": 2782000.0,
        "Net Income": 2382000.0,
        "Minority Interests": 2155000.0,
        "Net Income Including Noncontrolling Interests": 227000.0,
        "Net Income Continuous Operations": 227000.0,
        "Tax Provision": 0.0,
        "Pretax Income": 227000.0,
        "Other Income Expense": 265000.0,
        "Other Non Operating Income Expenses": 604000.0,
        "Special Income Charges": -1927000.0,
        "Gain On Sale Of Business": 0.0,
        "Other Special Charges": 1927000.0,
        "Restructuring And Mergern Acquisition": 0.0,
        "Earnings From Equity Interest": 1726000.0,
        "Gain On Sale Of Security": -138000.0,
        "Net Non Operating Interest Income Expense": -2885000.0,
        "Total Other Finance Cost": 900000.0,
        "Interest Expense Non Operating": 2548000.0,
        "Interest Income Non Operating": 563000.0,
        "Operating Income": 2847000.0,
        "Operating Expense": 17012000.0,
        "Other Operating Expenses": NaN,
        "Depreciation Amortization Depletion Income Statement": 3739000.0,
        "Depreciation And Amortization In Income Statement": 3739000.0,
        "Selling General And Administration": 13273000.0,
        "General And Administrative Expense": NaN,
        "Other Gand A": NaN,
        "Gross Profit": 19859000.0,
        "Cost Of Revenue": 51242000.0,
        "Total Revenue": 71101000.0,
        "Operating Revenue": 71101000.0
    },
    "2023-12-31": {
        "Tax Effect Of Unusual Items": 0.0,
        "Tax Rate For Calcs": 0.0,
        "Normalized EBITDA": 29647000.0,
        "Total Unusual Items": -1817000.0,
        "Total Unusual Items Excluding Goodwill": -1817000.0,
        "Net Income From Continuing Operation Net Minority Interest": 5608000.0,
        "Reconciled Depreciation": 3600000.0,
        "Reconciled Cost Of Revenue": 51722000.0,
        "EBITDA": 27830000.0,
        "EBIT": 24199000.0,
        "Net Interest Income": -4824000.0,
        "Interest Expense": 4106000.0,
        "Interest Income": 486000.0,
        "Normalized Income": 7425000.0,
        "Net Income From Continuing And Discontinued Operation": 5608000.0,
        "Total Expenses": 64855000.0,
        "Total Operating Income As Reported": 22812000.0,
        "Diluted Average Shares": NaN,
        "Basic Average Shares": NaN,
        "Diluted EPS": NaN,
        "Basic EPS": NaN,
        "Diluted NI Availto Com Stockholders": 2991000.0,
        "Net Income Common Stockholders": 2991000.0,
        "Preferred Stock Dividends": 2617000.0,
        "Net Income": 5608000.0,
        "Minority Interests": -14485000.0,
        "Net Income Including Noncontrolling Interests": 20093000.0,
        "Net Income Continuous Operations": 20093000.0,
        "Tax Provision": 0.0,
        "Pretax Income": 20093000.0,
        "Other Income Expense": 2764000.0,
        "Other Non Operating Income Expenses": 489000.0,
        "Special Income Charges": -4208000.0,
        "Gain On Sale Of Business": 0.0,
        "Other Special Charges": 4208000.0,
        "Restructuring And Mergern Acquisition": NaN,
        "Earnings From Equity Interest": 4092000.0,
        "Gain On Sale Of Security": 2391000.0,
        "Net Non Operating Interest Income Expense": -4824000.0,
        "Total Other Finance Cost": 1204000.0,
        "Interest Expense Non Operating": 4106000.0,
        "Interest Income Non Operating": 486000.0,
        "Operating Income": 22153000.0,
        "Operating Expense": 13164000.0,
        "Other Operating Expenses": NaN,
        "Depreciation Amortization Depletion Income Statement": 3631000.0,
        "Depreciation And Amortization In Income Statement": 3631000.0,
        "Selling General And Administration": 9533000.0,
        "General And Administrative Expense": NaN,
        "Other Gand A": NaN,
        "Gross Profit": 35317000.0,
        "Cost Of Revenue": 51691000.0,
        "Total Revenue": 87008000.0,
        "Operating Revenue": 87008000.0
    },
    "2024-03-31": {
        "Tax Effect Of Unusual Items": 0.0,
        "Tax Rate For Calcs": 0.0,
        "Normalized EBITDA": 7381000.0,
        "Total Unusual Items": 403000.0,
        "Total Unusual Items Excluding Goodwill": 403000.0,
        "Net Income From Continuing Operation Net Minority Interest": 2302000.0,
        "Reconciled Depreciation": 3723000.0,
        "Reconciled Cost Of Revenue": 48313000.0,
        "EBITDA": 7784000.0,
        "EBIT": 4061000.0,
        "Net Interest Income": -3961000.0,
        "Interest Expense": 3384000.0,
        "Interest Income": 666000.0,
        "Normalized Income": 1899000.0,
        "Net Income From Continuing And Discontinued Operation": 2302000.0,
        "Total Expenses": 65588000.0,
        "Total Operating Income As Reported": 3570000.0,
        "Diluted Average Shares": 27368204.0,
        "Basic Average Shares": 27368204.0,
        "Diluted EPS": -0.01,
        "Basic EPS": -0.01,
        "Diluted NI Availto Com Stockholders": -316000.0,
        "Net Income Common Stockholders": -316000.0,
        "Preferred Stock Dividends": 2618000.0,
        "Net Income": 2302000.0,
        "Minority Interests": 1625000.0,
        "Net Income Including Noncontrolling Interests": 677000.0,
        "Net Income Continuous Operations": 677000.0,
        "Tax Provision": 0.0,
        "Pretax Income": 677000.0,
        "Other Income Expense": 5274000.0,
        "Other Non Operating Income Expenses": 665000.0,
        "Special Income Charges": NaN,
        "Gain On Sale Of Business": NaN,
        "Other Special Charges": NaN,
        "Restructuring And Mergern Acquisition": NaN,
        "Earnings From Equity Interest": 4206000.0,
        "Gain On Sale Of Security": 403000.0,
        "Net Non Operating Interest Income Expense": -3961000.0,
        "Total Other Finance Cost": 1243000.0,
        "Interest Expense Non Operating": 3384000.0,
        "Interest Income Non Operating": 666000.0,
        "Operating Income": -636000.0,
        "Operating Expense": 17263000.0,
        "Other Operating Expenses": 103000.0,
        "Depreciation Amortization Depletion Income Statement": 3711000.0,
        "Depreciation And Amortization In Income Statement": 3711000.0,
        "Selling General And Administration": 13449000.0,
        "General And Administrative Expense": 13449000.0,
        "Other Gand A": 13449000.0,
        "Gross Profit": 16627000.0,
        "Cost Of Revenue": 48325000.0,
        "Total Revenue": 64952000.0,
        "Operating Revenue": 64952000.0
    },
    "2024-06-30": {
        "Tax Effect Of Unusual Items": 0.0,
        "Tax Rate For Calcs": 0.0,
        "Normalized EBITDA": 9584000.0,
        "Total Unusual Items": 776000.0,
        "Total Unusual Items Excluding Goodwill": 776000.0,
        "Net Income From Continuing Operation Net Minority Interest": 2465000.0,
        "Reconciled Depreciation": 4317000.0,
        "Reconciled Cost Of Revenue": 50943000.0,
        "EBITDA": 10360000.0,
        "EBIT": 6043000.0,
        "Net Interest Income": -4989000.0,
        "Interest Expense": 4135000.0,
        "Interest Income": 484000.0,
        "Normalized Income": 1689000.0,
        "Net Income From Continuing And Discontinued Operation": 2465000.0,
        "Total Expenses": 69061000.0,
        "Total Operating Income As Reported": 5689000.0,
        "Diluted Average Shares": 27674567.0,
        "Basic Average Shares": 27674567.0,
        "Diluted EPS": -0.01,
        "Basic EPS": -0.01,
        "Diluted NI Availto Com Stockholders": -153000.0,
        "Net Income Common Stockholders": -153000.0,
        "Preferred Stock Dividends": 2618000.0,
        "Net Income": 2465000.0,
        "Minority Interests": 557000.0,
        "Net Income Including Noncontrolling Interests": 1908000.0,
        "Net Income Continuous Operations": 1908000.0,
        "Tax Provision": 0.0,
        "Pretax Income": 1908000.0,
        "Other Income Expense": 5008000.0,
        "Other Non Operating Income Expenses": 432000.0,
        "Special Income Charges": 0.0,
        "Gain On Sale Of Business": 0.0,
        "Other Special Charges": NaN,
        "Restructuring And Mergern Acquisition": NaN,
        "Earnings From Equity Interest": 3800000.0,
        "Gain On Sale Of Security": 776000.0,
        "Net Non Operating Interest Income Expense": -4989000.0,
        "Total Other Finance Cost": 1338000.0,
        "Interest Expense Non Operating": 4135000.0,
        "Interest Income Non Operating": 484000.0,
        "Operating Income": 1889000.0,
        "Operating Expense": 18070000.0,
        "Other Operating Expenses": NaN,
        "Depreciation Amortization Depletion Income Statement": 4269000.0,
        "Depreciation And Amortization In Income Statement": 4269000.0,
        "Selling General And Administration": 13801000.0,
        "General And Administrative Expense": 13801000.0,
        "Other Gand A": 13801000.0,
        "Gross Profit": 19959000.0,
        "Cost Of Revenue": 50991000.0,
        "Total Revenue": 70950000.0,
        "Operating Revenue": 70950000.0
    },
    "2024-09-30": {
        "Tax Effect Of Unusual Items": 0.0,
        "Tax Rate For Calcs": 0.0,
        "Normalized EBITDA": 23823000.0,
        "Total Unusual Items": -6165000.0,
        "Total Unusual Items Excluding Goodwill": -6165000.0,
        "Net Income From Continuing Operation Net Minority Interest": 4979000.0,
        "Reconciled Depreciation": 4858000.0,
        "Reconciled Cost Of Revenue": 51207000.0,
        "EBITDA": 17658000.0,
        "EBIT": 12800000.0,
        "Net Interest Income": -5026000.0,
        "Interest Expense": 4599000.0,
        "Interest Income": 428000.0,
        "Normalized Income": 11144000.0,
        "Net Income From Continuing And Discontinued Operation": 4979000.0,
        "Total Expenses": 68757000.0,
        "Total Operating Income As Reported": 12309000.0,
        "Diluted Average Shares": 27743417.0,
        "Basic Average Shares": 27709203.0,
        "Diluted EPS": 0.09,
        "Basic EPS": 0.09,
        "Diluted NI Availto Com Stockholders": 2362000.0,
        "Net Income Common Stockholders": 2362000.0,
        "Preferred Stock Dividends": 2617000.0,
        "Net Income": 4979000.0,
        "Minority Interests": -12128000.0,
        "Net Income Including Noncontrolling Interests": 17107000.0,
        "Net Income Continuous Operations": 17107000.0,
        "Tax Provision": -8906000.0,
        "Pretax Income": 8201000.0,
        "Other Income Expense": -2063000.0,
        "Other Non Operating Income Expenses": 280000.0,
        "Special Income Charges": -6454000.0,
        "Gain On Sale Of Business": 0.0,
        "Other Special Charges": 6454000.0,
        "Restructuring And Mergern Acquisition": NaN,
        "Earnings From Equity Interest": 3822000.0,
        "Gain On Sale Of Security": 289000.0,
        "Net Non Operating Interest Income Expense": -5026000.0,
        "Total Other Finance Cost": 855000.0,
        "Interest Expense Non Operating": 4599000.0,
        "Interest Income Non Operating": 428000.0,
        "Operating Income": 15290000.0,
        "Operating Expense": 17389000.0,
        "Other Operating Expenses": NaN,
        "Depreciation Amortization Depletion Income Statement": 4697000.0,
        "Depreciation And Amortization In Income Statement": 4697000.0,
        "Selling General And Administration": 12692000.0,
        "General And Administrative Expense": NaN,
        "Other Gand A": NaN,
        "Gross Profit": 32679000.0,
        "Cost Of Revenue": 51368000.0,
        "Total Revenue": 84047000.0,
        "Operating Revenue": 84047000.0
    }
}