{
    "2023-03-31": {
        "Tax Effect Of Unusual Items": 0.0,
        "Tax Rate For Calcs": 0.0,
        "Normalized EBITDA": -4689553.0,
        "Total Unusual Items": -79300.0,
        "Total Unusual Items Excluding Goodwill": -79300.0,
        "Net Income From Continuing Operation Net Minority Interest": -5736603.0,
        "Reconciled Depreciation": 350452.0,
        "Reconciled Cost Of Revenue": 720684.0,
        "EBITDA": -4768853.0,
        "EBIT": -5119305.0,
        "Net Interest Income": -587192.0,
        "Interest Expense": 617298.0,
        "Interest Income": 30106.0,
        "Normalized Income": -5657303.0,
        "Net Income From Continuing And Discontinued Operation": -5736603.0,
        "Total Expenses": 5983555.0,
        "Total Operating Income As Reported": -5070111.0,
        "Diluted Average Shares": 457727.0,
        "Basic Average Shares": 457727.0,
        "Diluted EPS": -12.53,
        "Basic EPS": -12.53,
        "Diluted NI Availto Com Stockholders": -5736603.0,
        "Net Income Common Stockholders": -5736603.0,
        "Otherunder Preferred Stock Dividend": 0.0,
        "Net Income": -5736603.0,
        "Net Income Including Noncontrolling Interests": -5736603.0,
        "Net Income Continuous Operations": -5736603.0,
        "Tax Provision": 0.0,
        "Pretax Income": -5736603.0,
        "Other Income Expense": -79300.0,
        "Other Non Operating Income Expenses": NaN,
        "Special Income Charges": 0.0,
        "Other Special Charges": NaN,
        "Impairment Of Capital Assets": NaN,
        "Gain On Sale Of Security": -79300.0,
        "Net Non Operating Interest Income Expense": -587192.0,
        "Interest Expense Non Operating": 617298.0,
        "Interest Income Non Operating": 30106.0,
        "Operating Income": -5070111.0,
        "Operating Expense": 5262871.0,
        "Research And Development": 1812831.0,
        "Selling General And Administration": 3450040.0,
        "Selling And Marketing Expense": 1026087.0,
        "General And Administrative Expense": 2423953.0,
        "Other Gand A": 2423953.0,
        "Salaries And Wages": NaN,
        "Gross Profit": 192760.0,
        "Cost Of Revenue": 720684.0,
        "Total Revenue": 913444.0,
        "Operating Revenue": 913444.0
    },
    "2022-12-31": {
        "Tax Effect Of Unusual Items": NaN,
        "Tax Rate For Calcs": NaN,
        "Normalized EBITDA": NaN,
        "Total Unusual Items": NaN,
        "Total Unusual Items Excluding Goodwill": NaN,
        "Net Income From Continuing Operation Net Minority Interest": NaN,
        "Reconciled Depreciation": NaN,
        "Reconciled Cost Of Revenue": NaN,
        "EBITDA": NaN,
        "EBIT": NaN,
        "Net Interest Income": NaN,
        "Interest Expense": NaN,
        "Interest Income": NaN,
        "Normalized Income": NaN,
        "Net Income From Continuing And Discontinued Operation": NaN,
        "Total Expenses": NaN,
        "Total Operating Income As Reported": NaN,
        "Diluted Average Shares": 272057.0,
        "Basic Average Shares": 272057.0,
        "Diluted EPS": -38.7,
        "Basic EPS": -38.7,
        "Diluted NI Availto Com Stockholders": NaN,
        "Net Income Common Stockholders": NaN,
        "Otherunder Preferred Stock Dividend": NaN,
        "Net Income": NaN,
        "Net Income Including Noncontrolling Interests": NaN,
        "Net Income Continuous Operations": NaN,
        "Tax Provision": NaN,
        "Pretax Income": NaN,
        "Other Income Expense": NaN,
        "Other Non Operating Income Expenses": NaN,
        "Special Income Charges": -5372728.0,
        "Other Special Charges": NaN,
        "Impairment Of Capital Assets": 5372728.0,
        "Gain On Sale Of Security": NaN,
        "Net Non Operating Interest Income Expense": NaN,
        "Interest Expense Non Operating": NaN,
        "Interest Income Non Operating": NaN,
        "Operating Income": NaN,
        "Operating Expense": NaN,
        "Research And Development": NaN,
        "Selling General And Administration": NaN,
        "Selling And Marketing Expense": NaN,
        "General And Administrative Expense": NaN,
        "Other Gand A": NaN,
        "Salaries And Wages": NaN,
        "Gross Profit": NaN,
        "Cost Of Revenue": NaN,
        "Total Revenue": NaN,
        "Operating Revenue": NaN
    },
    "2022-09-30": {
        "Tax Effect Of Unusual Items": NaN,
        "Tax Rate For Calcs": NaN,
        "Normalized EBITDA": NaN,
        "Total Unusual Items": NaN,
        "Total Unusual Items Excluding Goodwill": NaN,
        "Net Income From Continuing Operation Net Minority Interest": NaN,
        "Reconciled Depreciation": NaN,
        "Reconciled Cost Of Revenue": NaN,
        "EBITDA": NaN,
        "EBIT": NaN,
        "Net Interest Income": NaN,
        "Interest Expense": NaN,
        "Interest Income": NaN,
        "Normalized Income": NaN,
        "Net Income From Continuing And Discontinued Operation": NaN,
        "Total Expenses": NaN,
        "Total Operating Income As Reported": NaN,
        "Diluted Average Shares": 238284.0,
        "Basic Average Shares": 238284.0,
        "Diluted EPS": -59.2,
        "Basic EPS": -59.2,
        "Diluted NI Availto Com Stockholders": NaN,
        "Net Income Common Stockholders": NaN,
        "Net Income": NaN,
        "Net Income Including Noncontrolling Interests": NaN,
        "Net Income Continuous Operations": NaN,
        "Tax Provision": NaN,
        "Pretax Income": NaN,
        "Other Income Expense": NaN,
        "Special Income Charges": -6975520.0,
        "Impairment Of Capital Assets": 6975520.0,
        "Gain On Sale Of Security": NaN,
        "Net Non Operating Interest Income Expense": NaN,
        "Interest Expense Non Operating": NaN,
        "Interest Income Non Operating": NaN,
        "Operating Income": NaN,
        "Operating Expense": NaN,
        "Research And Development": NaN,
        "Selling General And Administration": NaN,
        "Selling And Marketing Expense": NaN,
        "General And Administrative Expense": NaN,
        "Other Gand A": NaN,
        "Salaries And Wages": NaN,
        "Gross Profit": NaN,
        "Cost Of Revenue": NaN,
        "Total Revenue": NaN,
        "Operating Revenue": NaN
    },
    "2022-06-30": {
        "Tax Effect Of Unusual Items": 0.0,
        "Tax Rate For Calcs": 0.0,
        "Normalized EBITDA": -5258354.0,
        "Total Unusual Items": 197851.0,
        "Total Unusual Items Excluding Goodwill": 197851.0,
        "Net Income From Continuing Operation Net Minority Interest": -5840415.0,
        "Reconciled Depreciation": 464018.0,
        "Reconciled Cost Of Revenue": 662039.0,
        "EBITDA": -5060503.0,
        "EBIT": -5060503.0,
        "Net Interest Income": -766061.0,
        "Interest Expense": 779912.0,
        "Interest Income": 13851.0,
        "Normalized Income": -6038266.0,
        "Net Income From Continuing And Discontinued Operation": -5840415.0,
        "Total Expenses": 6239410.0,
        "Total Operating Income As Reported": -5272205.0,
        "Diluted Average Shares": 2328725.0,
        "Basic Average Shares": 2328725.0,
        "Diluted EPS": -2.51,
        "Basic EPS": -2.51,
        "Diluted NI Availto Com Stockholders": -5840415.0,
        "Net Income Common Stockholders": -5840415.0,
        "Otherunder Preferred Stock Dividend": NaN,
        "Net Income": -5840415.0,
        "Net Income Including Noncontrolling Interests": -5840415.0,
        "Net Income Continuous Operations": -5840415.0,
        "Tax Provision": 0.0,
        "Pretax Income": -5840415.0,
        "Other Income Expense": 197851.0,
        "Special Income Charges": 0.0,
        "Impairment Of Capital Assets": 0.0,
        "Gain On Sale Of Security": 197851.0,
        "Net Non Operating Interest Income Expense": -766061.0,
        "Interest Expense Non Operating": 779912.0,
        "Interest Income Non Operating": 13851.0,
        "Operating Income": -5272205.0,
        "Operating Expense": 5577371.0,
        "Research And Development": 2273756.0,
        "Selling General And Administration": 3303615.0,
        "Selling And Marketing Expense": 1169349.0,
        "General And Administrative Expense": 2134266.0,
        "Other Gand A": 2134266.0,
        "Salaries And Wages": NaN,
        "Gross Profit": 305166.0,
        "Cost Of Revenue": 662039.0,
        "Total Revenue": 967205.0,
        "Operating Revenue": 967205.0
    },
    "2022-03-31": {
        "Diluted EPS": -2.93,
        "Total Revenue": 0,
        "Gross Profit": 0,
        "Operating Income": -6,
        "EBIT": -5,
        "Net Income": -7
    },
    "2021-12-31": {
        "Diluted EPS": -5.89,
        "Total Revenue": 1,
        "Gross Profit": 1,
        "Operating Income": -6,
        "EBIT": -5,
        "Net Income": -14
    },
    "2021-09-30": {
        "Diluted EPS": -3.2,
        "Total Revenue": 1,
        "Gross Profit": 0,
        "Operating Income": -5,
        "EBIT": -4,
        "Net Income": -6
    },
    "2021-06-30": {
        "Diluted EPS": -3.8,
        "Total Revenue": 1,
        "Gross Profit": 0,
        "Operating Income": -6,
        "EBIT": -5,
        "Net Income": -7
    },
    "2021-03-31": {
        "Diluted EPS": -10.0,
        "Total Revenue": 1,
        "Gross Profit": 0,
        "Operating Income": -6,
        "EBIT": -6,
        "Net Income": -15
    },
    "2020-12-31": {
        "Diluted EPS": -4.8,
        "Total Revenue": 1,
        "Gross Profit": 0,
        "Operating Income": -6,
        "EBIT": -5,
        "Net Income": -7
    },
    "2020-09-30": {
        "Diluted EPS": -8.0,
        "Total Revenue": 1,
        "Gross Profit": 0,
        "Operating Income": -6,
        "EBIT": -5,
        "Net Income": -8
    },
    "2020-06-30": {
        "Diluted EPS": -9.8,
        "Total Revenue": 1,
        "Gross Profit": 0,
        "Operating Income": -7,
        "EBIT": -6,
        "Net Income": -7
    },
    "2020-03-31": {
        "Diluted EPS": -10.6,
        "Total Revenue": 1,
        "Gross Profit": 0,
        "Operating Income": -4,
        "EBIT": -4,
        "Net Income": -4
    },
    "2019-12-31": {
        "Diluted EPS": 148.8,
        "Total Revenue": 1,
        "Gross Profit": 0,
        "Operating Income": -3,
        "EBIT": -2,
        "Net Income": -3
    },
    "2019-09-30": {
        "Diluted EPS": -79.0,
        "Total Revenue": 1,
        "Gross Profit": 0,
        "Operating Income": -3,
        "EBIT": -3,
        "Net Income": -3
    },
    "2019-06-30": {
        "Diluted EPS": -58.8,
        "Total Revenue": 1,
        "Gross Profit": 1,
        "Operating Income": -3,
        "EBIT": -2,
        "Net Income": -3
    },
    "2019-03-31": {
        "Diluted EPS": -165.0,
        "Total Revenue": 1,
        "Gross Profit": 1,
        "Operating Income": -4,
        "EBIT": -4,
        "Net Income": -4
    },
    "2018-12-31": {
        "Diluted EPS": -148.4,
        "Total Revenue": 1,
        "Gross Profit": 0,
        "Operating Income": -4,
        "EBIT": -3,
        "Net Income": -4
    },
    "2018-09-30": {
        "Diluted EPS": -213.4,
        "Total Revenue": 1,
        "Gross Profit": 0,
        "Operating Income": -3,
        "EBIT": -3,
        "Net Income": -3
    },
    "2018-06-30": {
        "Diluted EPS": -228.0,
        "Total Revenue": 1,
        "Gross Profit": 0,
        "Operating Income": -3,
        "EBIT": -3,
        "Net Income": -3
    },
    "2018-03-31": {
        "Diluted EPS": -300.0,
        "Total Revenue": 1,
        "Gross Profit": 0,
        "Operating Income": -3,
        "EBIT": -3,
        "Net Income": -3
    },
    "2017-12-31": {
        "Diluted EPS": 176.0,
        "Total Revenue": 1,
        "Gross Profit": 0,
        "Operating Income": -3,
        "EBIT": -3,
        "Net Income": -3
    },
    "2017-09-30": {
        "Diluted EPS": -696.0,
        "Total Revenue": 1,
        "Gross Profit": 0,
        "Operating Income": -3,
        "EBIT": -3,
        "Net Income": -3
    },
    "2017-06-30": {
        "Diluted EPS": NaN,
        "Total Revenue": 1,
        "Gross Profit": 0,
        "Operating Income": -4,
        "EBIT": -4,
        "Net Income": -4
    },
    "2017-03-31": {
        "Diluted EPS": NaN,
        "Total Revenue": 1,
        "Gross Profit": 0,
        "Operating Income": -5,
        "EBIT": -5,
        "Net Income": -5
    },
    "2016-12-31": {
        "Diluted EPS": NaN,
        "Total Revenue": 1,
        "Gross Profit": 0,
        "Operating Income": -5,
        "EBIT": -5,
        "Net Income": -5
    },
    "2016-09-30": {
        "Diluted EPS": NaN,
        "Total Revenue": 1,
        "Gross Profit": 0,
        "Operating Income": -5,
        "EBIT": -5,
        "Net Income": -5
    },
    "2016-06-30": {
        "Diluted EPS": NaN,
        "Total Revenue": 1,
        "Gross Profit": 1,
        "Operating Income": -5,
        "EBIT": -5,
        "Net Income": -5
    },
    "2016-03-31": {
        "Diluted EPS": NaN,
        "Total Revenue": 1,
        "Gross Profit": 0,
        "Operating Income": -4,
        "EBIT": -4,
        "Net Income": -5
    },
    "2015-12-31": {
        "Diluted EPS": NaN,
        "Total Revenue": 1,
        "Gross Profit": 1,
        "Operating Income": -5,
        "EBIT": -5,
        "Net Income": -5
    },
    "2015-09-30": {
        "Diluted EPS": NaN,
        "Total Revenue": 1,
        "Gross Profit": 0,
        "Operating Income": -5,
        "EBIT": -4,
        "Net Income": -5
    },
    "2015-06-30": {
        "Diluted EPS": NaN,
        "Total Revenue": 0,
        "Gross Profit": 0,
        "Operating Income": -3,
        "EBIT": -3,
        "Net Income": -5
    },
    "2015-03-31": {
        "Diluted EPS": NaN,
        "Total Revenue": 0,
        "Gross Profit": 0,
        "Operating Income": -3,
        "EBIT": -2,
        "Net Income": -3
    },
    "2014-12-31": {
        "Diluted EPS": NaN,
        "Total Revenue": 1,
        "Gross Profit": 1,
        "Operating Income": -1,
        "EBIT": -1,
        "Net Income": -1
    },
    "2014-09-30": {
        "Diluted EPS": NaN,
        "Total Revenue": 1,
        "Gross Profit": 1,
        "Operating Income": -2,
        "EBIT": -1,
        "Net Income": -2
    },
    "2014-06-30": {
        "Diluted EPS": NaN,
        "Total Revenue": 1,
        "Gross Profit": 1,
        "Operating Income": -1,
        "EBIT": -1,
        "Net Income": -2
    },
    "2014-03-31": {
        "Diluted EPS": NaN,
        "Total Revenue": 1,
        "Gross Profit": 1,
        "Operating Income": -1,
        "EBIT": -1,
        "Net Income": -1
    },
    "2013-12-31": {
        "Diluted EPS": 0.0,
        "Total Revenue": NaN,
        "Gross Profit": NaN,
        "Operating Income": NaN,
        "EBIT": NaN,
        "Net Income": NaN
    },
    "2023-06-30": {
        "Tax Effect Of Unusual Items": 0.0,
        "Tax Rate For Calcs": 0.0,
        "Normalized EBITDA": -4753706.0,
        "Total Unusual Items": -17684.0,
        "Total Unusual Items Excluding Goodwill": -17684.0,
        "Net Income From Continuing Operation Net Minority Interest": -5827323.0,
        "Reconciled Depreciation": 371435.0,
        "Reconciled Cost Of Revenue": 918494.0,
        "EBITDA": -4771390.0,
        "EBIT": -5142825.0,
        "Net Interest Income": -653283.0,
        "Interest Expense": 684498.0,
        "Interest Income": 31215.0,
        "Normalized Income": -5809639.0,
        "Net Income From Continuing And Discontinued Operation": -5827323.0,
        "Total Expenses": 5892493.0,
        "Total Operating Income As Reported": -5156356.0,
        "Diluted Average Shares": 624632.0,
        "Basic Average Shares": 624632.0,
        "Diluted EPS": -9.3,
        "Basic EPS": -9.3,
        "Diluted NI Availto Com Stockholders": -5827323.0,
        "Net Income Common Stockholders": -5827323.0,
        "Otherunder Preferred Stock Dividend": NaN,
        "Net Income": -5827323.0,
        "Net Income Including Noncontrolling Interests": -5827323.0,
        "Net Income Continuous Operations": -5827323.0,
        "Tax Provision": 0.0,
        "Pretax Income": -5827323.0,
        "Other Income Expense": -17684.0,
        "Other Non Operating Income Expenses": NaN,
        "Special Income Charges": NaN,
        "Other Special Charges": NaN,
        "Impairment Of Capital Assets": NaN,
        "Gain On Sale Of Security": -17684.0,
        "Net Non Operating Interest Income Expense": -653283.0,
        "Interest Expense Non Operating": 684498.0,
        "Interest Income Non Operating": 31215.0,
        "Operating Income": -5156356.0,
        "Operating Expense": 4973999.0,
        "Research And Development": 1388792.0,
        "Selling General And Administration": 3585207.0,
        "Selling And Marketing Expense": 1160200.0,
        "General And Administrative Expense": 2425007.0,
        "Other Gand A": 2425007.0,
        "Salaries And Wages": 109064.0,
        "Gross Profit": -182357.0,
        "Cost Of Revenue": 918494.0,
        "Total Revenue": 736137.0,
        "Operating Revenue": 736137.0
    },
    "2023-09-30": {
        "Tax Effect Of Unusual Items": 0.0,
        "Tax Rate For Calcs": 0.0,
        "Normalized EBITDA": -3191954.0,
        "Total Unusual Items": -125541.0,
        "Total Unusual Items Excluding Goodwill": -125541.0,
        "Net Income From Continuing Operation Net Minority Interest": -4062957.0,
        "Reconciled Depreciation": 348694.0,
        "Reconciled Cost Of Revenue": 691970.0,
        "EBITDA": -3317495.0,
        "EBIT": -3666189.0,
        "Net Interest Income": -371791.0,
        "Interest Expense": 396768.0,
        "Interest Income": 24977.0,
        "Normalized Income": -3937416.0,
        "Net Income From Continuing And Discontinued Operation": -4062957.0,
        "Total Expenses": 4264647.0,
        "Total Operating Income As Reported": -3565625.0,
        "Diluted Average Shares": 877815.0,
        "Basic Average Shares": 877815.0,
        "Diluted EPS": -4.6,
        "Basic EPS": -4.6,
        "Diluted NI Availto Com Stockholders": -4062957.0,
        "Net Income Common Stockholders": -4062957.0,
        "Otherunder Preferred Stock Dividend": NaN,
        "Net Income": -4062957.0,
        "Net Income Including Noncontrolling Interests": -4062957.0,
        "Net Income Continuous Operations": -4062957.0,
        "Tax Provision": 0.0,
        "Pretax Income": -4062957.0,
        "Other Income Expense": -125541.0,
        "Other Non Operating Income Expenses": NaN,
        "Special Income Charges": 0.0,
        "Other Special Charges": NaN,
        "Impairment Of Capital Assets": 0.0,
        "Gain On Sale Of Security": -125541.0,
        "Net Non Operating Interest Income Expense": -371791.0,
        "Interest Expense Non Operating": 396768.0,
        "Interest Income Non Operating": 24977.0,
        "Operating Income": -3565625.0,
        "Operating Expense": 3572677.0,
        "Research And Development": 1201865.0,
        "Selling General And Administration": 2370812.0,
        "Selling And Marketing Expense": 336184.0,
        "General And Administrative Expense": 2034628.0,
        "Other Gand A": 2034628.0,
        "Salaries And Wages": NaN,
        "Gross Profit": 7052.0,
        "Cost Of Revenue": 691970.0,
        "Total Revenue": 699022.0,
        "Operating Revenue": 699022.0
    },
    "2023-12-31": {
        "Tax Effect Of Unusual Items": 0.0,
        "Tax Rate For Calcs": 0.0,
        "Normalized EBITDA": -1592180.0,
        "Total Unusual Items": -15061082.0,
        "Total Unusual Items Excluding Goodwill": -15061082.0,
        "Net Income From Continuing Operation Net Minority Interest": -17041647.0,
        "Reconciled Depreciation": 248016.0,
        "Reconciled Cost Of Revenue": 1177866.0,
        "EBITDA": -16653262.0,
        "EBIT": -16901278.0,
        "Net Interest Income": -84182.0,
        "Interest Expense": 140369.0,
        "Interest Income": 56187.0,
        "Normalized Income": -1980565.0,
        "Net Income From Continuing And Discontinued Operation": -17041647.0,
        "Total Expenses": 2966102.0,
        "Total Operating Income As Reported": -16956561.0,
        "Diluted Average Shares": NaN,
        "Basic Average Shares": NaN,
        "Diluted EPS": NaN,
        "Basic EPS": NaN,
        "Diluted NI Availto Com Stockholders": -17041647.0,
        "Net Income Common Stockholders": -17041647.0,
        "Otherunder Preferred Stock Dividend": NaN,
        "Net Income": -17041647.0,
        "Net Income Including Noncontrolling Interests": -17041647.0,
        "Net Income Continuous Operations": -17041647.0,
        "Tax Provision": 0.0,
        "Pretax Income": -17041647.0,
        "Other Income Expense": -15061082.0,
        "Other Non Operating Income Expenses": NaN,
        "Special Income Charges": -15060178.0,
        "Other Special Charges": NaN,
        "Impairment Of Capital Assets": 2081117.0,
        "Gain On Sale Of Security": -904.0,
        "Net Non Operating Interest Income Expense": -84182.0,
        "Interest Expense Non Operating": 140369.0,
        "Interest Income Non Operating": 56187.0,
        "Operating Income": -1896383.0,
        "Operating Expense": 1788236.0,
        "Research And Development": 329363.0,
        "Selling General And Administration": 1458873.0,
        "Selling And Marketing Expense": 260797.0,
        "General And Administrative Expense": 1198076.0,
        "Other Gand A": 1198076.0,
        "Salaries And Wages": NaN,
        "Gross Profit": -108147.0,
        "Cost Of Revenue": 1177866.0,
        "Total Revenue": 1069719.0,
        "Operating Revenue": 1069719.0
    },
    "2024-03-31": {
        "Tax Effect Of Unusual Items": 0.0,
        "Tax Rate For Calcs": 0.0,
        "Normalized EBITDA": -1749655.0,
        "Total Unusual Items": 2135826.0,
        "Total Unusual Items Excluding Goodwill": 2135826.0,
        "Net Income From Continuing Operation Net Minority Interest": 386033.0,
        "Reconciled Depreciation": 138.0,
        "Reconciled Cost Of Revenue": 74811.0,
        "EBITDA": 386171.0,
        "EBIT": 386033.0,
        "Net Interest Income": 9.0,
        "Interest Expense": 0.0,
        "Interest Income": 9.0,
        "Normalized Income": -1749793.0,
        "Net Income From Continuing And Discontinued Operation": 386033.0,
        "Total Expenses": 1871367.0,
        "Total Operating Income As Reported": -1703218.0,
        "Diluted Average Shares": 1331578.0,
        "Basic Average Shares": 1284305.0,
        "Diluted EPS": 0.207,
        "Basic EPS": 0.212,
        "Diluted NI Availto Com Stockholders": 272808.0,
        "Net Income Common Stockholders": 272808.0,
        "Otherunder Preferred Stock Dividend": 113225.0,
        "Net Income": 386033.0,
        "Net Income Including Noncontrolling Interests": 386033.0,
        "Net Income Continuous Operations": 386033.0,
        "Tax Provision": 0.0,
        "Pretax Income": 386033.0,
        "Other Income Expense": 2089242.0,
        "Other Non Operating Income Expenses": -46584.0,
        "Special Income Charges": 2135545.0,
        "Other Special Charges": -2135545.0,
        "Impairment Of Capital Assets": NaN,
        "Gain On Sale Of Security": 281.0,
        "Net Non Operating Interest Income Expense": 9.0,
        "Interest Expense Non Operating": 0.0,
        "Interest Income Non Operating": 9.0,
        "Operating Income": -1703218.0,
        "Operating Expense": 1796556.0,
        "Research And Development": 25856.0,
        "Selling General And Administration": 1770700.0,
        "Selling And Marketing Expense": 128646.0,
        "General And Administrative Expense": 1642054.0,
        "Other Gand A": 1642054.0,
        "Salaries And Wages": NaN,
        "Gross Profit": 93338.0,
        "Cost Of Revenue": 74811.0,
        "Total Revenue": 168149.0,
        "Operating Revenue": 168149.0
    }
}