{
    "2023-03-31": {
        "Tax Effect Of Unusual Items": NaN,
        "Tax Rate For Calcs": NaN,
        "Total Unusual Items": NaN,
        "Total Unusual Items Excluding Goodwill": NaN,
        "Net Income From Continuing Operation Net Minority Interest": NaN,
        "Reconciled Depreciation": NaN,
        "Net Interest Income": NaN,
        "Interest Expense": NaN,
        "Interest Income": NaN,
        "Normalized Income": NaN,
        "Net Income From Continuing And Discontinued Operation": NaN,
        "Diluted Average Shares": 7204168.0,
        "Basic Average Shares": 7204168.0,
        "Diluted EPS": 0.16,
        "Basic EPS": 0.16,
        "Diluted NI Availto Com Stockholders": NaN,
        "Net Income Common Stockholders": NaN,
        "Net Income": NaN,
        "Net Income Including Noncontrolling Interests": NaN,
        "Net Income Continuous Operations": NaN,
        "Tax Provision": NaN,
        "Pretax Income": NaN,
        "Special Income Charges": NaN,
        "Other Special Charges": NaN,
        "Selling General And Administration": NaN,
        "General And Administrative Expense": NaN,
        "Salaries And Wages": NaN,
        "Total Revenue": NaN,
        "Operating Revenue": NaN,
        "Occupancy And Equipment": NaN,
        "Professional Expense And Contract Services Expense": NaN,
        "Other Non Interest Expense": NaN
    },
    "2022-12-31": {
        "Tax Effect Of Unusual Items": NaN,
        "Tax Rate For Calcs": NaN,
        "Total Unusual Items": NaN,
        "Total Unusual Items Excluding Goodwill": NaN,
        "Net Income From Continuing Operation Net Minority Interest": NaN,
        "Reconciled Depreciation": NaN,
        "Net Interest Income": NaN,
        "Interest Expense": NaN,
        "Interest Income": NaN,
        "Normalized Income": NaN,
        "Net Income From Continuing And Discontinued Operation": NaN,
        "Diluted Average Shares": NaN,
        "Basic Average Shares": NaN,
        "Diluted EPS": NaN,
        "Basic EPS": NaN,
        "Diluted NI Availto Com Stockholders": NaN,
        "Net Income Common Stockholders": NaN,
        "Net Income": NaN,
        "Net Income Including Noncontrolling Interests": NaN,
        "Net Income Continuous Operations": NaN,
        "Tax Provision": NaN,
        "Pretax Income": NaN,
        "Special Income Charges": NaN,
        "Other Special Charges": NaN,
        "Selling General And Administration": NaN,
        "General And Administrative Expense": NaN,
        "Insurance And Claims": 24000.0,
        "Salaries And Wages": NaN,
        "Total Revenue": NaN,
        "Operating Revenue": NaN,
        "Occupancy And Equipment": NaN,
        "Professional Expense And Contract Services Expense": NaN,
        "Other Non Interest Expense": NaN
    },
    "2022-09-30": {
        "Tax Effect Of Unusual Items": NaN,
        "Tax Rate For Calcs": NaN,
        "Total Unusual Items": 0.0,
        "Total Unusual Items Excluding Goodwill": 0.0,
        "Net Income From Continuing Operation Net Minority Interest": NaN,
        "Reconciled Depreciation": NaN,
        "Net Interest Income": NaN,
        "Interest Expense": NaN,
        "Interest Income": NaN,
        "Normalized Income": NaN,
        "Net Income From Continuing And Discontinued Operation": NaN,
        "Diluted Average Shares": 6065648.0,
        "Basic Average Shares": 6065648.0,
        "Diluted EPS": 0.11,
        "Basic EPS": 0.11,
        "Diluted NI Availto Com Stockholders": NaN,
        "Net Income Common Stockholders": NaN,
        "Net Income": NaN,
        "Net Income Including Noncontrolling Interests": NaN,
        "Net Income Continuous Operations": NaN,
        "Tax Provision": NaN,
        "Pretax Income": NaN,
        "Special Income Charges": 0.0,
        "Other Special Charges": NaN,
        "Selling General And Administration": NaN,
        "General And Administrative Expense": NaN,
        "Other Gand A": 370000.0,
        "Insurance And Claims": 24000.0,
        "Salaries And Wages": NaN,
        "Total Revenue": NaN,
        "Operating Revenue": NaN
    },
    "2022-06-30": {
        "Tax Effect Of Unusual Items": 0.0,
        "Tax Rate For Calcs": 0.253555,
        "Net Income From Continuing Operation Net Minority Interest": 945000.0,
        "Reconciled Depreciation": 120000.0,
        "Net Interest Income": 3753000.0,
        "Interest Expense": 272000.0,
        "Interest Income": 4025000.0,
        "Normalized Income": 945000.0,
        "Net Income From Continuing And Discontinued Operation": 945000.0,
        "Diluted Average Shares": 6007484.0,
        "Basic Average Shares": 6007484.0,
        "Diluted EPS": 0.16,
        "Basic EPS": 0.16,
        "Diluted NI Availto Com Stockholders": 945000.0,
        "Net Income Common Stockholders": 945000.0,
        "Net Income": 945000.0,
        "Net Income Including Noncontrolling Interests": 945000.0,
        "Net Income Continuous Operations": 945000.0,
        "Tax Provision": 321000.0,
        "Pretax Income": 1266000.0,
        "Selling General And Administration": 1331000.0,
        "General And Administrative Expense": 1331000.0,
        "Other Gand A": 308000.0,
        "Insurance And Claims": 24000.0,
        "Salaries And Wages": 1307000.0,
        "Total Revenue": 4517000.0,
        "Operating Revenue": 4517000.0
    },
    "2022-03-31": {
        "Diluted EPS": 0.17,
        "Total Revenue": 4,
        "Gross Profit": 4,
        "Operating Income": 1,
        "EBIT": NaN,
        "Net Income": 1
    },
    "2021-12-31": {
        "Diluted EPS": 1.15,
        "Total Revenue": 4,
        "Gross Profit": 4,
        "Operating Income": 1,
        "EBIT": NaN,
        "Net Income": 5
    },
    "2021-09-30": {
        "Diluted EPS": 0.21,
        "Total Revenue": 3,
        "Gross Profit": 3,
        "Operating Income": 1,
        "EBIT": NaN,
        "Net Income": 1
    },
    "2021-06-30": {
        "Diluted EPS": 0.14,
        "Total Revenue": 3,
        "Gross Profit": 2,
        "Operating Income": 0,
        "EBIT": NaN,
        "Net Income": 0
    },
    "2021-03-31": {
        "Diluted EPS": 0.11,
        "Total Revenue": 2,
        "Gross Profit": 2,
        "Operating Income": 0,
        "EBIT": NaN,
        "Net Income": 0
    },
    "2020-12-31": {
        "Diluted EPS": 0.13,
        "Total Revenue": 2,
        "Gross Profit": 2,
        "Operating Income": 0,
        "EBIT": NaN,
        "Net Income": 0
    },
    "2020-09-30": {
        "Diluted EPS": -0.17,
        "Total Revenue": 2,
        "Gross Profit": 1,
        "Operating Income": 0,
        "EBIT": NaN,
        "Net Income": 0
    },
    "2020-06-30": {
        "Diluted EPS": -0.12,
        "Total Revenue": 2,
        "Gross Profit": 1,
        "Operating Income": 0,
        "EBIT": NaN,
        "Net Income": 0
    },
    "2020-03-31": {
        "Diluted EPS": -0.11,
        "Total Revenue": 2,
        "Gross Profit": 1,
        "Operating Income": 0,
        "EBIT": NaN,
        "Net Income": 0
    },
    "2019-12-31": {
        "Diluted EPS": -0.12,
        "Total Revenue": 1,
        "Gross Profit": 1,
        "Operating Income": 0,
        "EBIT": NaN,
        "Net Income": 0
    },
    "2019-09-30": {
        "Diluted EPS": -0.15,
        "Total Revenue": 1,
        "Gross Profit": 1,
        "Operating Income": 0,
        "EBIT": NaN,
        "Net Income": 0
    },
    "2019-06-30": {
        "Diluted EPS": -0.23,
        "Total Revenue": 1,
        "Gross Profit": 1,
        "Operating Income": 0,
        "EBIT": NaN,
        "Net Income": 0
    },
    "2019-03-31": {
        "Diluted EPS": -0.08,
        "Total Revenue": 1,
        "Gross Profit": 1,
        "Operating Income": 0,
        "EBIT": NaN,
        "Net Income": 0
    },
    "2018-12-31": {
        "Diluted EPS": -0.45,
        "Total Revenue": 1,
        "Gross Profit": 1,
        "Operating Income": -1,
        "EBIT": NaN,
        "Net Income": -1
    },
    "2018-09-30": {
        "Diluted EPS": -0.13,
        "Total Revenue": 1,
        "Gross Profit": 1,
        "Operating Income": 0,
        "EBIT": NaN,
        "Net Income": 0
    },
    "2018-06-30": {
        "Diluted EPS": 1.35,
        "Total Revenue": 1,
        "Gross Profit": 1,
        "Operating Income": 2,
        "EBIT": NaN,
        "Net Income": 2
    },
    "2018-03-31": {
        "Diluted EPS": -0.24,
        "Total Revenue": 1,
        "Gross Profit": 1,
        "Operating Income": 0,
        "EBIT": NaN,
        "Net Income": 0
    },
    "2017-12-31": {
        "Diluted EPS": -0.07,
        "Total Revenue": 1,
        "Gross Profit": 1,
        "Operating Income": 0,
        "EBIT": NaN,
        "Net Income": 0
    },
    "2017-09-30": {
        "Diluted EPS": -0.05,
        "Total Revenue": 1,
        "Gross Profit": 1,
        "Operating Income": 0,
        "EBIT": NaN,
        "Net Income": 0
    },
    "2017-06-30": {
        "Diluted EPS": -0.15,
        "Total Revenue": 1,
        "Gross Profit": 1,
        "Operating Income": 0,
        "EBIT": NaN,
        "Net Income": 0
    },
    "2017-03-31": {
        "Diluted EPS": -0.26,
        "Total Revenue": 1,
        "Gross Profit": 1,
        "Operating Income": 0,
        "EBIT": NaN,
        "Net Income": 0
    },
    "2016-12-31": {
        "Diluted EPS": -0.05,
        "Total Revenue": 1,
        "Gross Profit": 1,
        "Operating Income": 0,
        "EBIT": NaN,
        "Net Income": 0
    },
    "2016-09-30": {
        "Diluted EPS": 0.02,
        "Total Revenue": 1,
        "Gross Profit": 1,
        "Operating Income": 0,
        "EBIT": NaN,
        "Net Income": 0
    },
    "2016-06-30": {
        "Diluted EPS": -0.06,
        "Total Revenue": 1,
        "Gross Profit": 1,
        "Operating Income": 0,
        "EBIT": NaN,
        "Net Income": 0
    },
    "2016-03-31": {
        "Diluted EPS": -0.29,
        "Total Revenue": 1,
        "Gross Profit": 1,
        "Operating Income": 0,
        "EBIT": NaN,
        "Net Income": 0
    },
    "2015-12-31": {
        "Diluted EPS": -0.04,
        "Total Revenue": 1,
        "Gross Profit": 1,
        "Operating Income": 0,
        "EBIT": NaN,
        "Net Income": 0
    },
    "2015-09-30": {
        "Diluted EPS": 0.05,
        "Total Revenue": 1,
        "Gross Profit": 1,
        "Operating Income": 0,
        "EBIT": NaN,
        "Net Income": 0
    },
    "2015-06-30": {
        "Diluted EPS": 0.01,
        "Total Revenue": 1,
        "Gross Profit": 1,
        "Operating Income": 0,
        "EBIT": NaN,
        "Net Income": 0
    },
    "2015-03-31": {
        "Diluted EPS": -0.19,
        "Total Revenue": 1,
        "Gross Profit": 1,
        "Operating Income": 0,
        "EBIT": NaN,
        "Net Income": 0
    },
    "2014-12-31": {
        "Diluted EPS": -0.05,
        "Total Revenue": 1,
        "Gross Profit": 1,
        "Operating Income": 0,
        "EBIT": NaN,
        "Net Income": 0
    },
    "2014-09-30": {
        "Diluted EPS": -0.1,
        "Total Revenue": 1,
        "Gross Profit": 1,
        "Operating Income": 0,
        "EBIT": NaN,
        "Net Income": 0
    },
    "2014-06-30": {
        "Diluted EPS": 1.6,
        "Total Revenue": 2,
        "Gross Profit": 2,
        "Operating Income": 1,
        "EBIT": NaN,
        "Net Income": 1
    },
    "2014-03-31": {
        "Diluted EPS": 0.4,
        "Total Revenue": 1,
        "Gross Profit": 1,
        "Operating Income": 0,
        "EBIT": NaN,
        "Net Income": 0
    },
    "2013-12-31": {
        "Diluted EPS": -2.8,
        "Total Revenue": 1,
        "Gross Profit": 1,
        "Operating Income": -2,
        "EBIT": NaN,
        "Net Income": -2
    },
    "2013-09-30": {
        "Diluted EPS": -0.5,
        "Total Revenue": 1,
        "Gross Profit": 1,
        "Operating Income": 0,
        "EBIT": NaN,
        "Net Income": 0
    },
    "2013-06-30": {
        "Diluted EPS": -2.9,
        "Total Revenue": 1,
        "Gross Profit": 1,
        "Operating Income": -2,
        "EBIT": NaN,
        "Net Income": -2
    },
    "2013-03-31": {
        "Diluted EPS": -2.7,
        "Total Revenue": 1,
        "Gross Profit": 1,
        "Operating Income": -2,
        "EBIT": NaN,
        "Net Income": -2
    },
    "2012-12-31": {
        "Diluted EPS": -3.1,
        "Total Revenue": 1,
        "Gross Profit": 1,
        "Operating Income": -2,
        "EBIT": NaN,
        "Net Income": -2
    },
    "2012-09-30": {
        "Diluted EPS": -1.4,
        "Total Revenue": 1,
        "Gross Profit": 1,
        "Operating Income": -1,
        "EBIT": NaN,
        "Net Income": -1
    },
    "2012-06-30": {
        "Diluted EPS": -1.2,
        "Total Revenue": 1,
        "Gross Profit": 1,
        "Operating Income": -1,
        "EBIT": NaN,
        "Net Income": -1
    },
    "2012-03-31": {
        "Diluted EPS": -1.2,
        "Total Revenue": 1,
        "Gross Profit": 1,
        "Operating Income": -1,
        "EBIT": NaN,
        "Net Income": -1
    },
    "2011-12-31": {
        "Diluted EPS": 147.2,
        "Total Revenue": 2,
        "Gross Profit": 1,
        "Operating Income": 0,
        "EBIT": NaN,
        "Net Income": 0
    },
    "2011-09-30": {
        "Diluted EPS": -27.6,
        "Total Revenue": 2,
        "Gross Profit": 1,
        "Operating Income": -1,
        "EBIT": NaN,
        "Net Income": -1
    },
    "2011-06-30": {
        "Diluted EPS": -96.0,
        "Total Revenue": 2,
        "Gross Profit": 1,
        "Operating Income": -2,
        "EBIT": NaN,
        "Net Income": -2
    },
    "2011-03-31": {
        "Diluted EPS": -56.4,
        "Total Revenue": 2,
        "Gross Profit": 1,
        "Operating Income": -1,
        "EBIT": NaN,
        "Net Income": -1
    },
    "2010-12-31": {
        "Diluted EPS": -82.4,
        "Total Revenue": 2,
        "Gross Profit": 1,
        "Operating Income": -1,
        "EBIT": NaN,
        "Net Income": -2
    },
    "2010-09-30": {
        "Diluted EPS": -75.2,
        "Total Revenue": 2,
        "Gross Profit": 1,
        "Operating Income": -2,
        "EBIT": NaN,
        "Net Income": -2
    },
    "2010-06-30": {
        "Diluted EPS": -103.6,
        "Total Revenue": 2,
        "Gross Profit": 1,
        "Operating Income": -2,
        "EBIT": NaN,
        "Net Income": -2
    },
    "2010-03-31": {
        "Diluted EPS": -151.6,
        "Total Revenue": 4,
        "Gross Profit": 3,
        "Operating Income": -3,
        "EBIT": NaN,
        "Net Income": -3
    },
    "2009-12-31": {
        "Diluted EPS": -442.8,
        "Total Revenue": 3,
        "Gross Profit": 1,
        "Operating Income": -11,
        "EBIT": NaN,
        "Net Income": -9
    },
    "2009-09-30": {
        "Diluted EPS": -15.2,
        "Total Revenue": 4,
        "Gross Profit": 1,
        "Operating Income": 0,
        "EBIT": NaN,
        "Net Income": 0
    },
    "2009-06-30": {
        "Diluted EPS": -105.6,
        "Total Revenue": 4,
        "Gross Profit": 2,
        "Operating Income": -3,
        "EBIT": NaN,
        "Net Income": -2
    },
    "2009-03-31": {
        "Diluted EPS": 3.2,
        "Total Revenue": 4,
        "Gross Profit": 2,
        "Operating Income": 0,
        "EBIT": NaN,
        "Net Income": 0
    },
    "2023-06-30": {
        "Tax Effect Of Unusual Items": NaN,
        "Tax Rate For Calcs": NaN,
        "Total Unusual Items": -375000.0,
        "Total Unusual Items Excluding Goodwill": -375000.0,
        "Net Income From Continuing Operation Net Minority Interest": NaN,
        "Reconciled Depreciation": NaN,
        "Net Interest Income": NaN,
        "Interest Expense": NaN,
        "Interest Income": NaN,
        "Normalized Income": NaN,
        "Net Income From Continuing And Discontinued Operation": NaN,
        "Diluted Average Shares": 7250219.0,
        "Basic Average Shares": 7250219.0,
        "Diluted EPS": 0.18,
        "Basic EPS": 0.18,
        "Diluted NI Availto Com Stockholders": NaN,
        "Net Income Common Stockholders": NaN,
        "Net Income": NaN,
        "Net Income Including Noncontrolling Interests": NaN,
        "Net Income Continuous Operations": NaN,
        "Tax Provision": NaN,
        "Pretax Income": NaN,
        "Special Income Charges": -375000.0,
        "Other Special Charges": 375000.0,
        "Selling General And Administration": NaN,
        "General And Administrative Expense": NaN,
        "Salaries And Wages": NaN,
        "Total Revenue": NaN,
        "Operating Revenue": NaN,
        "Occupancy And Equipment": NaN,
        "Professional Expense And Contract Services Expense": NaN,
        "Other Non Interest Expense": NaN
    },
    "2023-09-30": {
        "Tax Effect Of Unusual Items": 0.0,
        "Tax Rate For Calcs": 0.265625,
        "Total Unusual Items": 0.0,
        "Total Unusual Items Excluding Goodwill": 0.0,
        "Net Income From Continuing Operation Net Minority Interest": 1269000.0,
        "Reconciled Depreciation": -1283000.0,
        "Net Interest Income": 5914000.0,
        "Interest Expense": 2988000.0,
        "Interest Income": 8902000.0,
        "Normalized Income": 1269000.0,
        "Net Income From Continuing And Discontinued Operation": 1269000.0,
        "Diluted Average Shares": 7250218.0,
        "Basic Average Shares": 7250218.0,
        "Diluted EPS": 0.18,
        "Basic EPS": 0.18,
        "Diluted NI Availto Com Stockholders": 1269000.0,
        "Net Income Common Stockholders": 1269000.0,
        "Net Income": 1269000.0,
        "Net Income Including Noncontrolling Interests": 1269000.0,
        "Net Income Continuous Operations": 1269000.0,
        "Tax Provision": 459000.0,
        "Pretax Income": 1728000.0,
        "Special Income Charges": 0.0,
        "Other Special Charges": NaN,
        "Selling General And Administration": 2141000.0,
        "General And Administrative Expense": 2141000.0,
        "Salaries And Wages": 2141000.0,
        "Total Revenue": 6825000.0,
        "Operating Revenue": 6825000.0,
        "Occupancy And Equipment": 204000.0,
        "Professional Expense And Contract Services Expense": 161000.0,
        "Other Non Interest Expense": 1145000.0
    },
    "2023-12-31": {
        "Tax Effect Of Unusual Items": 0.0,
        "Tax Rate For Calcs": 0.255766,
        "Total Unusual Items": 0.0,
        "Total Unusual Items Excluding Goodwill": 0.0,
        "Net Income From Continuing Operation Net Minority Interest": 2549000.0,
        "Reconciled Depreciation": 185000.0,
        "Net Interest Income": 7148000.0,
        "Interest Expense": 4035000.0,
        "Interest Income": 11183000.0,
        "Normalized Income": 2549000.0,
        "Net Income From Continuing And Discontinued Operation": 2549000.0,
        "Diluted Average Shares": NaN,
        "Basic Average Shares": NaN,
        "Diluted EPS": NaN,
        "Basic EPS": NaN,
        "Diluted NI Availto Com Stockholders": 2549000.0,
        "Net Income Common Stockholders": 2549000.0,
        "Net Income": 2549000.0,
        "Net Income Including Noncontrolling Interests": 2549000.0,
        "Net Income Continuous Operations": 2549000.0,
        "Tax Provision": 876000.0,
        "Pretax Income": 3425000.0,
        "Special Income Charges": 0.0,
        "Other Special Charges": 0.0,
        "Selling General And Administration": 2113000.0,
        "General And Administrative Expense": 2113000.0,
        "Salaries And Wages": 2113000.0,
        "Total Revenue": 8188000.0,
        "Operating Revenue": 8188000.0,
        "Occupancy And Equipment": 192000.0,
        "Professional Expense And Contract Services Expense": 200000.0,
        "Other Non Interest Expense": 1181000.0
    },
    "2024-03-31": {
        "Tax Effect Of Unusual Items": 0.0,
        "Tax Rate For Calcs": 0.262717,
        "Total Unusual Items": NaN,
        "Total Unusual Items Excluding Goodwill": NaN,
        "Net Income From Continuing Operation Net Minority Interest": 2377000.0,
        "Reconciled Depreciation": 125000.0,
        "Net Interest Income": 7751000.0,
        "Interest Expense": 5714000.0,
        "Interest Income": 13465000.0,
        "Normalized Income": 2377000.0,
        "Net Income From Continuing And Discontinued Operation": 2377000.0,
        "Diluted Average Shares": 7633633.0,
        "Basic Average Shares": 7616305.0,
        "Diluted EPS": 0.31,
        "Basic EPS": 0.31,
        "Diluted NI Availto Com Stockholders": 2377000.0,
        "Net Income Common Stockholders": 2377000.0,
        "Net Income": 2377000.0,
        "Net Income Including Noncontrolling Interests": 2377000.0,
        "Net Income Continuous Operations": 2377000.0,
        "Tax Provision": 847000.0,
        "Pretax Income": 3224000.0,
        "Special Income Charges": NaN,
        "Other Special Charges": NaN,
        "Selling General And Administration": 2849000.0,
        "General And Administrative Expense": 2849000.0,
        "Salaries And Wages": 2849000.0,
        "Total Revenue": 8990000.0,
        "Operating Revenue": 8990000.0,
        "Occupancy And Equipment": 205000.0,
        "Professional Expense And Contract Services Expense": 195000.0,
        "Other Non Interest Expense": 1460000.0
    },
    "2024-06-30": {
        "Tax Effect Of Unusual Items": 0.0,
        "Tax Rate For Calcs": 0.250429,
        "Total Unusual Items": 0.0,
        "Total Unusual Items Excluding Goodwill": 0.0,
        "Net Income From Continuing Operation Net Minority Interest": 3496000.0,
        "Reconciled Depreciation": 1268000.0,
        "Net Interest Income": 8742000.0,
        "Interest Expense": 6446000.0,
        "Interest Income": 15188000.0,
        "Normalized Income": 3496000.0,
        "Net Income From Continuing And Discontinued Operation": 3496000.0,
        "Diluted Average Shares": 10165144.0,
        "Basic Average Shares": 9639503.0,
        "Diluted EPS": 0.34,
        "Basic EPS": 0.36,
        "Diluted NI Availto Com Stockholders": 3496000.0,
        "Net Income Common Stockholders": 3496000.0,
        "Net Income": 3496000.0,
        "Net Income Including Noncontrolling Interests": 3496000.0,
        "Net Income Continuous Operations": 3496000.0,
        "Tax Provision": 1168000.0,
        "Pretax Income": 4664000.0,
        "Special Income Charges": 0.0,
        "Other Special Charges": NaN,
        "Selling General And Administration": 3031000.0,
        "General And Administrative Expense": 3031000.0,
        "Salaries And Wages": 3031000.0,
        "Total Revenue": 9943000.0,
        "Operating Revenue": 9943000.0,
        "Occupancy And Equipment": 202000.0,
        "Professional Expense And Contract Services Expense": 238000.0,
        "Other Non Interest Expense": 1613000.0
    },
    "2024-09-30": {
        "Tax Effect Of Unusual Items": 0.0,
        "Tax Rate For Calcs": 0.255468,
        "Total Unusual Items": 0.0,
        "Total Unusual Items Excluding Goodwill": 0.0,
        "Net Income From Continuing Operation Net Minority Interest": 3302000.0,
        "Reconciled Depreciation": -975000.0,
        "Net Interest Income": 8962000.0,
        "Interest Expense": 6372000.0,
        "Interest Income": 15334000.0,
        "Normalized Income": 3302000.0,
        "Net Income From Continuing And Discontinued Operation": 3302000.0,
        "Diluted Average Shares": 10288960.0,
        "Basic Average Shares": 9763319.0,
        "Diluted EPS": 0.32,
        "Basic EPS": 0.34,
        "Diluted NI Availto Com Stockholders": 3302000.0,
        "Net Income Common Stockholders": 3302000.0,
        "Net Income": 3302000.0,
        "Net Income Including Noncontrolling Interests": 3302000.0,
        "Net Income Continuous Operations": 3302000.0,
        "Tax Provision": 1133000.0,
        "Pretax Income": 4435000.0,
        "Special Income Charges": 0.0,
        "Other Special Charges": NaN,
        "Selling General And Administration": 3078000.0,
        "General And Administrative Expense": 3078000.0,
        "Salaries And Wages": 3078000.0,
        "Total Revenue": 10077000.0,
        "Operating Revenue": 10077000.0,
        "Occupancy And Equipment": 234000.0,
        "Professional Expense And Contract Services Expense": 266000.0,
        "Other Non Interest Expense": 1707000.0
    }
}