{
    "2023-03-31": {
        "Tax Effect Of Unusual Items": NaN,
        "Tax Rate For Calcs": NaN,
        "Normalized EBITDA": NaN,
        "Total Unusual Items": NaN,
        "Total Unusual Items Excluding Goodwill": NaN,
        "Net Income From Continuing Operation Net Minority Interest": NaN,
        "Reconciled Depreciation": NaN,
        "Reconciled Cost Of Revenue": NaN,
        "EBITDA": NaN,
        "EBIT": NaN,
        "Net Interest Income": NaN,
        "Interest Expense": NaN,
        "Interest Income": NaN,
        "Normalized Income": NaN,
        "Net Income From Continuing And Discontinued Operation": NaN,
        "Total Expenses": NaN,
        "Total Operating Income As Reported": NaN,
        "Diluted Average Shares": NaN,
        "Basic Average Shares": NaN,
        "Diluted EPS": NaN,
        "Basic EPS": NaN,
        "Diluted NI Availto Com Stockholders": NaN,
        "Net Income Common Stockholders": NaN,
        "Net Income": NaN,
        "Minority Interests": 0.0,
        "Net Income Including Noncontrolling Interests": NaN,
        "Net Income Discontinuous Operations": 0.0,
        "Net Income Continuous Operations": NaN,
        "Tax Provision": NaN,
        "Pretax Income": NaN,
        "Other Income Expense": NaN,
        "Other Non Operating Income Expenses": NaN,
        "Special Income Charges": NaN,
        "Gain On Sale Of Business": NaN,
        "Write Off": NaN,
        "Earnings From Equity Interest": NaN,
        "Gain On Sale Of Security": NaN,
        "Net Non Operating Interest Income Expense": NaN,
        "Interest Expense Non Operating": NaN,
        "Interest Income Non Operating": NaN,
        "Operating Income": NaN,
        "Operating Expense": NaN,
        "Other Operating Expenses": 1496000.0,
        "Provision For Doubtful Accounts": 0.0,
        "Research And Development": NaN,
        "Selling General And Administration": NaN,
        "General And Administrative Expense": NaN,
        "Other Gand A": NaN,
        "Gross Profit": NaN,
        "Cost Of Revenue": NaN,
        "Total Revenue": NaN,
        "Operating Revenue": NaN
    },
    "2022-12-31": {
        "Tax Effect Of Unusual Items": NaN,
        "Tax Rate For Calcs": NaN,
        "Normalized EBITDA": NaN,
        "Total Unusual Items": NaN,
        "Total Unusual Items Excluding Goodwill": NaN,
        "Net Income From Continuing Operation Net Minority Interest": NaN,
        "Reconciled Depreciation": NaN,
        "Reconciled Cost Of Revenue": NaN,
        "EBITDA": NaN,
        "EBIT": NaN,
        "Net Interest Income": NaN,
        "Interest Expense": NaN,
        "Interest Income": NaN,
        "Normalized Income": NaN,
        "Net Income From Continuing And Discontinued Operation": NaN,
        "Total Expenses": NaN,
        "Total Operating Income As Reported": NaN,
        "Diluted Average Shares": NaN,
        "Basic Average Shares": NaN,
        "Diluted EPS": NaN,
        "Basic EPS": NaN,
        "Diluted NI Availto Com Stockholders": NaN,
        "Net Income Common Stockholders": NaN,
        "Net Income": NaN,
        "Minority Interests": 0.0,
        "Net Income Including Noncontrolling Interests": NaN,
        "Net Income Discontinuous Operations": 0.0,
        "Net Income Continuous Operations": NaN,
        "Tax Provision": NaN,
        "Pretax Income": NaN,
        "Other Income Expense": NaN,
        "Other Non Operating Income Expenses": NaN,
        "Special Income Charges": NaN,
        "Gain On Sale Of Business": NaN,
        "Write Off": NaN,
        "Earnings From Equity Interest": NaN,
        "Gain On Sale Of Security": NaN,
        "Net Non Operating Interest Income Expense": NaN,
        "Interest Expense Non Operating": NaN,
        "Interest Income Non Operating": NaN,
        "Operating Income": NaN,
        "Operating Expense": NaN,
        "Other Operating Expenses": 1491000.0,
        "Provision For Doubtful Accounts": NaN,
        "Research And Development": NaN,
        "Selling General And Administration": NaN,
        "General And Administrative Expense": NaN,
        "Other Gand A": NaN,
        "Gross Profit": NaN,
        "Cost Of Revenue": NaN,
        "Total Revenue": NaN,
        "Operating Revenue": NaN
    },
    "2022-09-30": {
        "Tax Effect Of Unusual Items": NaN,
        "Tax Rate For Calcs": NaN,
        "Normalized EBITDA": NaN,
        "Total Unusual Items": NaN,
        "Total Unusual Items Excluding Goodwill": NaN,
        "Net Income From Continuing Operation Net Minority Interest": NaN,
        "Reconciled Depreciation": NaN,
        "Reconciled Cost Of Revenue": NaN,
        "EBITDA": NaN,
        "EBIT": NaN,
        "Net Interest Income": NaN,
        "Interest Expense": NaN,
        "Interest Income": NaN,
        "Normalized Income": NaN,
        "Net Income From Continuing And Discontinued Operation": NaN,
        "Total Expenses": NaN,
        "Total Operating Income As Reported": NaN,
        "Diluted Average Shares": 184850000.0,
        "Basic Average Shares": 184839000.0,
        "Diluted EPS": -0.86,
        "Basic EPS": -0.86,
        "Diluted NI Availto Com Stockholders": NaN,
        "Net Income Common Stockholders": NaN,
        "Net Income": NaN,
        "Minority Interests": NaN,
        "Net Income Including Noncontrolling Interests": NaN,
        "Net Income Discontinuous Operations": NaN,
        "Net Income Continuous Operations": NaN,
        "Tax Provision": NaN,
        "Pretax Income": NaN,
        "Other Income Expense": NaN,
        "Other Non Operating Income Expenses": NaN,
        "Special Income Charges": NaN,
        "Gain On Sale Of Business": NaN,
        "Write Off": NaN,
        "Earnings From Equity Interest": NaN,
        "Gain On Sale Of Security": NaN,
        "Net Non Operating Interest Income Expense": NaN,
        "Interest Expense Non Operating": NaN,
        "Interest Income Non Operating": NaN,
        "Operating Income": NaN,
        "Operating Expense": NaN,
        "Other Operating Expenses": 1203000.0,
        "Provision For Doubtful Accounts": NaN,
        "Research And Development": NaN,
        "Selling General And Administration": NaN,
        "General And Administrative Expense": NaN,
        "Other Gand A": NaN,
        "Gross Profit": NaN,
        "Cost Of Revenue": NaN,
        "Total Revenue": NaN,
        "Operating Revenue": NaN
    },
    "2022-06-30": {
        "Tax Effect Of Unusual Items": 13154025.0,
        "Tax Rate For Calcs": 0.381,
        "Normalized EBITDA": 15530000.0,
        "Total Unusual Items": 34525000.0,
        "Total Unusual Items Excluding Goodwill": 34525000.0,
        "Net Income From Continuing Operation Net Minority Interest": 17159000.0,
        "Reconciled Depreciation": 15983000.0,
        "Reconciled Cost Of Revenue": 27368000.0,
        "EBITDA": 50055000.0,
        "EBIT": 34072000.0,
        "Net Interest Income": -5018000.0,
        "Interest Expense": 7310000.0,
        "Interest Income": 2292000.0,
        "Normalized Income": -4211975.0,
        "Net Income From Continuing And Discontinued Operation": 17159000.0,
        "Total Expenses": 64249000.0,
        "Total Operating Income As Reported": -290000.0,
        "Diluted Average Shares": 185630000.0,
        "Basic Average Shares": 185316000.0,
        "Diluted EPS": 0.09,
        "Basic EPS": 0.1,
        "Diluted NI Availto Com Stockholders": 17159000.0,
        "Net Income Common Stockholders": 17159000.0,
        "Net Income": 17159000.0,
        "Minority Interests": 587000.0,
        "Net Income Including Noncontrolling Interests": 16572000.0,
        "Net Income Discontinuous Operations": NaN,
        "Net Income Continuous Operations": 16572000.0,
        "Tax Provision": 10190000.0,
        "Pretax Income": 26762000.0,
        "Other Income Expense": 32070000.0,
        "Other Non Operating Income Expenses": -1236000.0,
        "Special Income Charges": 13014000.0,
        "Gain On Sale Of Business": 13398000.0,
        "Write Off": 384000.0,
        "Impairment Of Capital Assets": 0.0,
        "Earnings From Equity Interest": -1219000.0,
        "Gain On Sale Of Security": 21511000.0,
        "Net Non Operating Interest Income Expense": -5018000.0,
        "Interest Expense Non Operating": 7310000.0,
        "Interest Income Non Operating": 2292000.0,
        "Operating Income": -290000.0,
        "Operating Expense": 36881000.0,
        "Other Operating Expenses": 20746000.0,
        "Provision For Doubtful Accounts": NaN,
        "Research And Development": 1260000.0,
        "Selling General And Administration": 14875000.0,
        "General And Administrative Expense": 14875000.0,
        "Other Gand A": 14875000.0,
        "Gross Profit": 36591000.0,
        "Cost Of Revenue": 27368000.0,
        "Total Revenue": 63959000.0,
        "Operating Revenue": 63959000.0
    },
    "2023-06-30": {
        "Tax Effect Of Unusual Items": NaN,
        "Tax Rate For Calcs": NaN,
        "Normalized EBITDA": NaN,
        "Total Unusual Items": NaN,
        "Total Unusual Items Excluding Goodwill": NaN,
        "Net Income From Continuing Operation Net Minority Interest": NaN,
        "Reconciled Depreciation": NaN,
        "Reconciled Cost Of Revenue": NaN,
        "EBITDA": NaN,
        "EBIT": NaN,
        "Net Interest Income": NaN,
        "Interest Expense": NaN,
        "Interest Income": NaN,
        "Normalized Income": NaN,
        "Net Income From Continuing And Discontinued Operation": NaN,
        "Total Expenses": NaN,
        "Total Operating Income As Reported": NaN,
        "Diluted Average Shares": 186454000.0,
        "Basic Average Shares": 185093000.0,
        "Diluted EPS": 0.1,
        "Basic EPS": 0.1,
        "Diluted NI Availto Com Stockholders": NaN,
        "Net Income Common Stockholders": NaN,
        "Net Income": NaN,
        "Minority Interests": 0.0,
        "Net Income Including Noncontrolling Interests": NaN,
        "Net Income Discontinuous Operations": 0.0,
        "Net Income Continuous Operations": NaN,
        "Tax Provision": NaN,
        "Pretax Income": NaN,
        "Other Income Expense": NaN,
        "Other Non Operating Income Expenses": -23926000.0,
        "Special Income Charges": NaN,
        "Gain On Sale Of Business": NaN,
        "Write Off": NaN,
        "Earnings From Equity Interest": NaN,
        "Gain On Sale Of Security": NaN,
        "Net Non Operating Interest Income Expense": NaN,
        "Interest Expense Non Operating": NaN,
        "Interest Income Non Operating": NaN,
        "Operating Income": NaN,
        "Operating Expense": NaN,
        "Other Operating Expenses": 1297000.0,
        "Provision For Doubtful Accounts": 19860000.0,
        "Research And Development": NaN,
        "Selling General And Administration": NaN,
        "General And Administrative Expense": NaN,
        "Other Gand A": NaN,
        "Gross Profit": NaN,
        "Cost Of Revenue": NaN,
        "Total Revenue": NaN,
        "Operating Revenue": NaN
    },
    "2023-09-30": {
        "Tax Effect Of Unusual Items": -4789158.010855,
        "Tax Rate For Calcs": 0.117548,
        "Normalized EBITDA": 41388000.0,
        "Total Unusual Items": -40742000.0,
        "Total Unusual Items Excluding Goodwill": -40742000.0,
        "Net Income From Continuing Operation Net Minority Interest": -19999000.0,
        "Reconciled Depreciation": 17223000.0,
        "Reconciled Cost Of Revenue": 21231000.0,
        "EBITDA": 646000.0,
        "EBIT": -16577000.0,
        "Net Interest Income": -4971000.0,
        "Interest Expense": 6086000.0,
        "Interest Income": 1115000.0,
        "Normalized Income": 15953841.989145,
        "Net Income From Continuing And Discontinued Operation": -19999000.0,
        "Total Expenses": 34265000.0,
        "Total Operating Income As Reported": 10314000.0,
        "Diluted Average Shares": 185304000.0,
        "Basic Average Shares": 185304000.0,
        "Diluted EPS": -0.11,
        "Basic EPS": -0.11,
        "Diluted NI Availto Com Stockholders": -19999000.0,
        "Net Income Common Stockholders": -19999000.0,
        "Net Income": -19999000.0,
        "Minority Interests": 0.0,
        "Net Income Including Noncontrolling Interests": -19999000.0,
        "Net Income Discontinuous Operations": 0.0,
        "Net Income Continuous Operations": -19999000.0,
        "Tax Provision": -2664000.0,
        "Pretax Income": -22663000.0,
        "Other Income Expense": -45496000.0,
        "Other Non Operating Income Expenses": NaN,
        "Special Income Charges": -34839000.0,
        "Gain On Sale Of Business": 0.0,
        "Write Off": 34839000.0,
        "Earnings From Equity Interest": -4754000.0,
        "Gain On Sale Of Security": -5903000.0,
        "Net Non Operating Interest Income Expense": -4971000.0,
        "Interest Expense Non Operating": 6086000.0,
        "Interest Income Non Operating": 1115000.0,
        "Operating Income": 27804000.0,
        "Operating Expense": 13034000.0,
        "Other Operating Expenses": NaN,
        "Provision For Doubtful Accounts": NaN,
        "Research And Development": 1337000.0,
        "Selling General And Administration": 11697000.0,
        "General And Administrative Expense": 11697000.0,
        "Other Gand A": 11697000.0,
        "Gross Profit": 40838000.0,
        "Cost Of Revenue": 21231000.0,
        "Total Revenue": 62069000.0,
        "Operating Revenue": 62069000.0
    },
    "2023-12-31": {
        "Tax Effect Of Unusual Items": -38872000.0,
        "Tax Rate For Calcs": 0.4,
        "Normalized EBITDA": 53597000.0,
        "Total Unusual Items": -97180000.0,
        "Total Unusual Items Excluding Goodwill": -97180000.0,
        "Net Income From Continuing Operation Net Minority Interest": -67153000.0,
        "Reconciled Depreciation": 13367000.0,
        "Reconciled Cost Of Revenue": 17045000.0,
        "EBITDA": -43583000.0,
        "EBIT": -56950000.0,
        "Net Interest Income": -5062000.0,
        "Interest Expense": 6545000.0,
        "Interest Income": 1483000.0,
        "Normalized Income": -8845000.0,
        "Net Income From Continuing And Discontinued Operation": -67153000.0,
        "Total Expenses": 26709000.0,
        "Total Operating Income As Reported": 14955000.0,
        "Diluted Average Shares": NaN,
        "Basic Average Shares": NaN,
        "Diluted EPS": NaN,
        "Basic EPS": NaN,
        "Diluted NI Availto Com Stockholders": -67153000.0,
        "Net Income Common Stockholders": -67153000.0,
        "Net Income": -67153000.0,
        "Minority Interests": 0.0,
        "Net Income Including Noncontrolling Interests": -67153000.0,
        "Net Income Discontinuous Operations": 0.0,
        "Net Income Continuous Operations": -67153000.0,
        "Tax Provision": 3658000.0,
        "Pretax Income": -63495000.0,
        "Other Income Expense": -96888000.0,
        "Other Non Operating Income Expenses": NaN,
        "Special Income Charges": -95437000.0,
        "Gain On Sale Of Business": -7437000.0,
        "Write Off": 88000000.0,
        "Earnings From Equity Interest": -343000.0,
        "Gain On Sale Of Security": -1743000.0,
        "Net Non Operating Interest Income Expense": -5062000.0,
        "Interest Expense Non Operating": 6545000.0,
        "Interest Income Non Operating": 1483000.0,
        "Operating Income": 38455000.0,
        "Operating Expense": 9664000.0,
        "Other Operating Expenses": NaN,
        "Provision For Doubtful Accounts": NaN,
        "Research And Development": 2049000.0,
        "Selling General And Administration": 7615000.0,
        "General And Administrative Expense": 7615000.0,
        "Other Gand A": 7615000.0,
        "Gross Profit": 48119000.0,
        "Cost Of Revenue": 17045000.0,
        "Total Revenue": 65164000.0,
        "Operating Revenue": 65164000.0
    },
    "2024-03-31": {
        "Tax Effect Of Unusual Items": -961136.0,
        "Tax Rate For Calcs": 0.344,
        "Normalized EBITDA": 41353000.0,
        "Total Unusual Items": -2794000.0,
        "Total Unusual Items Excluding Goodwill": -2794000.0,
        "Net Income From Continuing Operation Net Minority Interest": 15073000.0,
        "Reconciled Depreciation": 11853000.0,
        "Reconciled Cost Of Revenue": 13357000.0,
        "EBITDA": 38559000.0,
        "EBIT": 26706000.0,
        "Net Interest Income": -2472000.0,
        "Interest Expense": 3731000.0,
        "Interest Income": 1259000.0,
        "Normalized Income": 16905864.0,
        "Net Income From Continuing And Discontinued Operation": 15073000.0,
        "Total Expenses": 18952000.0,
        "Total Operating Income As Reported": 39904000.0,
        "Diluted Average Shares": 186870000.0,
        "Basic Average Shares": 185761000.0,
        "Diluted EPS": 0.08,
        "Basic EPS": 0.08,
        "Diluted NI Availto Com Stockholders": 15073000.0,
        "Net Income Common Stockholders": 15073000.0,
        "Net Income": 15073000.0,
        "Minority Interests": NaN,
        "Net Income Including Noncontrolling Interests": 15073000.0,
        "Net Income Discontinuous Operations": NaN,
        "Net Income Continuous Operations": 15073000.0,
        "Tax Provision": 7902000.0,
        "Pretax Income": 22975000.0,
        "Other Income Expense": -16352000.0,
        "Other Non Operating Income Expenses": NaN,
        "Special Income Charges": 0.0,
        "Gain On Sale Of Business": 0.0,
        "Write Off": 0.0,
        "Earnings From Equity Interest": -13558000.0,
        "Gain On Sale Of Security": -2794000.0,
        "Net Non Operating Interest Income Expense": -2472000.0,
        "Interest Expense Non Operating": 3731000.0,
        "Interest Income Non Operating": 1259000.0,
        "Operating Income": 41799000.0,
        "Operating Expense": 5595000.0,
        "Other Operating Expenses": NaN,
        "Provision For Doubtful Accounts": -1895000.0,
        "Research And Development": 1360000.0,
        "Selling General And Administration": 6130000.0,
        "General And Administrative Expense": 6130000.0,
        "Other Gand A": 6130000.0,
        "Gross Profit": 47394000.0,
        "Cost Of Revenue": 13357000.0,
        "Total Revenue": 60751000.0,
        "Operating Revenue": 60751000.0
    },
    "2024-06-30": {
        "Tax Effect Of Unusual Items": -20859771.511782,
        "Tax Rate For Calcs": 0.301198,
        "Normalized EBITDA": 52621000.0,
        "Total Unusual Items": -69256000.0,
        "Total Unusual Items Excluding Goodwill": -69256000.0,
        "Net Income From Continuing Operation Net Minority Interest": -21115000.0,
        "Reconciled Depreciation": 10742000.0,
        "Reconciled Cost Of Revenue": 12639000.0,
        "EBITDA": -16635000.0,
        "EBIT": -27377000.0,
        "Net Interest Income": -1594000.0,
        "Interest Expense": 2839000.0,
        "Interest Income": 1245000.0,
        "Normalized Income": 27281228.488218,
        "Net Income From Continuing And Discontinued Operation": -21115000.0,
        "Total Expenses": 21095000.0,
        "Total Operating Income As Reported": -24081000.0,
        "Diluted Average Shares": 186217000.0,
        "Basic Average Shares": 186217000.0,
        "Diluted EPS": -0.11,
        "Basic EPS": -0.11,
        "Diluted NI Availto Com Stockholders": -21115000.0,
        "Net Income Common Stockholders": -21115000.0,
        "Net Income": -21115000.0,
        "Minority Interests": NaN,
        "Net Income Including Noncontrolling Interests": -21115000.0,
        "Net Income Discontinuous Operations": NaN,
        "Net Income Continuous Operations": -21115000.0,
        "Tax Provision": -9101000.0,
        "Pretax Income": -30216000.0,
        "Other Income Expense": -72373000.0,
        "Other Non Operating Income Expenses": NaN,
        "Special Income Charges": -67832000.0,
        "Gain On Sale Of Business": 0.0,
        "Write Off": 67832000.0,
        "Earnings From Equity Interest": -3117000.0,
        "Gain On Sale Of Security": -1424000.0,
        "Net Non Operating Interest Income Expense": -1594000.0,
        "Interest Expense Non Operating": 2839000.0,
        "Interest Income Non Operating": 1245000.0,
        "Operating Income": 43751000.0,
        "Operating Expense": 8456000.0,
        "Other Operating Expenses": NaN,
        "Provision For Doubtful Accounts": NaN,
        "Research And Development": 2089000.0,
        "Selling General And Administration": 6367000.0,
        "General And Administrative Expense": 6367000.0,
        "Other Gand A": 6367000.0,
        "Gross Profit": 52207000.0,
        "Cost Of Revenue": 12639000.0,
        "Total Revenue": 64846000.0,
        "Operating Revenue": 64846000.0
    },
    "2024-09-30": {
        "Tax Effect Of Unusual Items": 190852.570468,
        "Tax Rate For Calcs": 0.301505,
        "Normalized EBITDA": 37657000.0,
        "Total Unusual Items": 633000.0,
        "Total Unusual Items Excluding Goodwill": 633000.0,
        "Net Income From Continuing Operation Net Minority Interest": 18288000.0,
        "Reconciled Depreciation": 9846000.0,
        "Reconciled Cost Of Revenue": 11657000.0,
        "EBITDA": 38290000.0,
        "EBIT": 28444000.0,
        "Net Interest Income": -671000.0,
        "Interest Expense": 2262000.0,
        "Interest Income": 1591000.0,
        "Normalized Income": 17845852.570468,
        "Net Income From Continuing And Discontinued Operation": 18288000.0,
        "Total Expenses": 19847000.0,
        "Total Operating Income As Reported": 37408000.0,
        "Diluted Average Shares": 187732000.0,
        "Basic Average Shares": 186408000.0,
        "Diluted EPS": 0.1,
        "Basic EPS": 0.1,
        "Diluted NI Availto Com Stockholders": 18288000.0,
        "Net Income Common Stockholders": 18288000.0,
        "Net Income": 18288000.0,
        "Minority Interests": NaN,
        "Net Income Including Noncontrolling Interests": 18288000.0,
        "Net Income Discontinuous Operations": NaN,
        "Net Income Continuous Operations": 18288000.0,
        "Tax Provision": 7894000.0,
        "Pretax Income": 26182000.0,
        "Other Income Expense": -10555000.0,
        "Other Non Operating Income Expenses": NaN,
        "Special Income Charges": 0.0,
        "Gain On Sale Of Business": 0.0,
        "Write Off": 0.0,
        "Earnings From Equity Interest": -11188000.0,
        "Gain On Sale Of Security": 633000.0,
        "Net Non Operating Interest Income Expense": -671000.0,
        "Interest Expense Non Operating": 2262000.0,
        "Interest Income Non Operating": 1591000.0,
        "Operating Income": 37408000.0,
        "Operating Expense": 8190000.0,
        "Other Operating Expenses": NaN,
        "Provision For Doubtful Accounts": NaN,
        "Research And Development": 1506000.0,
        "Selling General And Administration": 6684000.0,
        "General And Administrative Expense": 6684000.0,
        "Other Gand A": 6684000.0,
        "Gross Profit": 45598000.0,
        "Cost Of Revenue": 11657000.0,
        "Total Revenue": 57255000.0,
        "Operating Revenue": 57255000.0
    }
}