{
    "2023-03-31": {
        "Tax Effect Of Unusual Items": NaN,
        "Tax Rate For Calcs": NaN,
        "Normalized EBITDA": NaN,
        "Total Unusual Items": NaN,
        "Total Unusual Items Excluding Goodwill": NaN,
        "Net Income From Continuing Operation Net Minority Interest": NaN,
        "Reconciled Depreciation": NaN,
        "Reconciled Cost Of Revenue": NaN,
        "EBITDA": NaN,
        "EBIT": NaN,
        "Net Interest Income": NaN,
        "Interest Expense": NaN,
        "Interest Income": 3014000.0,
        "Normalized Income": NaN,
        "Net Income From Continuing And Discontinued Operation": NaN,
        "Total Expenses": NaN,
        "Total Operating Income As Reported": NaN,
        "Diluted Average Shares": NaN,
        "Basic Average Shares": NaN,
        "Diluted EPS": NaN,
        "Basic EPS": NaN,
        "Diluted NI Availto Com Stockholders": NaN,
        "Net Income Common Stockholders": NaN,
        "Net Income": NaN,
        "Net Income Including Noncontrolling Interests": NaN,
        "Net Income Continuous Operations": NaN,
        "Tax Provision": NaN,
        "Pretax Income": NaN,
        "Other Income Expense": NaN,
        "Other Non Operating Income Expenses": NaN,
        "Special Income Charges": 12872000.0,
        "Write Off": NaN,
        "Restructuring And Mergern Acquisition": -12872000.0,
        "Gain On Sale Of Security": NaN,
        "Net Non Operating Interest Income Expense": NaN,
        "Interest Expense Non Operating": NaN,
        "Interest Income Non Operating": 3014000.0,
        "Operating Income": NaN,
        "Operating Expense": NaN,
        "Depreciation Amortization Depletion Income Statement": NaN,
        "Depreciation And Amortization In Income Statement": NaN,
        "Research And Development": NaN,
        "Selling General And Administration": NaN,
        "General And Administrative Expense": NaN,
        "Other Gand A": NaN,
        "Gross Profit": NaN,
        "Cost Of Revenue": NaN,
        "Total Revenue": NaN,
        "Operating Revenue": NaN
    },
    "2022-12-31": {
        "Tax Effect Of Unusual Items": NaN,
        "Tax Rate For Calcs": NaN,
        "Normalized EBITDA": NaN,
        "Total Unusual Items": NaN,
        "Total Unusual Items Excluding Goodwill": NaN,
        "Net Income From Continuing Operation Net Minority Interest": NaN,
        "Reconciled Depreciation": NaN,
        "Reconciled Cost Of Revenue": NaN,
        "EBITDA": NaN,
        "EBIT": NaN,
        "Net Interest Income": NaN,
        "Interest Expense": 0.0,
        "Interest Income": 2748000.0,
        "Normalized Income": NaN,
        "Net Income From Continuing And Discontinued Operation": NaN,
        "Total Expenses": NaN,
        "Total Operating Income As Reported": NaN,
        "Diluted Average Shares": NaN,
        "Basic Average Shares": NaN,
        "Diluted EPS": NaN,
        "Basic EPS": NaN,
        "Diluted NI Availto Com Stockholders": NaN,
        "Net Income Common Stockholders": NaN,
        "Net Income": NaN,
        "Net Income Including Noncontrolling Interests": NaN,
        "Net Income Continuous Operations": NaN,
        "Tax Provision": NaN,
        "Pretax Income": NaN,
        "Other Income Expense": NaN,
        "Other Non Operating Income Expenses": NaN,
        "Special Income Charges": NaN,
        "Restructuring And Mergern Acquisition": NaN,
        "Gain On Sale Of Security": NaN,
        "Net Non Operating Interest Income Expense": NaN,
        "Interest Expense Non Operating": 0.0,
        "Interest Income Non Operating": 2748000.0,
        "Operating Income": NaN,
        "Operating Expense": NaN,
        "Depreciation Amortization Depletion Income Statement": NaN,
        "Depreciation And Amortization In Income Statement": NaN,
        "Research And Development": NaN,
        "Selling General And Administration": NaN,
        "General And Administrative Expense": NaN,
        "Other Gand A": NaN,
        "Gross Profit": NaN,
        "Cost Of Revenue": NaN,
        "Total Revenue": NaN,
        "Operating Revenue": NaN
    },
    "2022-09-30": {
        "Tax Effect Of Unusual Items": NaN,
        "Tax Rate For Calcs": NaN,
        "Normalized EBITDA": NaN,
        "Total Unusual Items": NaN,
        "Total Unusual Items Excluding Goodwill": NaN,
        "Net Income From Continuing Operation Net Minority Interest": NaN,
        "Reconciled Depreciation": NaN,
        "Reconciled Cost Of Revenue": NaN,
        "EBITDA": NaN,
        "EBIT": NaN,
        "Net Interest Income": NaN,
        "Interest Expense": NaN,
        "Interest Income": NaN,
        "Normalized Income": NaN,
        "Net Income From Continuing And Discontinued Operation": NaN,
        "Total Expenses": NaN,
        "Total Operating Income As Reported": NaN,
        "Diluted Average Shares": NaN,
        "Basic Average Shares": NaN,
        "Diluted EPS": NaN,
        "Basic EPS": NaN,
        "Diluted NI Availto Com Stockholders": NaN,
        "Net Income Common Stockholders": NaN,
        "Net Income": NaN,
        "Net Income Including Noncontrolling Interests": NaN,
        "Net Income Continuous Operations": NaN,
        "Tax Provision": NaN,
        "Pretax Income": NaN,
        "Other Income Expense": NaN,
        "Other Non Operating Income Expenses": NaN,
        "Special Income Charges": 15147000.0,
        "Restructuring And Mergern Acquisition": -15147000.0,
        "Gain On Sale Of Security": NaN,
        "Net Non Operating Interest Income Expense": NaN,
        "Interest Expense Non Operating": NaN,
        "Interest Income Non Operating": NaN,
        "Operating Income": NaN,
        "Operating Expense": NaN,
        "Depreciation Amortization Depletion Income Statement": NaN,
        "Depreciation And Amortization In Income Statement": NaN,
        "Research And Development": NaN,
        "Selling General And Administration": NaN,
        "General And Administrative Expense": NaN,
        "Other Gand A": NaN,
        "Gross Profit": NaN,
        "Cost Of Revenue": NaN,
        "Total Revenue": NaN,
        "Operating Revenue": NaN
    },
    "2022-06-30": {
        "Tax Effect Of Unusual Items": 8093200.0,
        "Tax Rate For Calcs": 0.4,
        "Normalized EBITDA": 27018000.0,
        "Total Unusual Items": 20233000.0,
        "Total Unusual Items Excluding Goodwill": 20233000.0,
        "Net Income From Continuing Operation Net Minority Interest": 46931000.0,
        "Reconciled Depreciation": 320000.0,
        "Reconciled Cost Of Revenue": NaN,
        "EBITDA": 47251000.0,
        "EBIT": 46931000.0,
        "Net Interest Income": 1936000.0,
        "Interest Expense": 0.0,
        "Interest Income": 1936000.0,
        "Normalized Income": 34791200.0,
        "Net Income From Continuing And Discontinued Operation": 46931000.0,
        "Total Expenses": 8673000.0,
        "Total Operating Income As Reported": -8673000.0,
        "Diluted Average Shares": 142195637.0,
        "Basic Average Shares": 137141655.0,
        "Diluted EPS": 0.33,
        "Basic EPS": 0.34,
        "Diluted NI Availto Com Stockholders": 46931000.0,
        "Net Income Common Stockholders": 46931000.0,
        "Net Income": 46931000.0,
        "Net Income Including Noncontrolling Interests": 46931000.0,
        "Net Income Continuous Operations": 46931000.0,
        "Tax Provision": NaN,
        "Pretax Income": 46931000.0,
        "Other Income Expense": 53668000.0,
        "Other Non Operating Income Expenses": 33435000.0,
        "Special Income Charges": NaN,
        "Restructuring And Mergern Acquisition": NaN,
        "Gain On Sale Of Security": 20233000.0,
        "Net Non Operating Interest Income Expense": 1936000.0,
        "Interest Expense Non Operating": 0.0,
        "Interest Income Non Operating": 1936000.0,
        "Operating Income": -8673000.0,
        "Operating Expense": 8673000.0,
        "Depreciation Amortization Depletion Income Statement": 160000.0,
        "Depreciation And Amortization In Income Statement": 160000.0,
        "Research And Development": 2649000.0,
        "Selling General And Administration": 5864000.0,
        "General And Administrative Expense": 5864000.0,
        "Other Gand A": 5864000.0,
        "Gross Profit": NaN,
        "Cost Of Revenue": NaN,
        "Total Revenue": 0.0,
        "Operating Revenue": 0.0
    },
    "2022-03-31": {
        "Diluted EPS": 0.05,
        "Total Revenue": NaN,
        "Gross Profit": NaN,
        "Operating Income": -8,
        "EBIT": -7,
        "Net Income": 7
    },
    "2021-12-31": {
        "Diluted EPS": 0.43,
        "Total Revenue": NaN,
        "Gross Profit": NaN,
        "Operating Income": -8,
        "EBIT": -7,
        "Net Income": 5
    },
    "2021-09-30": {
        "Diluted EPS": 0.2,
        "Total Revenue": NaN,
        "Gross Profit": NaN,
        "Operating Income": -7,
        "EBIT": -7,
        "Net Income": 28
    },
    "2021-06-30": {
        "Diluted EPS": 0.63,
        "Total Revenue": NaN,
        "Gross Profit": NaN,
        "Operating Income": -7,
        "EBIT": -4,
        "Net Income": 63
    },
    "2021-03-31": {
        "Diluted EPS": -0.86,
        "Total Revenue": NaN,
        "Gross Profit": NaN,
        "Operating Income": -5,
        "EBIT": -5,
        "Net Income": -54
    },
    "2020-12-31": {
        "Diluted EPS": -0.4,
        "Total Revenue": NaN,
        "Gross Profit": NaN,
        "Operating Income": -7,
        "EBIT": -7,
        "Net Income": -25
    },
    "2020-09-30": {
        "Diluted EPS": -0.05,
        "Total Revenue": NaN,
        "Gross Profit": NaN,
        "Operating Income": -2,
        "EBIT": -2,
        "Net Income": -3
    },
    "2020-06-30": {
        "Diluted EPS": -0.03,
        "Total Revenue": NaN,
        "Gross Profit": NaN,
        "Operating Income": -2,
        "EBIT": -2,
        "Net Income": -2
    },
    "2020-03-31": {
        "Diluted EPS": 0.0,
        "Total Revenue": NaN,
        "Gross Profit": NaN,
        "Operating Income": 0,
        "EBIT": 0,
        "Net Income": 0
    },
    "2019-12-31": {
        "Diluted EPS": 0.0,
        "Total Revenue": NaN,
        "Gross Profit": NaN,
        "Operating Income": NaN,
        "EBIT": NaN,
        "Net Income": NaN
    },
    "2023-06-30": {
        "Tax Effect Of Unusual Items": NaN,
        "Tax Rate For Calcs": NaN,
        "Normalized EBITDA": NaN,
        "Total Unusual Items": NaN,
        "Total Unusual Items Excluding Goodwill": NaN,
        "Net Income From Continuing Operation Net Minority Interest": NaN,
        "Reconciled Depreciation": NaN,
        "Reconciled Cost Of Revenue": NaN,
        "EBITDA": NaN,
        "EBIT": NaN,
        "Net Interest Income": NaN,
        "Interest Expense": 2000.0,
        "Interest Income": 2426000.0,
        "Normalized Income": NaN,
        "Net Income From Continuing And Discontinued Operation": NaN,
        "Total Expenses": NaN,
        "Total Operating Income As Reported": NaN,
        "Diluted Average Shares": NaN,
        "Basic Average Shares": NaN,
        "Diluted EPS": NaN,
        "Basic EPS": NaN,
        "Diluted NI Availto Com Stockholders": NaN,
        "Net Income Common Stockholders": NaN,
        "Net Income": NaN,
        "Net Income Including Noncontrolling Interests": NaN,
        "Net Income Continuous Operations": NaN,
        "Tax Provision": NaN,
        "Pretax Income": NaN,
        "Other Income Expense": NaN,
        "Other Non Operating Income Expenses": NaN,
        "Special Income Charges": 7508000.0,
        "Write Off": NaN,
        "Restructuring And Mergern Acquisition": -7508000.0,
        "Gain On Sale Of Security": NaN,
        "Net Non Operating Interest Income Expense": NaN,
        "Interest Expense Non Operating": 2000.0,
        "Interest Income Non Operating": 2426000.0,
        "Operating Income": NaN,
        "Operating Expense": NaN,
        "Depreciation Amortization Depletion Income Statement": NaN,
        "Depreciation And Amortization In Income Statement": NaN,
        "Research And Development": NaN,
        "Selling General And Administration": NaN,
        "General And Administrative Expense": NaN,
        "Other Gand A": NaN,
        "Gross Profit": NaN,
        "Cost Of Revenue": NaN,
        "Total Revenue": NaN,
        "Operating Revenue": NaN
    },
    "2023-09-30": {
        "Tax Effect Of Unusual Items": 121704.0,
        "Tax Rate For Calcs": 0.003,
        "Normalized EBITDA": -8966000.0,
        "Total Unusual Items": 40568000.0,
        "Total Unusual Items Excluding Goodwill": 40568000.0,
        "Net Income From Continuing Operation Net Minority Interest": 30931000.0,
        "Reconciled Depreciation": 577000.0,
        "Reconciled Cost Of Revenue": 6149000.0,
        "EBITDA": 31602000.0,
        "EBIT": 31025000.0,
        "Net Interest Income": 0.0,
        "Interest Expense": 0.0,
        "Interest Income": NaN,
        "Normalized Income": -9515296.0,
        "Net Income From Continuing And Discontinued Operation": 30931000.0,
        "Total Expenses": 19286000.0,
        "Total Operating Income As Reported": -12146000.0,
        "Diluted Average Shares": 142703550.0,
        "Basic Average Shares": 139806045.0,
        "Diluted EPS": 0.22,
        "Basic EPS": 0.22,
        "Diluted NI Availto Com Stockholders": 30931000.0,
        "Net Income Common Stockholders": 30931000.0,
        "Net Income": 30931000.0,
        "Net Income Including Noncontrolling Interests": 30931000.0,
        "Net Income Continuous Operations": 30931000.0,
        "Tax Provision": 94000.0,
        "Pretax Income": 31025000.0,
        "Other Income Expense": 43171000.0,
        "Other Non Operating Income Expenses": 2603000.0,
        "Special Income Charges": 18757000.0,
        "Write Off": 0.0,
        "Restructuring And Mergern Acquisition": -18757000.0,
        "Gain On Sale Of Security": 21811000.0,
        "Net Non Operating Interest Income Expense": 0.0,
        "Interest Expense Non Operating": 0.0,
        "Interest Income Non Operating": NaN,
        "Operating Income": -12146000.0,
        "Operating Expense": 12946000.0,
        "Depreciation Amortization Depletion Income Statement": 386000.0,
        "Depreciation And Amortization In Income Statement": 386000.0,
        "Research And Development": 4927000.0,
        "Selling General And Administration": 7633000.0,
        "General And Administrative Expense": 7633000.0,
        "Other Gand A": 7633000.0,
        "Gross Profit": 800000.0,
        "Cost Of Revenue": 6340000.0,
        "Total Revenue": 7140000.0,
        "Operating Revenue": 7140000.0
    },
    "2023-12-31": {
        "Tax Effect Of Unusual Items": -4192156.111679,
        "Tax Rate For Calcs": 0.111508,
        "Normalized EBITDA": 101601000.0,
        "Total Unusual Items": -37595000.0,
        "Total Unusual Items Excluding Goodwill": -37595000.0,
        "Net Income From Continuing Operation Net Minority Interest": -10438000.0,
        "Reconciled Depreciation": 2465000.0,
        "Reconciled Cost Of Revenue": 9354000.0,
        "EBITDA": 64006000.0,
        "EBIT": 61541000.0,
        "Net Interest Income": 1864000.0,
        "Interest Expense": NaN,
        "Interest Income": 1995000.0,
        "Normalized Income": 22964843.888321,
        "Net Income From Continuing And Discontinued Operation": -10438000.0,
        "Total Expenses": 29246000.0,
        "Total Operating Income As Reported": -16183000.0,
        "Diluted Average Shares": 140739995.0,
        "Basic Average Shares": 140739995.0,
        "Diluted EPS": -0.07,
        "Basic EPS": -0.07,
        "Diluted NI Availto Com Stockholders": -10438000.0,
        "Net Income Common Stockholders": -10438000.0,
        "Net Income": -10438000.0,
        "Net Income Including Noncontrolling Interests": -10438000.0,
        "Net Income Continuous Operations": -10438000.0,
        "Tax Provision": -1310000.0,
        "Pretax Income": -11748000.0,
        "Other Income Expense": 2571000.0,
        "Other Non Operating Income Expenses": 40166000.0,
        "Special Income Charges": NaN,
        "Write Off": NaN,
        "Restructuring And Mergern Acquisition": NaN,
        "Gain On Sale Of Security": 1542000.0,
        "Net Non Operating Interest Income Expense": 1864000.0,
        "Interest Expense Non Operating": NaN,
        "Interest Income Non Operating": 1995000.0,
        "Operating Income": -16183000.0,
        "Operating Expense": 19769000.0,
        "Depreciation Amortization Depletion Income Statement": 2342000.0,
        "Depreciation And Amortization In Income Statement": 2342000.0,
        "Research And Development": 5953000.0,
        "Selling General And Administration": 11474000.0,
        "General And Administrative Expense": 11474000.0,
        "Other Gand A": 11474000.0,
        "Gross Profit": 3586000.0,
        "Cost Of Revenue": 9477000.0,
        "Total Revenue": 13063000.0,
        "Operating Revenue": 13063000.0
    },
    "2024-03-31": {
        "Tax Effect Of Unusual Items": 8127.0,
        "Tax Rate For Calcs": 0.0086,
        "Normalized EBITDA": -12161000.0,
        "Total Unusual Items": 945000.0,
        "Total Unusual Items Excluding Goodwill": 945000.0,
        "Net Income From Continuing Operation Net Minority Interest": -13913000.0,
        "Reconciled Depreciation": 2462000.0,
        "Reconciled Cost Of Revenue": 6536000.0,
        "EBITDA": -11216000.0,
        "EBIT": -13678000.0,
        "Net Interest Income": 1747000.0,
        "Interest Expense": 117000.0,
        "Interest Income": 1864000.0,
        "Normalized Income": -14849873.0,
        "Net Income From Continuing And Discontinued Operation": -13913000.0,
        "Total Expenses": 24822000.0,
        "Total Operating Income As Reported": -17997000.0,
        "Diluted Average Shares": 141828895.0,
        "Basic Average Shares": 141828895.0,
        "Diluted EPS": -0.1,
        "Basic EPS": -0.1,
        "Diluted NI Availto Com Stockholders": -13913000.0,
        "Net Income Common Stockholders": -13913000.0,
        "Net Income": -13913000.0,
        "Net Income Including Noncontrolling Interests": -13913000.0,
        "Net Income Continuous Operations": -13913000.0,
        "Tax Provision": 118000.0,
        "Pretax Income": -13795000.0,
        "Other Income Expense": 2455000.0,
        "Other Non Operating Income Expenses": 1510000.0,
        "Special Income Charges": NaN,
        "Write Off": NaN,
        "Restructuring And Mergern Acquisition": NaN,
        "Gain On Sale Of Security": 945000.0,
        "Net Non Operating Interest Income Expense": 1747000.0,
        "Interest Expense Non Operating": 117000.0,
        "Interest Income Non Operating": 1864000.0,
        "Operating Income": -17997000.0,
        "Operating Expense": 18135000.0,
        "Depreciation Amortization Depletion Income Statement": 2311000.0,
        "Depreciation And Amortization In Income Statement": 2311000.0,
        "Research And Development": 5819000.0,
        "Selling General And Administration": 10005000.0,
        "General And Administrative Expense": 10005000.0,
        "Other Gand A": 10005000.0,
        "Gross Profit": 138000.0,
        "Cost Of Revenue": 6687000.0,
        "Total Revenue": 6825000.0,
        "Operating Revenue": 6825000.0
    },
    "2024-06-30": {
        "Tax Effect Of Unusual Items": -476910.0,
        "Tax Rate For Calcs": 0.21,
        "Normalized EBITDA": -14122000.0,
        "Total Unusual Items": -2271000.0,
        "Total Unusual Items Excluding Goodwill": -2271000.0,
        "Net Income From Continuing Operation Net Minority Interest": -19499000.0,
        "Reconciled Depreciation": 2942000.0,
        "Reconciled Cost Of Revenue": 6697000.0,
        "EBITDA": -16393000.0,
        "EBIT": -19335000.0,
        "Net Interest Income": 1728000.0,
        "Interest Expense": 110000.0,
        "Interest Income": 1838000.0,
        "Normalized Income": -17704910.0,
        "Net Income From Continuing And Discontinued Operation": -19499000.0,
        "Total Expenses": 25290000.0,
        "Total Operating Income As Reported": -18257000.0,
        "Diluted Average Shares": 143004474.0,
        "Basic Average Shares": 143004474.0,
        "Diluted EPS": -0.14,
        "Basic EPS": -0.14,
        "Diluted NI Availto Com Stockholders": -19499000.0,
        "Net Income Common Stockholders": -19499000.0,
        "Net Income": -19499000.0,
        "Net Income Including Noncontrolling Interests": -19499000.0,
        "Net Income Continuous Operations": -19499000.0,
        "Tax Provision": 54000.0,
        "Pretax Income": -19445000.0,
        "Other Income Expense": -2916000.0,
        "Other Non Operating Income Expenses": -645000.0,
        "Special Income Charges": -978000.0,
        "Write Off": NaN,
        "Restructuring And Mergern Acquisition": 978000.0,
        "Gain On Sale Of Security": -1293000.0,
        "Net Non Operating Interest Income Expense": 1728000.0,
        "Interest Expense Non Operating": 110000.0,
        "Interest Income Non Operating": 1838000.0,
        "Operating Income": -18257000.0,
        "Operating Expense": 18464000.0,
        "Depreciation Amortization Depletion Income Statement": 2813000.0,
        "Depreciation And Amortization In Income Statement": 2813000.0,
        "Research And Development": 4392000.0,
        "Selling General And Administration": 11259000.0,
        "General And Administrative Expense": 11259000.0,
        "Other Gand A": 11259000.0,
        "Gross Profit": 207000.0,
        "Cost Of Revenue": 6826000.0,
        "Total Revenue": 7033000.0,
        "Operating Revenue": 7033000.0
    },
    "2024-09-30": {
        "Tax Effect Of Unusual Items": -3925740.0,
        "Tax Rate For Calcs": 0.21,
        "Normalized EBITDA": -14818000.0,
        "Total Unusual Items": -18694000.0,
        "Total Unusual Items Excluding Goodwill": -18694000.0,
        "Net Income From Continuing Operation Net Minority Interest": -36763000.0,
        "Reconciled Depreciation": 2934000.0,
        "Reconciled Cost Of Revenue": 8029000.0,
        "EBITDA": -33512000.0,
        "EBIT": -36446000.0,
        "Net Interest Income": -86000.0,
        "Interest Expense": 86000.0,
        "Interest Income": NaN,
        "Normalized Income": -21994740.0,
        "Net Income From Continuing And Discontinued Operation": -36763000.0,
        "Total Expenses": 25437000.0,
        "Total Operating Income As Reported": -32405000.0,
        "Diluted Average Shares": 143387618.0,
        "Basic Average Shares": 143387618.0,
        "Diluted EPS": -0.26,
        "Basic EPS": -0.26,
        "Diluted NI Availto Com Stockholders": -36763000.0,
        "Net Income Common Stockholders": -36763000.0,
        "Net Income": -36763000.0,
        "Net Income Including Noncontrolling Interests": -36763000.0,
        "Net Income Continuous Operations": -36763000.0,
        "Tax Provision": 231000.0,
        "Pretax Income": -36532000.0,
        "Other Income Expense": -19211000.0,
        "Other Non Operating Income Expenses": -517000.0,
        "Special Income Charges": -18111000.0,
        "Write Off": 15170000.0,
        "Restructuring And Mergern Acquisition": 2941000.0,
        "Gain On Sale Of Security": -583000.0,
        "Net Non Operating Interest Income Expense": -86000.0,
        "Interest Expense Non Operating": 86000.0,
        "Interest Income Non Operating": NaN,
        "Operating Income": -17235000.0,
        "Operating Expense": 17296000.0,
        "Depreciation Amortization Depletion Income Statement": 2822000.0,
        "Depreciation And Amortization In Income Statement": 2822000.0,
        "Research And Development": 5127000.0,
        "Selling General And Administration": 9347000.0,
        "General And Administrative Expense": 9347000.0,
        "Other Gand A": 9347000.0,
        "Gross Profit": 61000.0,
        "Cost Of Revenue": 8141000.0,
        "Total Revenue": 8202000.0,
        "Operating Revenue": 8202000.0
    }
}