{
    "2023-03-31": {
        "Tax Effect Of Unusual Items": -90510.0,
        "Tax Rate For Calcs": 0.21,
        "Normalized EBITDA": -2628000.0,
        "Total Unusual Items": -431000.0,
        "Total Unusual Items Excluding Goodwill": -431000.0,
        "Net Income From Continuing Operation Net Minority Interest": -4189000.0,
        "Reconciled Depreciation": 578000.0,
        "Reconciled Cost Of Revenue": 2362000.0,
        "EBITDA": -3059000.0,
        "EBIT": -3637000.0,
        "Net Interest Income": -496000.0,
        "Interest Expense": 495000.0,
        "Normalized Income": -3848510.0,
        "Net Income From Continuing And Discontinued Operation": -4189000.0,
        "Total Expenses": 10249000.0,
        "Rent Expense Supplemental": 66000.0,
        "Total Operating Income As Reported": -3205000.0,
        "Diluted Average Shares": 26246924.0,
        "Basic Average Shares": 26246924.0,
        "Diluted EPS": -0.16,
        "Basic EPS": -0.16,
        "Diluted NI Availto Com Stockholders": -4189000.0,
        "Net Income Common Stockholders": -4189000.0,
        "Net Income": -4189000.0,
        "Minority Interests": 72000.0,
        "Net Income Including Noncontrolling Interests": -4261000.0,
        "Net Income Continuous Operations": -4261000.0,
        "Tax Provision": 129000.0,
        "Pretax Income": -4132000.0,
        "Other Income Expense": -431000.0,
        "Other Non Operating Income Expenses": 2000.0,
        "Special Income Charges": -283000.0,
        "Gain On Sale Of Business": NaN,
        "Other Special Charges": 283000.0,
        "Earnings From Equity Interest": -2000.0,
        "Gain On Sale Of Security": -148000.0,
        "Net Non Operating Interest Income Expense": -496000.0,
        "Total Other Finance Cost": 1000.0,
        "Interest Expense Non Operating": 495000.0,
        "Operating Income": -3205000.0,
        "Operating Expense": 7527000.0,
        "Depreciation Amortization Depletion Income Statement": 218000.0,
        "Depreciation And Amortization In Income Statement": 218000.0,
        "Amortization": 207000.0,
        "Amortization Of Intangibles Income Statement": 207000.0,
        "Depreciation Income Statement": 11000.0,
        "Research And Development": 3491000.0,
        "Selling General And Administration": 3818000.0,
        "General And Administrative Expense": 3818000.0,
        "Other Gand A": 2506000.0,
        "Rent And Landing Fees": 66000.0,
        "Salaries And Wages": 1246000.0,
        "Gross Profit": 4322000.0,
        "Cost Of Revenue": 2722000.0,
        "Total Revenue": 7044000.0,
        "Operating Revenue": 7044000.0
    },
    "2022-12-31": {
        "Tax Effect Of Unusual Items": -108150.0,
        "Tax Rate For Calcs": 0.21,
        "Normalized EBITDA": 801000.0,
        "Total Unusual Items": -515000.0,
        "Total Unusual Items Excluding Goodwill": -515000.0,
        "Net Income From Continuing Operation Net Minority Interest": -4097000.0,
        "Reconciled Depreciation": 515000.0,
        "Reconciled Cost Of Revenue": 18020000.0,
        "EBITDA": 286000.0,
        "EBIT": -229000.0,
        "Net Interest Income": -867000.0,
        "Interest Expense": 871000.0,
        "Normalized Income": -3690150.0,
        "Net Income From Continuing And Discontinued Operation": -4097000.0,
        "Total Expenses": 13017000.0,
        "Rent Expense Supplemental": 29000.0,
        "Total Operating Income As Reported": -17766000.0,
        "Diluted Average Shares": 25550694.0,
        "Basic Average Shares": 25550694.0,
        "Diluted EPS": -0.16,
        "Basic EPS": -0.16,
        "Diluted NI Availto Com Stockholders": -4097000.0,
        "Net Income Common Stockholders": -4097000.0,
        "Net Income": -4097000.0,
        "Minority Interests": -2825000.0,
        "Net Income Including Noncontrolling Interests": -1272000.0,
        "Net Income Continuous Operations": -1272000.0,
        "Tax Provision": 172000.0,
        "Pretax Income": -1100000.0,
        "Other Income Expense": -840000.0,
        "Other Non Operating Income Expenses": NaN,
        "Special Income Charges": -1113000.0,
        "Gain On Sale Of Business": NaN,
        "Other Special Charges": NaN,
        "Earnings From Equity Interest": -319000.0,
        "Gain On Sale Of Security": 598000.0,
        "Net Non Operating Interest Income Expense": -867000.0,
        "Total Other Finance Cost": -4000.0,
        "Interest Expense Non Operating": 871000.0,
        "Operating Income": 607000.0,
        "Operating Expense": -5279000.0,
        "Depreciation Amortization Depletion Income Statement": 239000.0,
        "Depreciation And Amortization In Income Statement": 239000.0,
        "Amortization": 225000.0,
        "Amortization Of Intangibles Income Statement": 225000.0,
        "Depreciation Income Statement": 14000.0,
        "Research And Development": -12053000.0,
        "Selling General And Administration": 6708000.0,
        "General And Administrative Expense": 6708000.0,
        "Other Gand A": 5149000.0,
        "Rent And Landing Fees": 29000.0,
        "Salaries And Wages": 1530000.0,
        "Gross Profit": -4672000.0,
        "Cost Of Revenue": 18296000.0,
        "Total Revenue": 13624000.0,
        "Operating Revenue": 13624000.0
    },
    "2022-09-30": {
        "Tax Effect Of Unusual Items": -204800.0,
        "Tax Rate For Calcs": 0.4,
        "Normalized EBITDA": 206000.0,
        "Total Unusual Items": -512000.0,
        "Total Unusual Items Excluding Goodwill": -512000.0,
        "Net Income From Continuing Operation Net Minority Interest": -1356000.0,
        "Reconciled Depreciation": 488000.0,
        "Reconciled Cost Of Revenue": 4300000.0,
        "EBITDA": -306000.0,
        "EBIT": -794000.0,
        "Net Interest Income": -588000.0,
        "Interest Expense": 589000.0,
        "Normalized Income": -1048800.0,
        "Net Income From Continuing And Discontinued Operation": -1356000.0,
        "Total Expenses": 7995000.0,
        "Rent Expense Supplemental": 60000.0,
        "Total Operating Income As Reported": -7000.0,
        "Diluted Average Shares": 25403907.0,
        "Basic Average Shares": 25403907.0,
        "Diluted EPS": -0.05,
        "Basic EPS": -0.05,
        "Diluted NI Availto Com Stockholders": -1356000.0,
        "Net Income Common Stockholders": -1356000.0,
        "Net Income": -1356000.0,
        "Minority Interests": 52000.0,
        "Net Income Including Noncontrolling Interests": -1408000.0,
        "Net Income Continuous Operations": -1408000.0,
        "Tax Provision": 25000.0,
        "Pretax Income": -1383000.0,
        "Other Income Expense": -788000.0,
        "Other Non Operating Income Expenses": -2000.0,
        "Special Income Charges": 0.0,
        "Gain On Sale Of Business": NaN,
        "Other Special Charges": NaN,
        "Earnings From Equity Interest": -274000.0,
        "Gain On Sale Of Security": -512000.0,
        "Net Non Operating Interest Income Expense": -588000.0,
        "Total Other Finance Cost": -1000.0,
        "Interest Expense Non Operating": 589000.0,
        "Operating Income": -7000.0,
        "Operating Expense": 3447000.0,
        "Depreciation Amortization Depletion Income Statement": 240000.0,
        "Depreciation And Amortization In Income Statement": 240000.0,
        "Amortization": 225000.0,
        "Amortization Of Intangibles Income Statement": 225000.0,
        "Depreciation Income Statement": 15000.0,
        "Research And Development": 114000.0,
        "Selling General And Administration": 3207000.0,
        "General And Administrative Expense": 3207000.0,
        "Other Gand A": 2189000.0,
        "Rent And Landing Fees": 60000.0,
        "Salaries And Wages": 958000.0,
        "Gross Profit": 3440000.0,
        "Cost Of Revenue": 4548000.0,
        "Total Revenue": 7988000.0,
        "Operating Revenue": 7988000.0
    },
    "2022-06-30": {
        "Tax Effect Of Unusual Items": -59600.0,
        "Tax Rate For Calcs": 0.4,
        "Normalized EBITDA": -4592000.0,
        "Total Unusual Items": -149000.0,
        "Total Unusual Items Excluding Goodwill": -149000.0,
        "Net Income From Continuing Operation Net Minority Interest": -5427000.0,
        "Reconciled Depreciation": 501000.0,
        "Reconciled Cost Of Revenue": 8490000.0,
        "EBITDA": -4741000.0,
        "EBIT": -5242000.0,
        "Net Interest Income": -240000.0,
        "Interest Expense": 239000.0,
        "Normalized Income": -5337600.0,
        "Net Income From Continuing And Discontinued Operation": -5427000.0,
        "Total Expenses": 11933000.0,
        "Rent Expense Supplemental": 56000.0,
        "Total Operating Income As Reported": -4732000.0,
        "Diluted Average Shares": 24820756.0,
        "Basic Average Shares": 24820756.0,
        "Diluted EPS": -0.22,
        "Basic EPS": -0.22,
        "Diluted NI Availto Com Stockholders": -5427000.0,
        "Net Income Common Stockholders": -5427000.0,
        "Net Income": -5427000.0,
        "Minority Interests": 65000.0,
        "Net Income Including Noncontrolling Interests": -5492000.0,
        "Net Income Continuous Operations": -5492000.0,
        "Tax Provision": 11000.0,
        "Pretax Income": -5481000.0,
        "Other Income Expense": -509000.0,
        "Other Non Operating Income Expenses": 8000.0,
        "Special Income Charges": NaN,
        "Gain On Sale Of Business": NaN,
        "Other Special Charges": NaN,
        "Earnings From Equity Interest": -368000.0,
        "Gain On Sale Of Security": -149000.0,
        "Net Non Operating Interest Income Expense": -240000.0,
        "Total Other Finance Cost": 1000.0,
        "Interest Expense Non Operating": 239000.0,
        "Operating Income": -4732000.0,
        "Operating Expense": 3183000.0,
        "Depreciation Amortization Depletion Income Statement": 241000.0,
        "Depreciation And Amortization In Income Statement": 241000.0,
        "Amortization": 229000.0,
        "Amortization Of Intangibles Income Statement": 229000.0,
        "Depreciation Income Statement": 12000.0,
        "Research And Development": 130000.0,
        "Selling General And Administration": 2942000.0,
        "General And Administrative Expense": 2942000.0,
        "Other Gand A": 1729000.0,
        "Rent And Landing Fees": 56000.0,
        "Salaries And Wages": 1157000.0,
        "Gross Profit": -1549000.0,
        "Cost Of Revenue": 8750000.0,
        "Total Revenue": 7201000.0,
        "Operating Revenue": 7201000.0
    },
    "2022-03-31": {
        "Diluted EPS": -0.16,
        "Total Revenue": 7,
        "Gross Profit": 6,
        "Operating Income": -3,
        "EBIT": -3,
        "Net Income": -4
    },
    "2021-12-31": {
        "Diluted EPS": -0.2,
        "Total Revenue": 7,
        "Gross Profit": -4,
        "Operating Income": -7,
        "EBIT": -6,
        "Net Income": -5
    },
    "2021-09-30": {
        "Diluted EPS": -0.42,
        "Total Revenue": 9,
        "Gross Profit": -1,
        "Operating Income": -8,
        "EBIT": -7,
        "Net Income": -10
    },
    "2021-06-30": {
        "Diluted EPS": -0.11,
        "Total Revenue": 11,
        "Gross Profit": 1,
        "Operating Income": -2,
        "EBIT": -2,
        "Net Income": -3
    },
    "2021-03-31": {
        "Diluted EPS": -0.01,
        "Total Revenue": 9,
        "Gross Profit": 3,
        "Operating Income": 0,
        "EBIT": 1,
        "Net Income": 0
    },
    "2020-12-31": {
        "Diluted EPS": -3.46,
        "Total Revenue": 2,
        "Gross Profit": -45,
        "Operating Income": -53,
        "EBIT": -52,
        "Net Income": -46
    },
    "2020-09-30": {
        "Diluted EPS": -0.11,
        "Total Revenue": 2,
        "Gross Profit": -5,
        "Operating Income": -9,
        "EBIT": -9,
        "Net Income": -2
    },
    "2020-06-30": {
        "Diluted EPS": -0.95,
        "Total Revenue": 2,
        "Gross Profit": -23,
        "Operating Income": -27,
        "EBIT": -27,
        "Net Income": -20
    },
    "2020-03-31": {
        "Diluted EPS": 4.23,
        "Total Revenue": 2,
        "Gross Profit": -3,
        "Operating Income": -7,
        "EBIT": -6,
        "Net Income": 70
    },
    "2019-12-31": {
        "Diluted EPS": -0.42,
        "Total Revenue": 1,
        "Gross Profit": -2,
        "Operating Income": -5,
        "EBIT": -4,
        "Net Income": -6
    },
    "2019-09-30": {
        "Diluted EPS": -0.44,
        "Total Revenue": 1,
        "Gross Profit": -1,
        "Operating Income": -4,
        "EBIT": -3,
        "Net Income": -5
    },
    "2019-06-30": {
        "Diluted EPS": -0.36,
        "Total Revenue": 1,
        "Gross Profit": -2,
        "Operating Income": -5,
        "EBIT": -4,
        "Net Income": -5
    },
    "2019-03-31": {
        "Diluted EPS": -0.55,
        "Total Revenue": 0,
        "Gross Profit": -5,
        "Operating Income": -8,
        "EBIT": -7,
        "Net Income": -8
    },
    "2018-12-31": {
        "Diluted EPS": -0.58,
        "Total Revenue": 8,
        "Gross Profit": 3,
        "Operating Income": -10,
        "EBIT": -9,
        "Net Income": -9
    },
    "2018-11-30": {
        "Diluted EPS": 0.0,
        "Total Revenue": NaN,
        "Gross Profit": NaN,
        "Operating Income": NaN,
        "EBIT": NaN,
        "Net Income": NaN
    },
    "2018-08-31": {
        "Diluted EPS": -0.35,
        "Total Revenue": 6,
        "Gross Profit": 3,
        "Operating Income": -1,
        "EBIT": 0,
        "Net Income": -5
    },
    "2018-05-31": {
        "Diluted EPS": -0.2,
        "Total Revenue": 4,
        "Gross Profit": 2,
        "Operating Income": -3,
        "EBIT": -2,
        "Net Income": -3
    },
    "2018-02-28": {
        "Diluted EPS": -0.52,
        "Total Revenue": 3,
        "Gross Profit": 1,
        "Operating Income": -3,
        "EBIT": -3,
        "Net Income": -6
    },
    "2017-11-30": {
        "Diluted EPS": 0.0,
        "Total Revenue": NaN,
        "Gross Profit": NaN,
        "Operating Income": NaN,
        "EBIT": NaN,
        "Net Income": NaN
    },
    "2017-08-31": {
        "Diluted EPS": -0.4,
        "Total Revenue": 3,
        "Gross Profit": 1,
        "Operating Income": -3,
        "EBIT": -3,
        "Net Income": -4
    },
    "2017-05-31": {
        "Diluted EPS": -0.26,
        "Total Revenue": 2,
        "Gross Profit": 1,
        "Operating Income": -2,
        "EBIT": -2,
        "Net Income": -2
    },
    "2017-02-28": {
        "Diluted EPS": -0.66,
        "Total Revenue": 2,
        "Gross Profit": 0,
        "Operating Income": -3,
        "EBIT": -3,
        "Net Income": -6
    },
    "2016-11-30": {
        "Diluted EPS": 0.0,
        "Total Revenue": NaN,
        "Gross Profit": NaN,
        "Operating Income": NaN,
        "EBIT": NaN,
        "Net Income": NaN
    },
    "2016-08-31": {
        "Diluted EPS": -0.24,
        "Total Revenue": 2,
        "Gross Profit": 0,
        "Operating Income": -2,
        "EBIT": -2,
        "Net Income": -3
    },
    "2016-05-31": {
        "Diluted EPS": -0.48,
        "Total Revenue": 1,
        "Gross Profit": -1,
        "Operating Income": -4,
        "EBIT": -3,
        "Net Income": -4
    },
    "2016-02-29": {
        "Diluted EPS": 0.01,
        "Total Revenue": 2,
        "Gross Profit": 0,
        "Operating Income": -2,
        "EBIT": -1,
        "Net Income": 0
    },
    "2015-11-30": {
        "Diluted EPS": 0.0,
        "Total Revenue": NaN,
        "Gross Profit": NaN,
        "Operating Income": NaN,
        "EBIT": NaN,
        "Net Income": NaN
    },
    "2015-08-31": {
        "Diluted EPS": 0.48,
        "Total Revenue": 1,
        "Gross Profit": 0,
        "Operating Income": -2,
        "EBIT": -1,
        "Net Income": -2
    },
    "2015-05-31": {
        "Diluted EPS": 0.36,
        "Total Revenue": 1,
        "Gross Profit": 0,
        "Operating Income": -2,
        "EBIT": -1,
        "Net Income": -1
    },
    "2015-02-28": {
        "Diluted EPS": -0.24,
        "Total Revenue": NaN,
        "Gross Profit": NaN,
        "Operating Income": -1,
        "EBIT": -1,
        "Net Income": -1
    },
    "2014-11-30": {
        "Diluted EPS": 0.0,
        "Total Revenue": NaN,
        "Gross Profit": NaN,
        "Operating Income": NaN,
        "EBIT": NaN,
        "Net Income": NaN
    },
    "2014-08-31": {
        "Diluted EPS": 0.72,
        "Total Revenue": NaN,
        "Gross Profit": NaN,
        "Operating Income": -1,
        "EBIT": -1,
        "Net Income": -3
    },
    "2014-05-31": {
        "Diluted EPS": 0.36,
        "Total Revenue": NaN,
        "Gross Profit": NaN,
        "Operating Income": -2,
        "EBIT": -2,
        "Net Income": -2
    },
    "2014-02-28": {
        "Diluted EPS": 0.12,
        "Total Revenue": NaN,
        "Gross Profit": NaN,
        "Operating Income": -1,
        "EBIT": -1,
        "Net Income": 1
    },
    "2013-11-30": {
        "Diluted EPS": 0.0,
        "Total Revenue": NaN,
        "Gross Profit": NaN,
        "Operating Income": NaN,
        "EBIT": NaN,
        "Net Income": NaN
    },
    "2013-08-31": {
        "Diluted EPS": -0.24,
        "Total Revenue": NaN,
        "Gross Profit": NaN,
        "Operating Income": -1,
        "EBIT": -1,
        "Net Income": -1
    },
    "2013-05-31": {
        "Diluted EPS": 0.36,
        "Total Revenue": NaN,
        "Gross Profit": NaN,
        "Operating Income": -1,
        "EBIT": -1,
        "Net Income": -2
    },
    "2013-02-28": {
        "Diluted EPS": 0.36,
        "Total Revenue": NaN,
        "Gross Profit": NaN,
        "Operating Income": -1,
        "EBIT": -1,
        "Net Income": -1
    },
    "2012-12-31": {
        "Diluted EPS": 0.0,
        "Total Revenue": NaN,
        "Gross Profit": NaN,
        "Operating Income": -1,
        "EBIT": -1,
        "Net Income": -1
    },
    "2012-11-30": {
        "Diluted EPS": 0.0,
        "Total Revenue": NaN,
        "Gross Profit": NaN,
        "Operating Income": NaN,
        "EBIT": NaN,
        "Net Income": NaN
    },
    "2012-09-30": {
        "Diluted EPS": 0.0,
        "Total Revenue": NaN,
        "Gross Profit": NaN,
        "Operating Income": -1,
        "EBIT": -1,
        "Net Income": -2
    },
    "2012-08-31": {
        "Diluted EPS": 0.48,
        "Total Revenue": NaN,
        "Gross Profit": NaN,
        "Operating Income": -2,
        "EBIT": -2,
        "Net Income": -2
    },
    "2012-06-30": {
        "Diluted EPS": 0.0,
        "Total Revenue": NaN,
        "Gross Profit": NaN,
        "Operating Income": -1,
        "EBIT": -1,
        "Net Income": -2
    },
    "2012-05-31": {
        "Diluted EPS": 0.24,
        "Total Revenue": NaN,
        "Gross Profit": NaN,
        "Operating Income": -1,
        "EBIT": -1,
        "Net Income": -1
    },
    "2012-03-31": {
        "Diluted EPS": 0.0,
        "Total Revenue": NaN,
        "Gross Profit": NaN,
        "Operating Income": 0,
        "EBIT": 0,
        "Net Income": -1
    },
    "2012-02-29": {
        "Diluted EPS": 0.12,
        "Total Revenue": NaN,
        "Gross Profit": NaN,
        "Operating Income": -1,
        "EBIT": -1,
        "Net Income": -1
    },
    "2023-06-30": {
        "Tax Effect Of Unusual Items": 66570.0,
        "Tax Rate For Calcs": 0.21,
        "Normalized EBITDA": -2731000.0,
        "Total Unusual Items": 317000.0,
        "Total Unusual Items Excluding Goodwill": 317000.0,
        "Net Income From Continuing Operation Net Minority Interest": -4127000.0,
        "Reconciled Depreciation": 597000.0,
        "Reconciled Cost Of Revenue": 2864000.0,
        "EBITDA": -2414000.0,
        "EBIT": -3011000.0,
        "Net Interest Income": -561000.0,
        "Interest Expense": 559000.0,
        "Normalized Income": -4377430.0,
        "Net Income From Continuing And Discontinued Operation": -4127000.0,
        "Total Expenses": 10304000.0,
        "Rent Expense Supplemental": 48000.0,
        "Total Operating Income As Reported": -3329000.0,
        "Diluted Average Shares": 28357779.0,
        "Basic Average Shares": 28357779.0,
        "Diluted EPS": -0.15,
        "Basic EPS": -0.15,
        "Diluted NI Availto Com Stockholders": -4127000.0,
        "Net Income Common Stockholders": -4127000.0,
        "Net Income": -4127000.0,
        "Minority Interests": -466000.0,
        "Net Income Including Noncontrolling Interests": -3661000.0,
        "Net Income Continuous Operations": -3661000.0,
        "Tax Provision": 91000.0,
        "Pretax Income": -3570000.0,
        "Other Income Expense": 320000.0,
        "Other Non Operating Income Expenses": NaN,
        "Special Income Charges": 411000.0,
        "Gain On Sale Of Business": 411000.0,
        "Other Special Charges": NaN,
        "Earnings From Equity Interest": 3000.0,
        "Gain On Sale Of Security": -94000.0,
        "Net Non Operating Interest Income Expense": -561000.0,
        "Total Other Finance Cost": 2000.0,
        "Interest Expense Non Operating": 559000.0,
        "Operating Income": -3329000.0,
        "Operating Expense": 7072000.0,
        "Depreciation Amortization Depletion Income Statement": 229000.0,
        "Depreciation And Amortization In Income Statement": 229000.0,
        "Amortization": 208000.0,
        "Amortization Of Intangibles Income Statement": 208000.0,
        "Depreciation Income Statement": 21000.0,
        "Research And Development": 3678000.0,
        "Selling General And Administration": 3165000.0,
        "General And Administrative Expense": 3165000.0,
        "Other Gand A": 1958000.0,
        "Rent And Landing Fees": 48000.0,
        "Salaries And Wages": 1159000.0,
        "Gross Profit": 3743000.0,
        "Cost Of Revenue": 3232000.0,
        "Total Revenue": 6975000.0,
        "Operating Revenue": 6975000.0
    },
    "2023-09-30": {
        "Tax Effect Of Unusual Items": 14490.0,
        "Tax Rate For Calcs": 0.21,
        "Normalized EBITDA": -11562000.0,
        "Total Unusual Items": 69000.0,
        "Total Unusual Items Excluding Goodwill": 69000.0,
        "Net Income From Continuing Operation Net Minority Interest": -12653000.0,
        "Reconciled Depreciation": 191000.0,
        "Reconciled Cost Of Revenue": 105000.0,
        "EBITDA": -11493000.0,
        "EBIT": -11684000.0,
        "Net Interest Income": -577000.0,
        "Interest Expense": 575000.0,
        "Normalized Income": -12707510.0,
        "Net Income From Continuing And Discontinued Operation": -12653000.0,
        "Total Expenses": 2345000.0,
        "Rent Expense Supplemental": 13000.0,
        "Total Operating Income As Reported": 11753000.0,
        "Diluted Average Shares": 29162459.0,
        "Basic Average Shares": 29162459.0,
        "Diluted EPS": -0.43,
        "Basic EPS": -0.43,
        "Diluted NI Availto Com Stockholders": -12653000.0,
        "Net Income Common Stockholders": -12653000.0,
        "Net Income": -12653000.0,
        "Minority Interests": 0.0,
        "Net Income Including Noncontrolling Interests": -12653000.0,
        "Net Income Continuous Operations": -12653000.0,
        "Tax Provision": 394000.0,
        "Pretax Income": -12259000.0,
        "Other Income Expense": -9447000.0,
        "Other Non Operating Income Expenses": 2000.0,
        "Special Income Charges": 0.0,
        "Gain On Sale Of Business": 0.0,
        "Other Special Charges": NaN,
        "Earnings From Equity Interest": -9518000.0,
        "Gain On Sale Of Security": 69000.0,
        "Net Non Operating Interest Income Expense": -577000.0,
        "Total Other Finance Cost": 2000.0,
        "Interest Expense Non Operating": 575000.0,
        "Operating Income": -2235000.0,
        "Operating Expense": 2206000.0,
        "Depreciation Amortization Depletion Income Statement": 157000.0,
        "Depreciation And Amortization In Income Statement": 157000.0,
        "Amortization": 153000.0,
        "Amortization Of Intangibles Income Statement": 153000.0,
        "Depreciation Income Statement": 4000.0,
        "Research And Development": 868000.0,
        "Selling General And Administration": 1181000.0,
        "General And Administrative Expense": 1181000.0,
        "Other Gand A": 856000.0,
        "Rent And Landing Fees": 13000.0,
        "Salaries And Wages": 312000.0,
        "Gross Profit": -29000.0,
        "Cost Of Revenue": 139000.0,
        "Total Revenue": 110000.0,
        "Operating Revenue": 110000.0
    }
}