{
    "2023-06-30": {
        "Tax Effect Of Unusual Items": 0.0,
        "Tax Rate For Calcs": 0.209751,
        "Net Income From Continuing Operation Net Minority Interest": 155500000.0,
        "EBIT": 217600000.0,
        "Net Interest Income": -20700000.0,
        "Interest Expense": 20700000.0,
        "Normalized Income": 155500000.0,
        "Net Income From Continuing And Discontinued Operation": 155500000.0,
        "Total Expenses": 1601400000.0,
        "Diluted Average Shares": 287962963.0,
        "Basic Average Shares": 282727273.0,
        "Diluted EPS": 0.54,
        "Basic EPS": 0.55,
        "Diluted NI Availto Com Stockholders": 155500000.0,
        "Net Income Common Stockholders": 155500000.0,
        "Net Income": 155500000.0,
        "Net Income Including Noncontrolling Interests": 155600000.0,
        "Net Income Continuous Operations": 155600000.0,
        "Tax Provision": 41300000.0,
        "Pretax Income": 196900000.0,
        "Other Income Expense": 40600000.0,
        "Net Non Operating Interest Income Expense": -20700000.0,
        "Interest Expense Non Operating": 20700000.0,
        "Other Operating Expenses": NaN,
        "Selling General And Administration": 962900000.0,
        "Total Revenue": 1798200000.0,
        "Operating Revenue": 1798200000.0
    },
    "2023-03-31": {
        "Tax Effect Of Unusual Items": 0.0,
        "Tax Rate For Calcs": 0.197833,
        "Net Income From Continuing Operation Net Minority Interest": 199800000.0,
        "EBIT": 266100000.0,
        "Net Interest Income": -16900000.0,
        "Interest Expense": 16900000.0,
        "Normalized Income": 199800000.0,
        "Net Income From Continuing And Discontinued Operation": 199800000.0,
        "Total Expenses": 1509500000.0,
        "Diluted Average Shares": 293823529.0,
        "Basic Average Shares": 293823529.0,
        "Diluted EPS": 0.68,
        "Basic EPS": 0.68,
        "Diluted NI Availto Com Stockholders": 199800000.0,
        "Net Income Common Stockholders": 199800000.0,
        "Net Income": 199800000.0,
        "Net Income Including Noncontrolling Interests": 199900000.0,
        "Net Income Continuous Operations": 199900000.0,
        "Tax Provision": 49300000.0,
        "Pretax Income": 249200000.0,
        "Other Income Expense": 39400000.0,
        "Net Non Operating Interest Income Expense": -16900000.0,
        "Interest Expense Non Operating": 16900000.0,
        "Other Operating Expenses": 100000.0,
        "Selling General And Administration": 888600000.0,
        "Total Revenue": 1758600000.0,
        "Operating Revenue": 1758600000.0
    },
    "2022-12-31": {
        "Tax Effect Of Unusual Items": 0.0,
        "Tax Rate For Calcs": 0.210786,
        "Net Income From Continuing Operation Net Minority Interest": 512100000.0,
        "EBIT": 665800000.0,
        "Net Interest Income": -16800000.0,
        "Interest Expense": 16800000.0,
        "Normalized Income": 512100000.0,
        "Net Income From Continuing And Discontinued Operation": 512100000.0,
        "Total Expenses": 1696500000.0,
        "Diluted Average Shares": 296011561.0,
        "Basic Average Shares": 294310345.0,
        "Diluted EPS": 1.73,
        "Basic EPS": 1.74,
        "Diluted NI Availto Com Stockholders": 512100000.0,
        "Net Income Common Stockholders": 512100000.0,
        "Net Income": 512100000.0,
        "Net Income Including Noncontrolling Interests": 512200000.0,
        "Net Income Continuous Operations": 512200000.0,
        "Tax Provision": 136800000.0,
        "Pretax Income": 649000000.0,
        "Other Income Expense": 36200000.0,
        "Net Non Operating Interest Income Expense": -16800000.0,
        "Interest Expense Non Operating": 16800000.0,
        "Other Operating Expenses": 100000.0,
        "Selling General And Administration": 1114700000.0,
        "Total Revenue": 2345400000.0,
        "Operating Revenue": 2345400000.0
    },
    "2022-09-30": {
        "Tax Effect Of Unusual Items": 0.0,
        "Tax Rate For Calcs": 0.232441,
        "Net Income From Continuing Operation Net Minority Interest": -91700000.0,
        "EBIT": -103300000.0,
        "Net Interest Income": -16300000.0,
        "Interest Expense": 16300000.0,
        "Normalized Income": -91700000.0,
        "Net Income From Continuing And Discontinued Operation": -91700000.0,
        "Total Expenses": 1840700000.0,
        "Diluted Average Shares": 303652802.0,
        "Basic Average Shares": 303652802.0,
        "Diluted EPS": -0.31,
        "Basic EPS": -0.31,
        "Diluted NI Availto Com Stockholders": -91700000.0,
        "Net Income Common Stockholders": -91700000.0,
        "Net Income": -91700000.0,
        "Net Income Including Noncontrolling Interests": -91800000.0,
        "Net Income Continuous Operations": -91800000.0,
        "Tax Provision": -27800000.0,
        "Pretax Income": -119600000.0,
        "Other Income Expense": 39700000.0,
        "Net Non Operating Interest Income Expense": -16300000.0,
        "Interest Expense Non Operating": 16300000.0,
        "Other Operating Expenses": 100000.0,
        "Selling General And Administration": 1195800000.0,
        "Total Revenue": 1721100000.0,
        "Operating Revenue": 1721100000.0
    },
    "2022-06-30": {
        "Tax Effect Of Unusual Items": 0.0,
        "Tax Rate For Calcs": 0.263736,
        "Net Income From Continuing Operation Net Minority Interest": -40100000.0,
        "EBIT": -38000000.0,
        "Net Interest Income": -16600000.0,
        "Interest Expense": 16600000.0,
        "Normalized Income": -40100000.0,
        "Net Income From Continuing And Discontinued Operation": -40100000.0,
        "Total Expenses": 1865000000.0,
        "Diluted Average Shares": 303793432.0,
        "Basic Average Shares": 303793432.0,
        "Diluted EPS": -0.13,
        "Basic EPS": -0.13,
        "Diluted NI Availto Com Stockholders": -40100000.0,
        "Net Income Common Stockholders": -40100000.0,
        "Net Income": -40100000.0,
        "Net Income Including Noncontrolling Interests": -40200000.0,
        "Net Income Continuous Operations": -40200000.0,
        "Tax Provision": -14400000.0,
        "Pretax Income": -54600000.0,
        "Other Income Expense": 37600000.0,
        "Net Non Operating Interest Income Expense": -16600000.0,
        "Interest Expense Non Operating": 16600000.0,
        "Other Operating Expenses": 200000.0,
        "Selling General And Administration": 1209600000.0,
        "Total Revenue": 1810200000.0,
        "Operating Revenue": 1810200000.0
    },
    "2022-03-31": {
        "Diluted EPS": 1.0,
        "Total Revenue": NaN,
        "Gross Profit": 403,
        "Operating Income": 403,
        "EBIT": 403,
        "Net Income": 306
    },
    "2021-12-31": {
        "Diluted EPS": 2.03,
        "Total Revenue": NaN,
        "Gross Profit": 811,
        "Operating Income": 811,
        "EBIT": 811,
        "Net Income": 627
    },
    "2021-09-30": {
        "Diluted EPS": 0.29,
        "Total Revenue": NaN,
        "Gross Profit": 126,
        "Operating Income": 126,
        "EBIT": 126,
        "Net Income": 89
    },
    "2021-06-30": {
        "Diluted EPS": 1.05,
        "Total Revenue": NaN,
        "Gross Profit": 417,
        "Operating Income": 417,
        "EBIT": 417,
        "Net Income": 316
    },
    "2021-03-31": {
        "Diluted EPS": 1.68,
        "Total Revenue": NaN,
        "Gross Profit": 647,
        "Operating Income": 647,
        "EBIT": 647,
        "Net Income": 502
    },
    "2020-12-31": {
        "Diluted EPS": 1.71,
        "Total Revenue": NaN,
        "Gross Profit": 669,
        "Operating Income": 669,
        "EBIT": 669,
        "Net Income": 520
    },
    "2020-09-30": {
        "Diluted EPS": 0.83,
        "Total Revenue": NaN,
        "Gross Profit": 321,
        "Operating Income": 321,
        "EBIT": 321,
        "Net Income": 246
    },
    "2020-06-30": {
        "Diluted EPS": 1.34,
        "Total Revenue": NaN,
        "Gross Profit": 516,
        "Operating Income": 516,
        "EBIT": 516,
        "Net Income": 398
    },
    "2020-03-31": {
        "Diluted EPS": -2.01,
        "Total Revenue": 764,
        "Gross Profit": -755,
        "Operating Income": -755,
        "EBIT": -755,
        "Net Income": -605
    },
    "2019-12-31": {
        "Diluted EPS": 0.92,
        "Total Revenue": NaN,
        "Gross Profit": 365,
        "Operating Income": 365,
        "EBIT": 365,
        "Net Income": 276
    },
    "2019-09-30": {
        "Diluted EPS": 0.67,
        "Total Revenue": NaN,
        "Gross Profit": 267,
        "Operating Income": 267,
        "EBIT": 267,
        "Net Income": 203
    },
    "2019-06-30": {
        "Diluted EPS": 0.55,
        "Total Revenue": NaN,
        "Gross Profit": 221,
        "Operating Income": 221,
        "EBIT": 221,
        "Net Income": 166
    },
    "2019-03-31": {
        "Diluted EPS": 1.37,
        "Total Revenue": NaN,
        "Gross Profit": 537,
        "Operating Income": 537,
        "EBIT": 537,
        "Net Income": 412
    },
    "2018-12-31": {
        "Diluted EPS": -0.35,
        "Total Revenue": NaN,
        "Gross Profit": -125,
        "Operating Income": -125,
        "EBIT": -125,
        "Net Income": -106
    },
    "2018-09-30": {
        "Diluted EPS": 0.92,
        "Total Revenue": NaN,
        "Gross Profit": 349,
        "Operating Income": 349,
        "EBIT": 349,
        "Net Income": 275
    },
    "2018-06-30": {
        "Diluted EPS": 0.66,
        "Total Revenue": NaN,
        "Gross Profit": 263,
        "Operating Income": 263,
        "EBIT": 263,
        "Net Income": 198
    },
    "2018-03-31": {
        "Diluted EPS": 0.01,
        "Total Revenue": NaN,
        "Gross Profit": 12,
        "Operating Income": 12,
        "EBIT": 12,
        "Net Income": 4
    },
    "2017-12-31": {
        "Diluted EPS": 1.01,
        "Total Revenue": NaN,
        "Gross Profit": 371,
        "Operating Income": 371,
        "EBIT": 371,
        "Net Income": 300
    },
    "2017-09-30": {
        "Diluted EPS": 0.17,
        "Total Revenue": NaN,
        "Gross Profit": 83,
        "Operating Income": 83,
        "EBIT": 83,
        "Net Income": 46
    },
    "2017-06-30": {
        "Diluted EPS": 0.35,
        "Total Revenue": NaN,
        "Gross Profit": 169,
        "Operating Income": 169,
        "EBIT": 169,
        "Net Income": 102
    },
    "2017-03-31": {
        "Diluted EPS": 0.39,
        "Total Revenue": NaN,
        "Gross Profit": 185,
        "Operating Income": 185,
        "EBIT": 185,
        "Net Income": 113
    },
    "2016-12-31": {
        "Diluted EPS": 0.45,
        "Total Revenue": NaN,
        "Gross Profit": 211,
        "Operating Income": 211,
        "EBIT": 211,
        "Net Income": 132
    },
    "2016-09-30": {
        "Diluted EPS": 0.39,
        "Total Revenue": NaN,
        "Gross Profit": 181,
        "Operating Income": 181,
        "EBIT": 181,
        "Net Income": 111
    },
    "2016-06-30": {
        "Diluted EPS": 0.35,
        "Total Revenue": NaN,
        "Gross Profit": 165,
        "Operating Income": 165,
        "EBIT": 165,
        "Net Income": 101
    },
    "2016-03-31": {
        "Diluted EPS": 0.43,
        "Total Revenue": NaN,
        "Gross Profit": 197,
        "Operating Income": 197,
        "EBIT": 197,
        "Net Income": 123
    },
    "2015-12-31": {
        "Diluted EPS": 0.32,
        "Total Revenue": NaN,
        "Gross Profit": 158,
        "Operating Income": 158,
        "EBIT": 158,
        "Net Income": 91
    },
    "2015-09-30": {
        "Diluted EPS": 0.44,
        "Total Revenue": NaN,
        "Gross Profit": 198,
        "Operating Income": 198,
        "EBIT": 198,
        "Net Income": 126
    },
    "2015-06-30": {
        "Diluted EPS": 0.36,
        "Total Revenue": NaN,
        "Gross Profit": 166,
        "Operating Income": 166,
        "EBIT": 166,
        "Net Income": 102
    },
    "2015-03-31": {
        "Diluted EPS": 0.36,
        "Total Revenue": NaN,
        "Gross Profit": 170,
        "Operating Income": 170,
        "EBIT": 170,
        "Net Income": 103
    },
    "2014-12-31": {
        "Diluted EPS": 0.23,
        "Total Revenue": NaN,
        "Gross Profit": 104,
        "Operating Income": 104,
        "EBIT": 104,
        "Net Income": 63
    },
    "2014-09-30": {
        "Diluted EPS": 0.3,
        "Total Revenue": NaN,
        "Gross Profit": 130,
        "Operating Income": 130,
        "EBIT": 130,
        "Net Income": 86
    },
    "2014-06-30": {
        "Diluted EPS": 0.24,
        "Total Revenue": NaN,
        "Gross Profit": 109,
        "Operating Income": 109,
        "EBIT": 109,
        "Net Income": 66
    },
    "2014-03-31": {
        "Diluted EPS": 0.67,
        "Total Revenue": NaN,
        "Gross Profit": 307,
        "Operating Income": 307,
        "EBIT": 307,
        "Net Income": 194
    },
    "2013-12-31": {
        "Diluted EPS": 0.33,
        "Total Revenue": NaN,
        "Gross Profit": 151,
        "Operating Income": 151,
        "EBIT": 151,
        "Net Income": 95
    },
    "2013-09-30": {
        "Diluted EPS": 0.36,
        "Total Revenue": NaN,
        "Gross Profit": 159,
        "Operating Income": 159,
        "EBIT": 159,
        "Net Income": 103
    },
    "2013-06-30": {
        "Diluted EPS": 0.67,
        "Total Revenue": NaN,
        "Gross Profit": 306,
        "Operating Income": 306,
        "EBIT": 306,
        "Net Income": 194
    },
    "2013-03-31": {
        "Diluted EPS": 0.21,
        "Total Revenue": NaN,
        "Gross Profit": 95,
        "Operating Income": 95,
        "EBIT": 95,
        "Net Income": 56
    },
    "2012-12-31": {
        "Diluted EPS": -0.08,
        "Total Revenue": NaN,
        "Gross Profit": -25,
        "Operating Income": -25,
        "EBIT": -25,
        "Net Income": -20
    },
    "2012-09-30": {
        "Diluted EPS": -0.06,
        "Total Revenue": NaN,
        "Gross Profit": -20,
        "Operating Income": -20,
        "EBIT": -20,
        "Net Income": -15
    },
    "2012-06-30": {
        "Diluted EPS": -0.13,
        "Total Revenue": NaN,
        "Gross Profit": -46,
        "Operating Income": -46,
        "EBIT": -46,
        "Net Income": -34
    },
    "2012-03-31": {
        "Diluted EPS": 0.0,
        "Total Revenue": NaN,
        "Gross Profit": 15,
        "Operating Income": 15,
        "EBIT": 15,
        "Net Income": 0
    },
    "2011-12-31": {
        "Diluted EPS": 0.22,
        "Total Revenue": NaN,
        "Gross Profit": 97,
        "Operating Income": 97,
        "EBIT": 97,
        "Net Income": 55
    },
    "2011-09-30": {
        "Diluted EPS": -0.46,
        "Total Revenue": NaN,
        "Gross Profit": -154,
        "Operating Income": -154,
        "EBIT": -154,
        "Net Income": -117
    },
    "2011-06-30": {
        "Diluted EPS": -0.26,
        "Total Revenue": NaN,
        "Gross Profit": -90,
        "Operating Income": -90,
        "EBIT": -90,
        "Net Income": -66
    },
    "2011-03-31": {
        "Diluted EPS": -0.05,
        "Total Revenue": NaN,
        "Gross Profit": -11,
        "Operating Income": -11,
        "EBIT": -11,
        "Net Income": -13
    },
    "2010-12-31": {
        "Diluted EPS": -0.05,
        "Total Revenue": NaN,
        "Gross Profit": -5,
        "Operating Income": -5,
        "EBIT": -5,
        "Net Income": -13
    },
    "2010-09-30": {
        "Diluted EPS": -0.16,
        "Total Revenue": 987,
        "Gross Profit": -52,
        "Operating Income": -52,
        "EBIT": -52,
        "Net Income": -39
    },
    "2010-06-30": {
        "Diluted EPS": 0.23,
        "Total Revenue": NaN,
        "Gross Profit": 88,
        "Operating Income": 88,
        "EBIT": 88,
        "Net Income": 57
    },
    "2010-03-31": {
        "Diluted EPS": 0.11,
        "Total Revenue": 933,
        "Gross Profit": 40,
        "Operating Income": 40,
        "EBIT": 40,
        "Net Income": 25
    },
    "2009-12-31": {
        "Diluted EPS": -0.15,
        "Total Revenue": 972,
        "Gross Profit": -56,
        "Operating Income": -56,
        "EBIT": -56,
        "Net Income": -37
    },
    "2009-09-30": {
        "Diluted EPS": 0.03,
        "Total Revenue": NaN,
        "Gross Profit": -18,
        "Operating Income": -18,
        "EBIT": -18,
        "Net Income": 7
    },
    "2009-06-30": {
        "Diluted EPS": -0.07,
        "Total Revenue": 913,
        "Gross Profit": -78,
        "Operating Income": -78,
        "EBIT": -78,
        "Net Income": -16
    },
    "2009-03-31": {
        "Diluted EPS": -0.23,
        "Total Revenue": 879,
        "Gross Profit": -89,
        "Operating Income": -89,
        "EBIT": -89,
        "Net Income": -54
    }
}