{
    "2023-03-31": {
        "Tax Effect Of Unusual Items": 0.0,
        "Tax Rate For Calcs": 0.0,
        "Normalized EBITDA": -25425000.0,
        "Total Unusual Items": NaN,
        "Total Unusual Items Excluding Goodwill": NaN,
        "Net Income From Continuing Operation Net Minority Interest": -23945000.0,
        "Reconciled Depreciation": 253000.0,
        "EBITDA": -25425000.0,
        "EBIT": -25678000.0,
        "Net Interest Income": 1733000.0,
        "Interest Income": 1733000.0,
        "Normalized Income": -23945000.0,
        "Net Income From Continuing And Discontinued Operation": -23945000.0,
        "Total Expenses": 25678000.0,
        "Total Operating Income As Reported": -25678000.0,
        "Diluted Average Shares": 45090166.0,
        "Basic Average Shares": 45090166.0,
        "Diluted EPS": -0.53,
        "Basic EPS": -0.53,
        "Diluted NI Availto Com Stockholders": -23945000.0,
        "Net Income Common Stockholders": -23945000.0,
        "Net Income": -23945000.0,
        "Net Income Including Noncontrolling Interests": -23945000.0,
        "Net Income Continuous Operations": -23945000.0,
        "Pretax Income": -23945000.0,
        "Other Income Expense": 1733000.0,
        "Other Non Operating Income Expenses": 1733000.0,
        "Special Income Charges": NaN,
        "Other Special Charges": NaN,
        "Net Non Operating Interest Income Expense": 1733000.0,
        "Interest Income Non Operating": 1733000.0,
        "Operating Income": -25678000.0,
        "Operating Expense": 25678000.0,
        "Research And Development": 19516000.0,
        "Selling General And Administration": 6162000.0,
        "General And Administrative Expense": 6162000.0,
        "Other Gand A": 6162000.0,
        "Total Revenue": 0.0,
        "Operating Revenue": 0.0
    },
    "2022-12-31": {
        "Tax Effect Of Unusual Items": NaN,
        "Tax Rate For Calcs": NaN,
        "Normalized EBITDA": NaN,
        "Total Unusual Items": 0.0,
        "Total Unusual Items Excluding Goodwill": 0.0,
        "Net Income From Continuing Operation Net Minority Interest": NaN,
        "Reconciled Depreciation": NaN,
        "EBITDA": NaN,
        "EBIT": NaN,
        "Net Interest Income": 1272000.0,
        "Interest Income": 1272000.0,
        "Normalized Income": NaN,
        "Net Income From Continuing And Discontinued Operation": NaN,
        "Total Expenses": NaN,
        "Total Operating Income As Reported": NaN,
        "Diluted Average Shares": 40125286.0,
        "Basic Average Shares": 40125286.0,
        "Diluted EPS": -0.52,
        "Basic EPS": -0.52,
        "Diluted NI Availto Com Stockholders": NaN,
        "Net Income Common Stockholders": NaN,
        "Net Income": NaN,
        "Net Income Including Noncontrolling Interests": NaN,
        "Net Income Continuous Operations": NaN,
        "Pretax Income": NaN,
        "Other Income Expense": NaN,
        "Other Non Operating Income Expenses": NaN,
        "Special Income Charges": 0.0,
        "Other Special Charges": 0.0,
        "Net Non Operating Interest Income Expense": 1272000.0,
        "Interest Income Non Operating": 1272000.0,
        "Operating Income": NaN,
        "Operating Expense": NaN,
        "Research And Development": NaN,
        "Selling General And Administration": NaN,
        "General And Administrative Expense": NaN,
        "Other Gand A": NaN,
        "Total Revenue": NaN,
        "Operating Revenue": NaN
    },
    "2022-09-30": {
        "Tax Effect Of Unusual Items": NaN,
        "Tax Rate For Calcs": NaN,
        "Normalized EBITDA": NaN,
        "Total Unusual Items": -5000000.0,
        "Total Unusual Items Excluding Goodwill": -5000000.0,
        "Net Income From Continuing Operation Net Minority Interest": NaN,
        "Reconciled Depreciation": NaN,
        "EBITDA": NaN,
        "EBIT": NaN,
        "Net Interest Income": 865000.0,
        "Interest Income": 865000.0,
        "Normalized Income": NaN,
        "Net Income From Continuing And Discontinued Operation": NaN,
        "Total Expenses": NaN,
        "Total Operating Income As Reported": NaN,
        "Diluted Average Shares": NaN,
        "Basic Average Shares": NaN,
        "Diluted EPS": NaN,
        "Basic EPS": NaN,
        "Diluted NI Availto Com Stockholders": NaN,
        "Net Income Common Stockholders": NaN,
        "Net Income": NaN,
        "Net Income Including Noncontrolling Interests": NaN,
        "Net Income Continuous Operations": NaN,
        "Pretax Income": NaN,
        "Other Income Expense": NaN,
        "Other Non Operating Income Expenses": NaN,
        "Special Income Charges": -5000000.0,
        "Other Special Charges": 5000000.0,
        "Net Non Operating Interest Income Expense": 865000.0,
        "Interest Income Non Operating": 865000.0,
        "Operating Income": NaN,
        "Operating Expense": NaN,
        "Research And Development": NaN,
        "Selling General And Administration": NaN,
        "General And Administrative Expense": NaN,
        "Other Gand A": NaN,
        "Total Revenue": NaN,
        "Operating Revenue": NaN
    },
    "2022-06-30": {
        "Tax Effect Of Unusual Items": 0.0,
        "Tax Rate For Calcs": 0.0,
        "Normalized EBITDA": -20449000.0,
        "Total Unusual Items": NaN,
        "Total Unusual Items Excluding Goodwill": NaN,
        "Net Income From Continuing Operation Net Minority Interest": -20287000.0,
        "Reconciled Depreciation": 247000.0,
        "EBITDA": -20449000.0,
        "EBIT": -20696000.0,
        "Net Interest Income": 409000.0,
        "Interest Income": 409000.0,
        "Normalized Income": -20287000.0,
        "Net Income From Continuing And Discontinued Operation": -20287000.0,
        "Total Expenses": 20696000.0,
        "Total Operating Income As Reported": -20696000.0,
        "Diluted Average Shares": 39481628.0,
        "Basic Average Shares": 39481628.0,
        "Diluted EPS": -0.51,
        "Basic EPS": -0.51,
        "Diluted NI Availto Com Stockholders": -20287000.0,
        "Net Income Common Stockholders": -20287000.0,
        "Net Income": -20287000.0,
        "Net Income Including Noncontrolling Interests": -20287000.0,
        "Net Income Continuous Operations": -20287000.0,
        "Pretax Income": -20287000.0,
        "Other Income Expense": NaN,
        "Other Non Operating Income Expenses": NaN,
        "Special Income Charges": NaN,
        "Other Special Charges": NaN,
        "Net Non Operating Interest Income Expense": 409000.0,
        "Interest Income Non Operating": 409000.0,
        "Operating Income": -20696000.0,
        "Operating Expense": 20696000.0,
        "Research And Development": 13834000.0,
        "Selling General And Administration": 6862000.0,
        "General And Administrative Expense": 6862000.0,
        "Other Gand A": 6862000.0,
        "Total Revenue": 0.0,
        "Operating Revenue": 0.0
    },
    "2022-03-31": {
        "Diluted EPS": -0.59,
        "Total Revenue": NaN,
        "Gross Profit": NaN,
        "Operating Income": -23,
        "EBIT": -23,
        "Net Income": -23
    },
    "2021-12-31": {
        "Diluted EPS": -0.58,
        "Total Revenue": NaN,
        "Gross Profit": NaN,
        "Operating Income": -23,
        "EBIT": -22,
        "Net Income": -23
    },
    "2021-09-30": {
        "Diluted EPS": -0.47,
        "Total Revenue": NaN,
        "Gross Profit": NaN,
        "Operating Income": -18,
        "EBIT": -18,
        "Net Income": -18
    },
    "2021-06-30": {
        "Diluted EPS": -0.57,
        "Total Revenue": NaN,
        "Gross Profit": NaN,
        "Operating Income": -21,
        "EBIT": -20,
        "Net Income": -21
    },
    "2021-03-31": {
        "Diluted EPS": -0.45,
        "Total Revenue": NaN,
        "Gross Profit": NaN,
        "Operating Income": -17,
        "EBIT": -16,
        "Net Income": -17
    },
    "2020-12-31": {
        "Diluted EPS": 2.45,
        "Total Revenue": NaN,
        "Gross Profit": NaN,
        "Operating Income": -28,
        "EBIT": -28,
        "Net Income": -28
    },
    "2020-09-30": {
        "Diluted EPS": -0.84,
        "Total Revenue": NaN,
        "Gross Profit": NaN,
        "Operating Income": -26,
        "EBIT": -25,
        "Net Income": -26
    },
    "2020-06-30": {
        "Diluted EPS": -0.51,
        "Total Revenue": NaN,
        "Gross Profit": NaN,
        "Operating Income": -11,
        "EBIT": -11,
        "Net Income": -11
    },
    "2020-03-31": {
        "Diluted EPS": -4.46,
        "Total Revenue": NaN,
        "Gross Profit": NaN,
        "Operating Income": -9,
        "EBIT": -9,
        "Net Income": -9
    },
    "2019-12-31": {
        "Diluted EPS": -4.28,
        "Total Revenue": NaN,
        "Gross Profit": NaN,
        "Operating Income": -9,
        "EBIT": -9,
        "Net Income": -8
    },
    "2019-09-30": {
        "Diluted EPS": -3.36,
        "Total Revenue": NaN,
        "Gross Profit": NaN,
        "Operating Income": -7,
        "EBIT": -7,
        "Net Income": -7
    },
    "2019-06-30": {
        "Diluted EPS": -3.19,
        "Total Revenue": NaN,
        "Gross Profit": NaN,
        "Operating Income": -6,
        "EBIT": -6,
        "Net Income": -6
    },
    "2019-03-31": {
        "Diluted EPS": -3.32,
        "Total Revenue": NaN,
        "Gross Profit": NaN,
        "Operating Income": -6,
        "EBIT": -6,
        "Net Income": -6
    },
    "2018-12-31": {
        "Diluted EPS": 0.0,
        "Total Revenue": NaN,
        "Gross Profit": NaN,
        "Operating Income": NaN,
        "EBIT": NaN,
        "Net Income": NaN
    },
    "2023-06-30": {
        "Tax Effect Of Unusual Items": 0.0,
        "Tax Rate For Calcs": 0.0,
        "Normalized EBITDA": -24733000.0,
        "Total Unusual Items": NaN,
        "Total Unusual Items Excluding Goodwill": NaN,
        "Net Income From Continuing Operation Net Minority Interest": -22944000.0,
        "Reconciled Depreciation": 259000.0,
        "EBITDA": -24733000.0,
        "EBIT": -24992000.0,
        "Net Interest Income": NaN,
        "Interest Income": NaN,
        "Normalized Income": -22944000.0,
        "Net Income From Continuing And Discontinued Operation": -22944000.0,
        "Total Expenses": 24992000.0,
        "Total Operating Income As Reported": -24992000.0,
        "Diluted Average Shares": 45654208.0,
        "Basic Average Shares": 45654208.0,
        "Diluted EPS": -0.5,
        "Basic EPS": -0.5,
        "Diluted NI Availto Com Stockholders": -22944000.0,
        "Net Income Common Stockholders": -22944000.0,
        "Net Income": -22944000.0,
        "Net Income Including Noncontrolling Interests": -22944000.0,
        "Net Income Continuous Operations": -22944000.0,
        "Pretax Income": -22944000.0,
        "Other Income Expense": 2048000.0,
        "Other Non Operating Income Expenses": 2048000.0,
        "Special Income Charges": NaN,
        "Other Special Charges": NaN,
        "Net Non Operating Interest Income Expense": NaN,
        "Interest Income Non Operating": NaN,
        "Operating Income": -24992000.0,
        "Operating Expense": 24992000.0,
        "Research And Development": 18787000.0,
        "Selling General And Administration": 6205000.0,
        "General And Administrative Expense": 6205000.0,
        "Other Gand A": 6205000.0,
        "Total Revenue": 0.0,
        "Operating Revenue": 0.0
    },
    "2023-09-30": {
        "Tax Effect Of Unusual Items": 0.0,
        "Tax Rate For Calcs": 0.0,
        "Normalized EBITDA": -28425000.0,
        "Total Unusual Items": 0.0,
        "Total Unusual Items Excluding Goodwill": 0.0,
        "Net Income From Continuing Operation Net Minority Interest": -25478000.0,
        "Reconciled Depreciation": 257000.0,
        "EBITDA": -28425000.0,
        "EBIT": -28682000.0,
        "Net Interest Income": NaN,
        "Interest Income": NaN,
        "Normalized Income": -25478000.0,
        "Net Income From Continuing And Discontinued Operation": -25478000.0,
        "Total Expenses": 28682000.0,
        "Total Operating Income As Reported": -28682000.0,
        "Diluted Average Shares": 57402226.0,
        "Basic Average Shares": 57402226.0,
        "Diluted EPS": -0.44,
        "Basic EPS": -0.44,
        "Diluted NI Availto Com Stockholders": -25478000.0,
        "Net Income Common Stockholders": -25478000.0,
        "Net Income": -25478000.0,
        "Net Income Including Noncontrolling Interests": -25478000.0,
        "Net Income Continuous Operations": -25478000.0,
        "Pretax Income": -25478000.0,
        "Other Income Expense": 3204000.0,
        "Other Non Operating Income Expenses": 3204000.0,
        "Special Income Charges": 0.0,
        "Other Special Charges": NaN,
        "Net Non Operating Interest Income Expense": NaN,
        "Interest Income Non Operating": NaN,
        "Operating Income": -28682000.0,
        "Operating Expense": 28682000.0,
        "Research And Development": 22388000.0,
        "Selling General And Administration": 6294000.0,
        "General And Administrative Expense": 6294000.0,
        "Other Gand A": 6294000.0,
        "Total Revenue": 0.0,
        "Operating Revenue": 0.0
    },
    "2023-12-31": {
        "Tax Effect Of Unusual Items": 0.0,
        "Tax Rate For Calcs": 0.0,
        "Normalized EBITDA": -31165000.0,
        "Total Unusual Items": 0.0,
        "Total Unusual Items Excluding Goodwill": 0.0,
        "Net Income From Continuing Operation Net Minority Interest": -28330000.0,
        "Reconciled Depreciation": 263000.0,
        "EBITDA": -31165000.0,
        "EBIT": -31428000.0,
        "Net Interest Income": NaN,
        "Interest Income": NaN,
        "Normalized Income": -28330000.0,
        "Net Income From Continuing And Discontinued Operation": -28330000.0,
        "Total Expenses": 31428000.0,
        "Total Operating Income As Reported": -31428000.0,
        "Diluted Average Shares": NaN,
        "Basic Average Shares": NaN,
        "Diluted EPS": NaN,
        "Basic EPS": NaN,
        "Diluted NI Availto Com Stockholders": -28330000.0,
        "Net Income Common Stockholders": -28330000.0,
        "Net Income": -28330000.0,
        "Net Income Including Noncontrolling Interests": -28330000.0,
        "Net Income Continuous Operations": -28330000.0,
        "Pretax Income": -28330000.0,
        "Other Income Expense": 3098000.0,
        "Other Non Operating Income Expenses": 3098000.0,
        "Special Income Charges": 0.0,
        "Other Special Charges": NaN,
        "Net Non Operating Interest Income Expense": NaN,
        "Interest Income Non Operating": NaN,
        "Operating Income": -31428000.0,
        "Operating Expense": 31428000.0,
        "Research And Development": 24481000.0,
        "Selling General And Administration": 6947000.0,
        "General And Administrative Expense": 6947000.0,
        "Other Gand A": 6947000.0,
        "Total Revenue": 0.0,
        "Operating Revenue": 0.0
    },
    "2024-03-31": {
        "Tax Effect Of Unusual Items": 0.0,
        "Tax Rate For Calcs": 0.0,
        "Normalized EBITDA": -28729000.0,
        "Total Unusual Items": NaN,
        "Total Unusual Items Excluding Goodwill": NaN,
        "Net Income From Continuing Operation Net Minority Interest": -25011000.0,
        "Reconciled Depreciation": 261000.0,
        "EBITDA": -28729000.0,
        "EBIT": -28990000.0,
        "Net Interest Income": NaN,
        "Interest Income": NaN,
        "Normalized Income": -25011000.0,
        "Net Income From Continuing And Discontinued Operation": -25011000.0,
        "Total Expenses": 28990000.0,
        "Total Operating Income As Reported": -28990000.0,
        "Diluted Average Shares": 67349551.0,
        "Basic Average Shares": 67349551.0,
        "Diluted EPS": -0.37,
        "Basic EPS": -0.37,
        "Diluted NI Availto Com Stockholders": -25011000.0,
        "Net Income Common Stockholders": -25011000.0,
        "Net Income": -25011000.0,
        "Net Income Including Noncontrolling Interests": -25011000.0,
        "Net Income Continuous Operations": -25011000.0,
        "Pretax Income": -25011000.0,
        "Other Income Expense": 3979000.0,
        "Other Non Operating Income Expenses": 3979000.0,
        "Special Income Charges": NaN,
        "Other Special Charges": NaN,
        "Net Non Operating Interest Income Expense": NaN,
        "Interest Income Non Operating": NaN,
        "Operating Income": -28990000.0,
        "Operating Expense": 28990000.0,
        "Research And Development": 21960000.0,
        "Selling General And Administration": 7030000.0,
        "General And Administrative Expense": 7030000.0,
        "Other Gand A": 7030000.0,
        "Total Revenue": 0.0,
        "Operating Revenue": 0.0
    }
}