{
    "2023-12-31": {
        "Tax Effect Of Unusual Items": -29340400.0,
        "Tax Rate For Calcs": 0.4,
        "Normalized EBITDA": 32164000.0,
        "Total Unusual Items": -73351000.0,
        "Total Unusual Items Excluding Goodwill": -73351000.0,
        "Net Income From Continuing Operation Net Minority Interest": -58442000.0,
        "Reconciled Depreciation": 8543000.0,
        "Reconciled Cost Of Revenue": 17945000.0,
        "EBITDA": -41187000.0,
        "EBIT": -49730000.0,
        "Net Interest Income": -331000.0,
        "Interest Expense": 1914000.0,
        "Interest Income": 1583000.0,
        "Normalized Income": -14431400.0,
        "Net Income From Continuing And Discontinued Operation": -58442000.0,
        "Total Expenses": 40908000.0,
        "Total Operating Income As Reported": NaN,
        "Diluted Average Shares": NaN,
        "Basic Average Shares": NaN,
        "Diluted EPS": NaN,
        "Basic EPS": NaN,
        "Diluted NI Availto Com Stockholders": -58442000.0,
        "Net Income Common Stockholders": -58442000.0,
        "Net Income": -58442000.0,
        "Net Income Including Noncontrolling Interests": -58442000.0,
        "Net Income Continuous Operations": -58442000.0,
        "Tax Provision": 6798000.0,
        "Pretax Income": -51644000.0,
        "Other Income Expense": -73351000.0,
        "Special Income Charges": -72743000.0,
        "Other Special Charges": 0.0,
        "Gain On Sale Of Security": -608000.0,
        "Net Non Operating Interest Income Expense": -331000.0,
        "Interest Expense Non Operating": 1914000.0,
        "Interest Income Non Operating": 1583000.0,
        "Operating Income": 22038000.0,
        "Operating Expense": 14569000.0,
        "Other Operating Expenses": 9855000.0,
        "Depreciation Amortization Depletion Income Statement": 149000.0,
        "Depreciation And Amortization In Income Statement": 149000.0,
        "Depreciation Income Statement": 149000.0,
        "Selling General And Administration": 4565000.0,
        "General And Administrative Expense": 4565000.0,
        "Other Gand A": 2352000.0,
        "Salaries And Wages": 2213000.0,
        "Gross Profit": 36607000.0,
        "Cost Of Revenue": 26339000.0,
        "Total Revenue": 62946000.0,
        "Operating Revenue": 62946000.0
    },
    "2023-09-30": {
        "Tax Effect Of Unusual Items": -136000.0,
        "Tax Rate For Calcs": 0.4,
        "Normalized EBITDA": 29106000.0,
        "Total Unusual Items": -340000.0,
        "Total Unusual Items Excluding Goodwill": -340000.0,
        "Net Income From Continuing Operation Net Minority Interest": 5370000.0,
        "Reconciled Depreciation": 7691000.0,
        "Reconciled Cost Of Revenue": 17518000.0,
        "EBITDA": 28766000.0,
        "EBIT": 21075000.0,
        "Net Interest Income": -1857000.0,
        "Interest Expense": 3341000.0,
        "Interest Income": 1484000.0,
        "Normalized Income": 5574000.0,
        "Net Income From Continuing And Discontinued Operation": 5370000.0,
        "Total Expenses": 40363000.0,
        "Total Operating Income As Reported": 35202000.0,
        "Diluted Average Shares": 331500000.0,
        "Basic Average Shares": 313800000.0,
        "Diluted EPS": 0.02,
        "Basic EPS": 0.02,
        "Diluted NI Availto Com Stockholders": 5370000.0,
        "Net Income Common Stockholders": 5370000.0,
        "Net Income": 5370000.0,
        "Net Income Including Noncontrolling Interests": 5370000.0,
        "Net Income Continuous Operations": 5370000.0,
        "Tax Provision": 12364000.0,
        "Pretax Income": 17734000.0,
        "Other Income Expense": -340000.0,
        "Special Income Charges": -1547000.0,
        "Other Special Charges": 1547000.0,
        "Gain On Sale Of Security": 1207000.0,
        "Net Non Operating Interest Income Expense": -1857000.0,
        "Interest Expense Non Operating": 3341000.0,
        "Interest Income Non Operating": 1484000.0,
        "Operating Income": 19931000.0,
        "Operating Expense": 15271000.0,
        "Other Operating Expenses": 11375000.0,
        "Depreciation Amortization Depletion Income Statement": 117000.0,
        "Depreciation And Amortization In Income Statement": 117000.0,
        "Depreciation Income Statement": 117000.0,
        "Selling General And Administration": 3779000.0,
        "General And Administrative Expense": 3779000.0,
        "Other Gand A": 1516000.0,
        "Salaries And Wages": 2263000.0,
        "Gross Profit": 35202000.0,
        "Cost Of Revenue": 25092000.0,
        "Total Revenue": 60294000.0,
        "Operating Revenue": 60294000.0
    },
    "2023-06-30": {
        "Tax Effect Of Unusual Items": -496000.0,
        "Tax Rate For Calcs": 0.4,
        "Normalized EBITDA": 34484000.0,
        "Total Unusual Items": -1240000.0,
        "Total Unusual Items Excluding Goodwill": -1240000.0,
        "Net Income From Continuing Operation Net Minority Interest": 12827000.0,
        "Reconciled Depreciation": 6947000.0,
        "Reconciled Cost Of Revenue": 14906000.0,
        "EBITDA": 33244000.0,
        "EBIT": 26297000.0,
        "Net Interest Income": -1466000.0,
        "Interest Expense": 2698000.0,
        "Interest Income": 1232000.0,
        "Normalized Income": 13571000.0,
        "Net Income From Continuing And Discontinued Operation": 12827000.0,
        "Total Expenses": 32967000.0,
        "Total Operating Income As Reported": 37539000.0,
        "Diluted Average Shares": 329400000.0,
        "Basic Average Shares": 311200000.0,
        "Diluted EPS": 0.04,
        "Basic EPS": 0.04,
        "Diluted NI Availto Com Stockholders": 12827000.0,
        "Net Income Common Stockholders": 12827000.0,
        "Net Income": 12827000.0,
        "Net Income Including Noncontrolling Interests": 12827000.0,
        "Net Income Continuous Operations": 12827000.0,
        "Tax Provision": 10772000.0,
        "Pretax Income": 23599000.0,
        "Other Income Expense": -1240000.0,
        "Special Income Charges": 0.0,
        "Other Special Charges": NaN,
        "Gain On Sale Of Security": -1240000.0,
        "Net Non Operating Interest Income Expense": -1466000.0,
        "Interest Expense Non Operating": 2698000.0,
        "Interest Income Non Operating": 1232000.0,
        "Operating Income": 26305000.0,
        "Operating Expense": 11234000.0,
        "Other Operating Expenses": 7201000.0,
        "Depreciation Amortization Depletion Income Statement": 120000.0,
        "Depreciation And Amortization In Income Statement": 120000.0,
        "Depreciation Income Statement": 120000.0,
        "Selling General And Administration": 3913000.0,
        "General And Administrative Expense": 3913000.0,
        "Other Gand A": 1460000.0,
        "Salaries And Wages": 2453000.0,
        "Gross Profit": 37539000.0,
        "Cost Of Revenue": 21733000.0,
        "Total Revenue": 59272000.0,
        "Operating Revenue": 59272000.0
    },
    "2023-03-31": {
        "Tax Effect Of Unusual Items": NaN,
        "Tax Rate For Calcs": NaN,
        "Normalized EBITDA": NaN,
        "Total Unusual Items": NaN,
        "Total Unusual Items Excluding Goodwill": NaN,
        "Net Income From Continuing Operation Net Minority Interest": NaN,
        "Reconciled Depreciation": NaN,
        "Reconciled Cost Of Revenue": NaN,
        "EBITDA": NaN,
        "EBIT": NaN,
        "Net Interest Income": NaN,
        "Interest Expense": NaN,
        "Interest Income": NaN,
        "Normalized Income": NaN,
        "Net Income From Continuing And Discontinued Operation": NaN,
        "Total Expenses": NaN,
        "Total Operating Income As Reported": 32179000.0,
        "Diluted Average Shares": 325600000.0,
        "Basic Average Shares": 306300000.0,
        "Diluted EPS": 0.04,
        "Basic EPS": 0.04,
        "Diluted NI Availto Com Stockholders": NaN,
        "Net Income Common Stockholders": NaN,
        "Net Income": NaN,
        "Net Income Including Noncontrolling Interests": NaN,
        "Net Income Continuous Operations": NaN,
        "Tax Provision": NaN,
        "Pretax Income": NaN,
        "Other Income Expense": NaN,
        "Special Income Charges": NaN,
        "Other Special Charges": NaN,
        "Gain On Sale Of Security": NaN,
        "Net Non Operating Interest Income Expense": NaN,
        "Interest Expense Non Operating": NaN,
        "Interest Income Non Operating": NaN,
        "Operating Income": NaN,
        "Operating Expense": NaN,
        "Other Operating Expenses": NaN,
        "Depreciation Amortization Depletion Income Statement": NaN,
        "Depreciation And Amortization In Income Statement": NaN,
        "Depreciation Income Statement": NaN,
        "Selling General And Administration": NaN,
        "General And Administrative Expense": NaN,
        "Other Gand A": NaN,
        "Salaries And Wages": NaN,
        "Gross Profit": NaN,
        "Cost Of Revenue": NaN,
        "Total Revenue": NaN,
        "Operating Revenue": NaN
    },
    "2022-12-31": {
        "Tax Effect Of Unusual Items": NaN,
        "Tax Rate For Calcs": NaN,
        "Normalized EBITDA": NaN,
        "Total Unusual Items": NaN,
        "Total Unusual Items Excluding Goodwill": NaN,
        "Net Income From Continuing Operation Net Minority Interest": NaN,
        "Reconciled Depreciation": NaN,
        "Reconciled Cost Of Revenue": NaN,
        "EBITDA": NaN,
        "EBIT": NaN,
        "Net Interest Income": NaN,
        "Interest Expense": NaN,
        "Interest Income": NaN,
        "Normalized Income": NaN,
        "Net Income From Continuing And Discontinued Operation": NaN,
        "Total Expenses": NaN,
        "Total Operating Income As Reported": 38186000.0,
        "Diluted Average Shares": NaN,
        "Basic Average Shares": NaN,
        "Diluted EPS": NaN,
        "Basic EPS": NaN,
        "Diluted NI Availto Com Stockholders": NaN,
        "Net Income Common Stockholders": NaN,
        "Net Income": NaN,
        "Net Income Including Noncontrolling Interests": NaN,
        "Net Income Continuous Operations": NaN,
        "Tax Provision": NaN,
        "Pretax Income": NaN,
        "Other Income Expense": NaN,
        "Other Non Operating Income Expenses": 35000.0,
        "Special Income Charges": 0.0,
        "Other Special Charges": 0.0,
        "Gain On Sale Of Security": NaN,
        "Net Non Operating Interest Income Expense": NaN,
        "Interest Expense Non Operating": NaN,
        "Interest Income Non Operating": NaN,
        "Operating Income": NaN,
        "Operating Expense": NaN,
        "Other Operating Expenses": NaN,
        "Depreciation Amortization Depletion Income Statement": NaN,
        "Depreciation And Amortization In Income Statement": NaN,
        "Depreciation Income Statement": NaN,
        "Selling General And Administration": NaN,
        "General And Administrative Expense": NaN,
        "Other Gand A": NaN,
        "Salaries And Wages": NaN,
        "Gross Profit": NaN,
        "Cost Of Revenue": NaN,
        "Total Revenue": NaN,
        "Operating Revenue": NaN
    },
    "2022-09-30": {
        "Tax Effect Of Unusual Items": NaN,
        "Tax Rate For Calcs": NaN,
        "Normalized EBITDA": NaN,
        "Total Unusual Items": NaN,
        "Total Unusual Items Excluding Goodwill": NaN,
        "Net Income From Continuing Operation Net Minority Interest": NaN,
        "Reconciled Depreciation": NaN,
        "Reconciled Cost Of Revenue": NaN,
        "EBITDA": NaN,
        "EBIT": NaN,
        "Net Interest Income": NaN,
        "Interest Expense": NaN,
        "Interest Income": NaN,
        "Normalized Income": NaN,
        "Net Income From Continuing And Discontinued Operation": NaN,
        "Total Expenses": NaN,
        "Total Operating Income As Reported": 29557000.0,
        "Diluted Average Shares": 296739000.0,
        "Basic Average Shares": 282476000.0,
        "Diluted EPS": 0.03,
        "Basic EPS": 0.03,
        "Diluted NI Availto Com Stockholders": NaN,
        "Net Income Common Stockholders": NaN,
        "Net Income": NaN,
        "Net Income Including Noncontrolling Interests": NaN,
        "Net Income Continuous Operations": NaN,
        "Tax Provision": NaN,
        "Pretax Income": NaN,
        "Other Income Expense": NaN,
        "Other Non Operating Income Expenses": 4000.0,
        "Special Income Charges": 0.0,
        "Other Special Charges": NaN,
        "Gain On Sale Of Security": NaN,
        "Net Non Operating Interest Income Expense": NaN,
        "Interest Expense Non Operating": NaN,
        "Interest Income Non Operating": NaN,
        "Operating Income": NaN,
        "Operating Expense": NaN,
        "Other Operating Expenses": NaN,
        "Depreciation Amortization Depletion Income Statement": NaN,
        "Depreciation And Amortization In Income Statement": NaN,
        "Depreciation Income Statement": NaN,
        "Selling General And Administration": NaN,
        "General And Administrative Expense": NaN,
        "Other Gand A": NaN,
        "Salaries And Wages": NaN,
        "Gross Profit": NaN,
        "Cost Of Revenue": NaN,
        "Total Revenue": NaN,
        "Operating Revenue": NaN
    },
    "2024-06-30": {
        "Tax Effect Of Unusual Items": 312000.0,
        "Tax Rate For Calcs": 0.15,
        "Normalized EBITDA": 58301000.0,
        "Total Unusual Items": 2080000.0,
        "Total Unusual Items Excluding Goodwill": 2080000.0,
        "Net Income From Continuing Operation Net Minority Interest": 24265000.0,
        "Reconciled Depreciation": 9701000.0,
        "Reconciled Cost Of Revenue": 20622000.0,
        "EBITDA": 60381000.0,
        "EBIT": 50680000.0,
        "Net Interest Income": 3648000.0,
        "Interest Expense": 2067000.0,
        "Interest Income": 5715000.0,
        "Normalized Income": 22497000.0,
        "Net Income From Continuing And Discontinued Operation": 24265000.0,
        "Total Expenses": 41685000.0,
        "Total Operating Income As Reported": 54373000.0,
        "Diluted Average Shares": 333000000.0,
        "Basic Average Shares": 318000000.0,
        "Diluted EPS": 0.07,
        "Basic EPS": 0.08,
        "Diluted NI Availto Com Stockholders": 24265000.0,
        "Net Income Common Stockholders": 24265000.0,
        "Net Income": 24265000.0,
        "Net Income Including Noncontrolling Interests": 24265000.0,
        "Net Income Continuous Operations": 24265000.0,
        "Tax Provision": 24348000.0,
        "Pretax Income": 48613000.0,
        "Other Income Expense": 2080000.0,
        "Special Income Charges": NaN,
        "Other Special Charges": NaN,
        "Gain On Sale Of Security": 2080000.0,
        "Net Non Operating Interest Income Expense": 3648000.0,
        "Interest Expense Non Operating": 2067000.0,
        "Interest Income Non Operating": 5715000.0,
        "Operating Income": 42885000.0,
        "Operating Expense": 11488000.0,
        "Other Operating Expenses": 6649000.0,
        "Depreciation Amortization Depletion Income Statement": 126000.0,
        "Depreciation And Amortization In Income Statement": 126000.0,
        "Depreciation Income Statement": 126000.0,
        "Selling General And Administration": 4713000.0,
        "General And Administrative Expense": 4713000.0,
        "Other Gand A": 1952000.0,
        "Salaries And Wages": 2761000.0,
        "Gross Profit": 54373000.0,
        "Cost Of Revenue": 30197000.0,
        "Total Revenue": 84570000.0,
        "Operating Revenue": 84570000.0
    },
    "2024-09-30": {
        "Tax Effect Of Unusual Items": 341400.0,
        "Tax Rate For Calcs": 0.15,
        "Normalized EBITDA": 59737000.0,
        "Total Unusual Items": 2276000.0,
        "Total Unusual Items Excluding Goodwill": 2276000.0,
        "Net Income From Continuing Operation Net Minority Interest": 21144000.0,
        "Reconciled Depreciation": 11718000.0,
        "Reconciled Cost Of Revenue": 22975000.0,
        "EBITDA": 62013000.0,
        "EBIT": 50295000.0,
        "Net Interest Income": 298000.0,
        "Interest Expense": 1618000.0,
        "Interest Income": 1916000.0,
        "Normalized Income": 19209400.0,
        "Net Income From Continuing And Discontinued Operation": 21144000.0,
        "Total Expenses": 53204000.0,
        "Total Operating Income As Reported": 64735000.0,
        "Diluted Average Shares": 334600000.0,
        "Basic Average Shares": 320300000.0,
        "Diluted EPS": 0.06,
        "Basic EPS": 0.07,
        "Diluted NI Availto Com Stockholders": 21144000.0,
        "Net Income Common Stockholders": 21144000.0,
        "Net Income": 21144000.0,
        "Net Income Including Noncontrolling Interests": 21144000.0,
        "Net Income Continuous Operations": 21144000.0,
        "Tax Provision": 27533000.0,
        "Pretax Income": 48677000.0,
        "Other Income Expense": 2276000.0,
        "Special Income Charges": 0.0,
        "Other Special Charges": NaN,
        "Gain On Sale Of Security": 2276000.0,
        "Net Non Operating Interest Income Expense": 298000.0,
        "Interest Expense Non Operating": 1618000.0,
        "Interest Income Non Operating": 1916000.0,
        "Operating Income": 46103000.0,
        "Operating Expense": 18632000.0,
        "Other Operating Expenses": 13781000.0,
        "Depreciation Amortization Depletion Income Statement": 121000.0,
        "Depreciation And Amortization In Income Statement": 121000.0,
        "Depreciation Income Statement": 121000.0,
        "Selling General And Administration": 4730000.0,
        "General And Administrative Expense": 4730000.0,
        "Other Gand A": 2235000.0,
        "Salaries And Wages": 2495000.0,
        "Gross Profit": 64735000.0,
        "Cost Of Revenue": 34572000.0,
        "Total Revenue": 99307000.0,
        "Operating Revenue": 99307000.0
    }
}