{
    "2023-06-30": {
        "Tax Effect Of Unusual Items": 0.0,
        "Tax Rate For Calcs": 0.225,
        "Normalized EBITDA": 956645000.0,
        "Net Income From Continuing Operation Net Minority Interest": 627365000.0,
        "Reconciled Depreciation": 97926000.0,
        "Reconciled Cost Of Revenue": 1982409000.0,
        "EBITDA": 956645000.0,
        "EBIT": 858719000.0,
        "Net Interest Income": -48827000.0,
        "Interest Expense": 49587000.0,
        "Interest Income": 760000.0,
        "Normalized Income": 627365000.0,
        "Net Income From Continuing And Discontinued Operation": 627365000.0,
        "Total Expenses": 3215218000.0,
        "Total Operating Income As Reported": 853773000.0,
        "Diluted Average Shares": 61366000.0,
        "Basic Average Shares": 60817000.0,
        "Diluted EPS": 10.22,
        "Basic EPS": 10.32,
        "Diluted NI Availto Com Stockholders": 627365000.0,
        "Net Income Common Stockholders": 627365000.0,
        "Net Income": 627365000.0,
        "Net Income Including Noncontrolling Interests": 627365000.0,
        "Net Income Continuous Operations": 627365000.0,
        "Tax Provision": 181767000.0,
        "Pretax Income": 809132000.0,
        "Other Income Expense": 4186000.0,
        "Other Non Operating Income Expenses": 4186000.0,
        "Net Non Operating Interest Income Expense": -48827000.0,
        "Interest Expense Non Operating": 49587000.0,
        "Interest Income Non Operating": 760000.0,
        "Operating Income": 853773000.0,
        "Operating Expense": 1232809000.0,
        "Selling General And Administration": 1232809000.0,
        "Gross Profit": 2086582000.0,
        "Cost Of Revenue": 1982409000.0,
        "Total Revenue": 4068991000.0,
        "Operating Revenue": 3983366000.0
    },
    "2023-03-31": {
        "Tax Effect Of Unusual Items": 0.0,
        "Tax Rate For Calcs": 0.237,
        "Normalized EBITDA": 815739000.0,
        "Net Income From Continuing Operation Net Minority Interest": 516885000.0,
        "Reconciled Depreciation": 93747000.0,
        "Reconciled Cost Of Revenue": 1817535000.0,
        "EBITDA": 815739000.0,
        "EBIT": 721992000.0,
        "Net Interest Income": -43704000.0,
        "Interest Expense": 44572000.0,
        "Interest Income": 868000.0,
        "Normalized Income": 516885000.0,
        "Net Income From Continuing And Discontinued Operation": 516885000.0,
        "Total Expenses": 2991219000.0,
        "Total Operating Income As Reported": 716645000.0,
        "Diluted Average Shares": 62398000.0,
        "Basic Average Shares": 61840000.0,
        "Diluted EPS": 8.28,
        "Basic EPS": 8.36,
        "Diluted NI Availto Com Stockholders": 516885000.0,
        "Net Income Common Stockholders": 516885000.0,
        "Net Income": 516885000.0,
        "Net Income Including Noncontrolling Interests": 516885000.0,
        "Net Income Continuous Operations": 516885000.0,
        "Tax Provision": 160535000.0,
        "Pretax Income": 677420000.0,
        "Other Income Expense": 4479000.0,
        "Other Non Operating Income Expenses": 4479000.0,
        "Net Non Operating Interest Income Expense": -43704000.0,
        "Interest Expense Non Operating": 44572000.0,
        "Interest Income Non Operating": 868000.0,
        "Operating Income": 716645000.0,
        "Operating Expense": 1173684000.0,
        "Selling General And Administration": 1173684000.0,
        "Gross Profit": 1890329000.0,
        "Cost Of Revenue": 1817535000.0,
        "Total Revenue": 3707864000.0,
        "Operating Revenue": 3707864000.0
    },
    "2022-12-31": {
        "Tax Effect Of Unusual Items": 0.0,
        "Tax Rate For Calcs": 0.18209,
        "Normalized EBITDA": 788463000.0,
        "Net Income From Continuing Operation Net Minority Interest": 528572000.0,
        "Reconciled Depreciation": 99885000.0,
        "Reconciled Cost Of Revenue": 1790539000.0,
        "EBITDA": 788463000.0,
        "EBIT": 688578000.0,
        "Net Interest Income": -40195000.0,
        "Interest Expense": 42331000.0,
        "Interest Income": 2136000.0,
        "Normalized Income": 528572000.0,
        "Net Income From Continuing And Discontinued Operation": 528572000.0,
        "Total Expenses": 2962276000.0,
        "Total Operating Income As Reported": 682217000.0,
        "Diluted Average Shares": 63160000.0,
        "Basic Average Shares": 62577000.0,
        "Diluted EPS": 8.37,
        "Basic EPS": 8.45,
        "Diluted NI Availto Com Stockholders": 528572000.0,
        "Net Income Common Stockholders": 528572000.0,
        "Net Income": 528572000.0,
        "Net Income Including Noncontrolling Interests": 528572000.0,
        "Net Income Continuous Operations": 528572000.0,
        "Tax Provision": 117675000.0,
        "Pretax Income": 646247000.0,
        "Other Income Expense": 4225000.0,
        "Other Non Operating Income Expenses": 4225000.0,
        "Net Non Operating Interest Income Expense": -40195000.0,
        "Interest Expense Non Operating": 42331000.0,
        "Interest Income Non Operating": 2136000.0,
        "Operating Income": 682217000.0,
        "Operating Expense": 1171737000.0,
        "Selling General And Administration": 1171737000.0,
        "Gross Profit": 1853954000.0,
        "Cost Of Revenue": 1790539000.0,
        "Total Revenue": 3644493000.0,
        "Operating Revenue": 3644493000.0
    },
    "2022-09-30": {
        "Tax Effect Of Unusual Items": 0.0,
        "Tax Rate For Calcs": 0.231556,
        "Normalized EBITDA": 895016000.0,
        "Net Income From Continuing Operation Net Minority Interest": 585438000.0,
        "Reconciled Depreciation": 90003000.0,
        "Reconciled Cost Of Revenue": 1863657000.0,
        "EBITDA": 895016000.0,
        "EBIT": 805013000.0,
        "Net Interest Income": -41729000.0,
        "Interest Expense": 43164000.0,
        "Interest Income": 1435000.0,
        "Normalized Income": 585438000.0,
        "Net Income From Continuing And Discontinued Operation": 585438000.0,
        "Total Expenses": 2994425000.0,
        "Total Operating Income As Reported": 804194000.0,
        "Diluted Average Shares": 63860000.0,
        "Basic Average Shares": 63288000.0,
        "Diluted EPS": 9.17,
        "Basic EPS": 9.25,
        "Diluted NI Availto Com Stockholders": 585438000.0,
        "Net Income Common Stockholders": 585438000.0,
        "Net Income": 585438000.0,
        "Net Income Including Noncontrolling Interests": 585438000.0,
        "Net Income Continuous Operations": 585438000.0,
        "Tax Provision": 176411000.0,
        "Pretax Income": 761849000.0,
        "Other Income Expense": -616000.0,
        "Other Non Operating Income Expenses": -616000.0,
        "Net Non Operating Interest Income Expense": -41729000.0,
        "Interest Expense Non Operating": 43164000.0,
        "Interest Income Non Operating": 1435000.0,
        "Operating Income": 804194000.0,
        "Operating Expense": 1130768000.0,
        "Selling General And Administration": 1130768000.0,
        "Gross Profit": 1934962000.0,
        "Cost Of Revenue": 1863657000.0,
        "Total Revenue": 3798619000.0,
        "Operating Revenue": 3798619000.0
    },
    "2022-06-30": {
        "Tax Effect Of Unusual Items": 0.0,
        "Tax Rate For Calcs": 0.238398,
        "Normalized EBITDA": 879804000.0,
        "Net Income From Continuing Operation Net Minority Interest": 576760000.0,
        "Reconciled Depreciation": 85122000.0,
        "Reconciled Cost Of Revenue": 1786019000.0,
        "EBITDA": 879804000.0,
        "EBIT": 794682000.0,
        "Net Interest Income": -36702000.0,
        "Interest Expense": 37384000.0,
        "Interest Income": 682000.0,
        "Normalized Income": 576760000.0,
        "Net Income From Continuing And Discontinued Operation": 576760000.0,
        "Total Expenses": 2872187000.0,
        "Total Operating Income As Reported": 798550000.0,
        "Diluted Average Shares": 65686000.0,
        "Basic Average Shares": 65116000.0,
        "Diluted EPS": 8.78,
        "Basic EPS": 8.86,
        "Diluted NI Availto Com Stockholders": 576760000.0,
        "Net Income Common Stockholders": 576760000.0,
        "Net Income": 576760000.0,
        "Net Income Including Noncontrolling Interests": 576760000.0,
        "Net Income Continuous Operations": 576760000.0,
        "Tax Provision": 180538000.0,
        "Pretax Income": 757298000.0,
        "Other Income Expense": -4550000.0,
        "Other Non Operating Income Expenses": -4550000.0,
        "Net Non Operating Interest Income Expense": -36702000.0,
        "Interest Expense Non Operating": 37384000.0,
        "Interest Income Non Operating": 682000.0,
        "Operating Income": 798550000.0,
        "Operating Expense": 1086168000.0,
        "Selling General And Administration": 1086168000.0,
        "Gross Profit": 1884718000.0,
        "Cost Of Revenue": 1786019000.0,
        "Total Revenue": 3670737000.0,
        "Operating Revenue": 3670737000.0
    },
    "2022-03-31": {
        "Diluted EPS": 7.17,
        "Total Revenue": NaN,
        "Gross Profit": NaN,
        "Operating Income": 670,
        "EBIT": 754,
        "Net Income": 482
    },
    "2021-12-31": {
        "Diluted EPS": 7.64,
        "Total Revenue": NaN,
        "Gross Profit": NaN,
        "Operating Income": 676,
        "EBIT": 768,
        "Net Income": 519
    },
    "2021-09-30": {
        "Diluted EPS": 8.07,
        "Total Revenue": NaN,
        "Gross Profit": NaN,
        "Operating Income": 755,
        "EBIT": 834,
        "Net Income": 559
    },
    "2021-06-30": {
        "Diluted EPS": 8.33,
        "Total Revenue": NaN,
        "Gross Profit": NaN,
        "Operating Income": 796,
        "EBIT": 876,
        "Net Income": 585
    },
    "2021-03-31": {
        "Diluted EPS": 7.06,
        "Total Revenue": NaN,
        "Gross Profit": NaN,
        "Operating Income": 691,
        "EBIT": 772,
        "Net Income": 502
    },
    "2020-12-31": {
        "Diluted EPS": 5.39,
        "Total Revenue": NaN,
        "Gross Profit": NaN,
        "Operating Income": 534,
        "EBIT": 619,
        "Net Income": 393
    },
    "2020-09-30": {
        "Diluted EPS": 7.07,
        "Total Revenue": NaN,
        "Gross Profit": NaN,
        "Operating Income": 725,
        "EBIT": 806,
        "Net Income": 527
    },
    "2020-06-30": {
        "Diluted EPS": 7.1,
        "Total Revenue": NaN,
        "Gross Profit": NaN,
        "Operating Income": 736,
        "EBIT": 816,
        "Net Income": 532
    },
    "2020-03-31": {
        "Diluted EPS": 3.97,
        "Total Revenue": NaN,
        "Gross Profit": NaN,
        "Operating Income": 424,
        "EBIT": 499,
        "Net Income": 300
    },
    "2019-12-31": {
        "Diluted EPS": 4.24,
        "Total Revenue": NaN,
        "Gross Profit": NaN,
        "Operating Income": 442,
        "EBIT": 513,
        "Net Income": 325
    },
    "2019-09-30": {
        "Diluted EPS": 5.08,
        "Total Revenue": NaN,
        "Gross Profit": NaN,
        "Operating Income": 536,
        "EBIT": 605,
        "Net Income": 391
    },
    "2019-06-30": {
        "Diluted EPS": 4.51,
        "Total Revenue": NaN,
        "Gross Profit": NaN,
        "Operating Income": 498,
        "EBIT": 567,
        "Net Income": 354
    },
    "2019-03-31": {
        "Diluted EPS": 4.05,
        "Total Revenue": NaN,
        "Gross Profit": NaN,
        "Operating Income": 445,
        "EBIT": 510,
        "Net Income": 321
    },
    "2018-12-31": {
        "Diluted EPS": 3.71,
        "Total Revenue": NaN,
        "Gross Profit": NaN,
        "Operating Income": 428,
        "EBIT": 495,
        "Net Income": 300
    },
    "2018-09-30": {
        "Diluted EPS": 4.5,
        "Total Revenue": NaN,
        "Gross Profit": NaN,
        "Operating Income": 485,
        "EBIT": 549,
        "Net Income": 366
    },
    "2018-06-30": {
        "Diluted EPS": 4.28,
        "Total Revenue": NaN,
        "Gross Profit": NaN,
        "Operating Income": 479,
        "EBIT": 541,
        "Net Income": 353
    },
    "2018-03-31": {
        "Diluted EPS": 3.61,
        "Total Revenue": NaN,
        "Gross Profit": NaN,
        "Operating Income": 423,
        "EBIT": 494,
        "Net Income": 305
    },
    "2017-12-31": {
        "Diluted EPS": 3.52,
        "Total Revenue": NaN,
        "Gross Profit": NaN,
        "Operating Income": 403,
        "EBIT": 464,
        "Net Income": 302
    },
    "2017-09-30": {
        "Diluted EPS": 3.22,
        "Total Revenue": NaN,
        "Gross Profit": NaN,
        "Operating Income": 462,
        "EBIT": 521,
        "Net Income": 284
    },
    "2017-06-30": {
        "Diluted EPS": 3.1,
        "Total Revenue": NaN,
        "Gross Profit": NaN,
        "Operating Income": 457,
        "EBIT": 516,
        "Net Income": 283
    },
    "2017-03-31": {
        "Diluted EPS": 2.83,
        "Total Revenue": NaN,
        "Gross Profit": NaN,
        "Operating Income": 403,
        "EBIT": 461,
        "Net Income": 265
    },
    "2016-12-31": {
        "Diluted EPS": 2.59,
        "Total Revenue": NaN,
        "Gross Profit": NaN,
        "Operating Income": 408,
        "EBIT": 465,
        "Net Income": 246
    },
    "2016-09-30": {
        "Diluted EPS": 2.9,
        "Total Revenue": NaN,
        "Gross Profit": NaN,
        "Operating Income": 448,
        "EBIT": 503,
        "Net Income": 278
    },
    "2016-06-30": {
        "Diluted EPS": 2.65,
        "Total Revenue": NaN,
        "Gross Profit": NaN,
        "Operating Income": 425,
        "EBIT": 479,
        "Net Income": 258
    },
    "2016-03-31": {
        "Diluted EPS": 2.59,
        "Total Revenue": NaN,
        "Gross Profit": NaN,
        "Operating Income": 419,
        "EBIT": 472,
        "Net Income": 255
    },
    "2015-12-31": {
        "Diluted EPS": 2.18,
        "Total Revenue": NaN,
        "Gross Profit": NaN,
        "Operating Income": 363,
        "EBIT": 415,
        "Net Income": 219
    },
    "2015-09-30": {
        "Diluted EPS": 2.64,
        "Total Revenue": NaN,
        "Gross Profit": NaN,
        "Operating Income": 415,
        "EBIT": 468,
        "Net Income": 266
    },
    "2015-06-30": {
        "Diluted EPS": 2.29,
        "Total Revenue": NaN,
        "Gross Profit": NaN,
        "Operating Income": 386,
        "EBIT": 437,
        "Net Income": 234
    },
    "2015-03-31": {
        "Diluted EPS": 2.06,
        "Total Revenue": NaN,
        "Gross Profit": 987,
        "Operating Income": 350,
        "EBIT": 406,
        "Net Income": 213
    },
    "2014-12-31": {
        "Diluted EPS": 1.76,
        "Total Revenue": NaN,
        "Gross Profit": 912,
        "Operating Income": 303,
        "EBIT": 354,
        "Net Income": 182
    },
    "2014-09-30": {
        "Diluted EPS": 2.06,
        "Total Revenue": NaN,
        "Gross Profit": 968,
        "Operating Income": 344,
        "EBIT": 393,
        "Net Income": 217
    },
    "2014-06-30": {
        "Diluted EPS": 1.91,
        "Total Revenue": NaN,
        "Gross Profit": 951,
        "Operating Income": 336,
        "EBIT": 385,
        "Net Income": 206
    },
    "2014-03-31": {
        "Diluted EPS": 1.61,
        "Total Revenue": NaN,
        "Gross Profit": 878,
        "Operating Income": 287,
        "EBIT": 335,
        "Net Income": 174
    },
    "2013-12-31": {
        "Diluted EPS": 1.4,
        "Total Revenue": NaN,
        "Gross Profit": 819,
        "Operating Income": 256,
        "EBIT": 303,
        "Net Income": 152
    },
    "2013-09-30": {
        "Diluted EPS": 1.69,
        "Total Revenue": NaN,
        "Gross Profit": 879,
        "Operating Income": 300,
        "EBIT": 347,
        "Net Income": 186
    },
    "2013-06-30": {
        "Diluted EPS": 1.58,
        "Total Revenue": NaN,
        "Gross Profit": 872,
        "Operating Income": 296,
        "EBIT": 342,
        "Net Income": 177
    },
    "2013-03-31": {
        "Diluted EPS": 1.36,
        "Total Revenue": NaN,
        "Gross Profit": 799,
        "Operating Income": 251,
        "EBIT": 296,
        "Net Income": 154
    },
    "2012-12-31": {
        "Diluted EPS": 1.14,
        "Total Revenue": NaN,
        "Gross Profit": 750,
        "Operating Income": 223,
        "EBIT": 268,
        "Net Income": 133
    },
    "2012-09-30": {
        "Diluted EPS": 1.32,
        "Total Revenue": NaN,
        "Gross Profit": 805,
        "Operating Income": 263,
        "EBIT": 308,
        "Net Income": 159
    },
    "2012-06-30": {
        "Diluted EPS": 1.15,
        "Total Revenue": NaN,
        "Gross Profit": 780,
        "Operating Income": 244,
        "EBIT": 288,
        "Net Income": 146
    },
    "2012-03-31": {
        "Diluted EPS": 1.14,
        "Total Revenue": NaN,
        "Gross Profit": 762,
        "Operating Income": 248,
        "EBIT": 292,
        "Net Income": 147
    },
    "2011-12-31": {
        "Diluted EPS": 0.93,
        "Total Revenue": NaN,
        "Gross Profit": 695,
        "Operating Income": 207,
        "EBIT": 250,
        "Net Income": 123
    },
    "2011-09-30": {
        "Diluted EPS": 1.1,
        "Total Revenue": NaN,
        "Gross Profit": 754,
        "Operating Income": 241,
        "EBIT": 284,
        "Net Income": 148
    },
    "2011-06-30": {
        "Diluted EPS": 0.96,
        "Total Revenue": NaN,
        "Gross Profit": 719,
        "Operating Income": 222,
        "EBIT": 264,
        "Net Income": 134
    },
    "2011-03-31": {
        "Diluted EPS": 0.72,
        "Total Revenue": NaN,
        "Gross Profit": 670,
        "Operating Income": 196,
        "EBIT": 236,
        "Net Income": 102
    },
    "2010-12-31": {
        "Diluted EPS": 0.72,
        "Total Revenue": NaN,
        "Gross Profit": 637,
        "Operating Income": 164,
        "EBIT": 207,
        "Net Income": 106
    },
    "2010-09-30": {
        "Diluted EPS": 0.82,
        "Total Revenue": NaN,
        "Gross Profit": 693,
        "Operating Income": 199,
        "EBIT": 242,
        "Net Income": 117
    },
    "2010-06-30": {
        "Diluted EPS": 0.71,
        "Total Revenue": NaN,
        "Gross Profit": 673,
        "Operating Income": 181,
        "EBIT": 223,
        "Net Income": 100
    },
    "2010-03-31": {
        "Diluted EPS": 0.7,
        "Total Revenue": NaN,
        "Gross Profit": 618,
        "Operating Income": 168,
        "EBIT": 210,
        "Net Income": 97
    },
    "2009-12-31": {
        "Diluted EPS": 0.52,
        "Total Revenue": NaN,
        "Gross Profit": 570,
        "Operating Income": 125,
        "EBIT": 164,
        "Net Income": 72
    },
    "2009-09-30": {
        "Diluted EPS": 0.63,
        "Total Revenue": NaN,
        "Gross Profit": 611,
        "Operating Income": 149,
        "EBIT": 188,
        "Net Income": 87
    },
    "2009-06-30": {
        "Diluted EPS": 0.62,
        "Total Revenue": NaN,
        "Gross Profit": 604,
        "Operating Income": 150,
        "EBIT": 190,
        "Net Income": 86
    },
    "2009-03-31": {
        "Diluted EPS": 0.46,
        "Total Revenue": NaN,
        "Gross Profit": 543,
        "Operating Income": 113,
        "EBIT": 151,
        "Net Income": 63
    },
    "2023-09-30": {
        "Tax Effect Of Unusual Items": 0.0,
        "Tax Rate For Calcs": 0.232,
        "Normalized EBITDA": 1002938000.0,
        "Net Income From Continuing Operation Net Minority Interest": 649827000.0,
        "Reconciled Depreciation": 104910000.0,
        "Reconciled Cost Of Revenue": 2042917000.0,
        "EBITDA": 1002938000.0,
        "EBIT": 898028000.0,
        "Net Interest Income": -50069000.0,
        "Interest Expense": 51361000.0,
        "Interest Income": 1292000.0,
        "Normalized Income": 649827000.0,
        "Net Income From Continuing And Discontinued Operation": 649827000.0,
        "Total Expenses": 3306158000.0,
        "Total Operating Income As Reported": 897222000.0,
        "Diluted Average Shares": 60590000.0,
        "Basic Average Shares": 60082000.0,
        "Diluted EPS": 10.72,
        "Basic EPS": 10.82,
        "Diluted NI Availto Com Stockholders": 649827000.0,
        "Net Income Common Stockholders": 649827000.0,
        "Net Income": 649827000.0,
        "Net Income Including Noncontrolling Interests": 649827000.0,
        "Net Income Continuous Operations": 649827000.0,
        "Tax Provision": 196840000.0,
        "Pretax Income": 846667000.0,
        "Other Income Expense": -486000.0,
        "Other Non Operating Income Expenses": -486000.0,
        "Net Non Operating Interest Income Expense": -50069000.0,
        "Interest Expense Non Operating": 51361000.0,
        "Interest Income Non Operating": 1292000.0,
        "Operating Income": 897222000.0,
        "Operating Expense": 1263241000.0,
        "Selling General And Administration": 1263241000.0,
        "Gross Profit": 2160463000.0,
        "Cost Of Revenue": 2042917000.0,
        "Total Revenue": 4203380000.0,
        "Operating Revenue": 4121395000.0
    },
    "2023-12-31": {
        "Tax Effect Of Unusual Items": 0.0,
        "Tax Rate For Calcs": 0.177247,
        "Normalized EBITDA": 840157000.0,
        "Net Income From Continuing Operation Net Minority Interest": 552504000.0,
        "Reconciled Depreciation": 112478000.0,
        "Reconciled Cost Of Revenue": 1864586000.0,
        "EBITDA": 840157000.0,
        "EBIT": 727679000.0,
        "Net Interest Income": -54168000.0,
        "Interest Expense": 56148000.0,
        "Interest Income": 1980000.0,
        "Normalized Income": 552504000.0,
        "Net Income From Continuing And Discontinued Operation": 552504000.0,
        "Total Expenses": 3113279000.0,
        "Total Operating Income As Reported": 718736000.0,
        "Diluted Average Shares": 59673000.0,
        "Basic Average Shares": 59200000.0,
        "Diluted EPS": 9.26,
        "Basic EPS": 9.33,
        "Diluted NI Availto Com Stockholders": 552504000.0,
        "Net Income Common Stockholders": 552504000.0,
        "Net Income": 552504000.0,
        "Net Income Including Noncontrolling Interests": 552504000.0,
        "Net Income Continuous Operations": 552504000.0,
        "Tax Provision": 119027000.0,
        "Pretax Income": 671531000.0,
        "Other Income Expense": 6963000.0,
        "Other Non Operating Income Expenses": 6963000.0,
        "Net Non Operating Interest Income Expense": -54168000.0,
        "Interest Expense Non Operating": 56148000.0,
        "Interest Income Non Operating": 1980000.0,
        "Operating Income": 718736000.0,
        "Operating Expense": 1248693000.0,
        "Selling General And Administration": 1248693000.0,
        "Gross Profit": 1967429000.0,
        "Cost Of Revenue": 1864586000.0,
        "Total Revenue": 3832015000.0,
        "Operating Revenue": 4077058000.0
    }
}