{
    "2023-03-31": {
        "Tax Effect Of Unusual Items": 0.0,
        "Tax Rate For Calcs": 0.0,
        "Normalized EBITDA": -6377802.0,
        "Total Unusual Items": 657441.0,
        "Total Unusual Items Excluding Goodwill": 657441.0,
        "Net Income From Continuing Operation Net Minority Interest": -6892171.0,
        "Reconciled Depreciation": 482986.0,
        "Reconciled Cost Of Revenue": 2756631.0,
        "EBITDA": -5720361.0,
        "EBIT": -5720361.0,
        "Net Interest Income": -1171810.0,
        "Interest Expense": 1171810.0,
        "Normalized Income": -7549612.0,
        "Net Income From Continuing And Discontinued Operation": -6892171.0,
        "Total Expenses": 9952655.0,
        "Total Operating Income As Reported": -4144275.0,
        "Diluted Average Shares": 16041464.0,
        "Basic Average Shares": 16041464.0,
        "Diluted EPS": -0.43,
        "Basic EPS": -0.43,
        "Diluted NI Availto Com Stockholders": -6892171.0,
        "Average Dilution Earnings": NaN,
        "Net Income Common Stockholders": -6892171.0,
        "Net Income": -6892171.0,
        "Net Income Including Noncontrolling Interests": -6892171.0,
        "Net Income Continuous Operations": -6892171.0,
        "Tax Provision": NaN,
        "Pretax Income": -6892171.0,
        "Other Income Expense": -1576086.0,
        "Other Non Operating Income Expenses": -2233527.0,
        "Special Income Charges": 0.0,
        "Other Special Charges": 1827000.0,
        "Restructuring And Mergern Acquisition": NaN,
        "Gain On Sale Of Security": 657441.0,
        "Net Non Operating Interest Income Expense": -1171810.0,
        "Interest Expense Non Operating": 1171810.0,
        "Operating Income": -4144275.0,
        "Operating Expense": 7196024.0,
        "Research And Development": 1018969.0,
        "Selling General And Administration": 6177055.0,
        "Selling And Marketing Expense": 2824048.0,
        "General And Administrative Expense": 3353007.0,
        "Other Gand A": 3353007.0,
        "Gross Profit": 3051749.0,
        "Cost Of Revenue": 2756631.0,
        "Total Revenue": 5808380.0,
        "Operating Revenue": 5808380.0
    },
    "2022-12-31": {
        "Tax Effect Of Unusual Items": 4265386.4,
        "Tax Rate For Calcs": 0.4,
        "Normalized EBITDA": -6056897.0,
        "Total Unusual Items": 10663466.0,
        "Total Unusual Items Excluding Goodwill": 10663466.0,
        "Net Income From Continuing Operation Net Minority Interest": 2208020.0,
        "Reconciled Depreciation": 372767.0,
        "Reconciled Cost Of Revenue": 2686863.0,
        "EBITDA": 4606569.0,
        "EBIT": 4606569.0,
        "Net Interest Income": -2405029.0,
        "Interest Expense": 2405029.0,
        "Normalized Income": -4190059.6,
        "Net Income From Continuing And Discontinued Operation": 2208020.0,
        "Total Expenses": 11849209.0,
        "Total Operating Income As Reported": NaN,
        "Diluted Average Shares": 16041464.0,
        "Basic Average Shares": 16041464.0,
        "Diluted EPS": 0.137645,
        "Basic EPS": 0.137645,
        "Diluted NI Availto Com Stockholders": 2208020.0,
        "Average Dilution Earnings": NaN,
        "Net Income Common Stockholders": 2208020.0,
        "Net Income": 2208020.0,
        "Net Income Including Noncontrolling Interests": 2208020.0,
        "Net Income Continuous Operations": 2208020.0,
        "Tax Provision": -6480.0,
        "Pretax Income": 2201540.0,
        "Other Income Expense": 10663466.0,
        "Other Non Operating Income Expenses": NaN,
        "Special Income Charges": 7408124.0,
        "Other Special Charges": 1851876.0,
        "Restructuring And Mergern Acquisition": NaN,
        "Gain On Sale Of Security": 3255342.0,
        "Net Non Operating Interest Income Expense": -2405029.0,
        "Interest Expense Non Operating": 2405029.0,
        "Operating Income": -6056897.0,
        "Operating Expense": 9162346.0,
        "Research And Development": 1065750.0,
        "Selling General And Administration": 8096596.0,
        "Selling And Marketing Expense": 2415155.0,
        "General And Administrative Expense": 5681441.0,
        "Other Gand A": 5681441.0,
        "Gross Profit": 3105449.0,
        "Cost Of Revenue": 2686863.0,
        "Total Revenue": 5792312.0,
        "Operating Revenue": 5792312.0
    },
    "2022-09-30": {
        "Tax Effect Of Unusual Items": 0.0,
        "Tax Rate For Calcs": 0.0,
        "Normalized EBITDA": -2127260.0,
        "Total Unusual Items": 0.0,
        "Total Unusual Items Excluding Goodwill": 0.0,
        "Net Income From Continuing Operation Net Minority Interest": -3548962.0,
        "Reconciled Depreciation": 425798.0,
        "Reconciled Cost Of Revenue": 2540288.0,
        "EBITDA": -2127260.0,
        "EBIT": -2127260.0,
        "Net Interest Income": -1421702.0,
        "Interest Expense": 1421702.0,
        "Normalized Income": -3548962.0,
        "Net Income From Continuing And Discontinued Operation": -3548962.0,
        "Total Expenses": 7125239.0,
        "Total Operating Income As Reported": NaN,
        "Diluted Average Shares": 16048174.0,
        "Basic Average Shares": 16048174.0,
        "Diluted EPS": -0.221144,
        "Basic EPS": -0.221144,
        "Diluted NI Availto Com Stockholders": -3548962.0,
        "Average Dilution Earnings": NaN,
        "Net Income Common Stockholders": -3548962.0,
        "Net Income": -3548962.0,
        "Net Income Including Noncontrolling Interests": -3548962.0,
        "Net Income Continuous Operations": -3548962.0,
        "Tax Provision": 0.0,
        "Pretax Income": -3548962.0,
        "Other Income Expense": NaN,
        "Other Non Operating Income Expenses": NaN,
        "Special Income Charges": 0.0,
        "Other Special Charges": NaN,
        "Restructuring And Mergern Acquisition": NaN,
        "Gain On Sale Of Security": NaN,
        "Net Non Operating Interest Income Expense": -1421702.0,
        "Interest Expense Non Operating": 1421702.0,
        "Operating Income": -2127260.0,
        "Operating Expense": 4584951.0,
        "Research And Development": 688540.0,
        "Selling General And Administration": 3896411.0,
        "Selling And Marketing Expense": 2319362.0,
        "General And Administrative Expense": 1577049.0,
        "Other Gand A": 1577049.0,
        "Gross Profit": 2457691.0,
        "Cost Of Revenue": 2540288.0,
        "Total Revenue": 4997979.0,
        "Operating Revenue": 4997979.0
    },
    "2022-06-30": {
        "Tax Effect Of Unusual Items": -77092.4,
        "Tax Rate For Calcs": 0.4,
        "Normalized EBITDA": -1432877.0,
        "Total Unusual Items": -192731.0,
        "Total Unusual Items Excluding Goodwill": -192731.0,
        "Net Income From Continuing Operation Net Minority Interest": -2823645.0,
        "Reconciled Depreciation": 369178.0,
        "Reconciled Cost Of Revenue": 2321692.0,
        "EBITDA": -1625608.0,
        "EBIT": -1625608.0,
        "Net Interest Income": -1197237.0,
        "Interest Expense": 1197237.0,
        "Normalized Income": -2708006.4,
        "Net Income From Continuing And Discontinued Operation": -2823645.0,
        "Total Expenses": 6292785.0,
        "Total Operating Income As Reported": NaN,
        "Diluted Average Shares": 16048174.0,
        "Basic Average Shares": 16048174.0,
        "Diluted EPS": -0.175948,
        "Basic EPS": -0.175948,
        "Diluted NI Availto Com Stockholders": -2823645.0,
        "Average Dilution Earnings": NaN,
        "Net Income Common Stockholders": -2823645.0,
        "Net Income": -2823645.0,
        "Net Income Including Noncontrolling Interests": -2823645.0,
        "Net Income Continuous Operations": -2823645.0,
        "Tax Provision": 800.0,
        "Pretax Income": -2822845.0,
        "Other Income Expense": -192731.0,
        "Other Non Operating Income Expenses": NaN,
        "Special Income Charges": -192731.0,
        "Other Special Charges": 192731.0,
        "Restructuring And Mergern Acquisition": NaN,
        "Gain On Sale Of Security": NaN,
        "Net Non Operating Interest Income Expense": -1197237.0,
        "Interest Expense Non Operating": 1197237.0,
        "Operating Income": -1432876.0,
        "Operating Expense": 3971093.0,
        "Research And Development": 669347.0,
        "Selling General And Administration": 3301746.0,
        "Selling And Marketing Expense": 2013392.0,
        "General And Administrative Expense": 1288354.0,
        "Other Gand A": 1288354.0,
        "Gross Profit": 2538217.0,
        "Cost Of Revenue": 2321692.0,
        "Total Revenue": 4859909.0,
        "Operating Revenue": 4859909.0
    },
    "2022-03-31": {
        "Diluted EPS": -0.75,
        "Total Revenue": 4,
        "Gross Profit": 2,
        "Operating Income": -2,
        "EBIT": -2,
        "Net Income": -3
    },
    "2021-12-31": {
        "Diluted EPS": 0.44,
        "Total Revenue": NaN,
        "Gross Profit": NaN,
        "Operating Income": -19,
        "EBIT": -19,
        "Net Income": -6
    },
    "2021-09-30": {
        "Diluted EPS": -0.01,
        "Total Revenue": NaN,
        "Gross Profit": NaN,
        "Operating Income": 0,
        "EBIT": 0,
        "Net Income": 0
    },
    "2021-06-30": {
        "Diluted EPS": -1.94,
        "Total Revenue": NaN,
        "Gross Profit": NaN,
        "Operating Income": 0,
        "EBIT": 0,
        "Net Income": 0
    },
    "2021-03-31": {
        "Diluted EPS": 0.0,
        "Total Revenue": NaN,
        "Gross Profit": NaN,
        "Operating Income": 0,
        "EBIT": 0,
        "Net Income": 0
    },
    "2023-06-30": {
        "Tax Effect Of Unusual Items": 1849343.58,
        "Tax Rate For Calcs": 0.21,
        "Normalized EBITDA": -6661309.0,
        "Total Unusual Items": 8806398.0,
        "Total Unusual Items Excluding Goodwill": 8806398.0,
        "Net Income From Continuing Operation Net Minority Interest": 904930.0,
        "Reconciled Depreciation": -122167.0,
        "Reconciled Cost Of Revenue": 3170794.0,
        "EBITDA": 2145089.0,
        "EBIT": 2145089.0,
        "Net Interest Income": -1240159.0,
        "Interest Expense": 1240159.0,
        "Normalized Income": -6052124.42,
        "Net Income From Continuing And Discontinued Operation": 904930.0,
        "Total Expenses": 12669672.0,
        "Total Operating Income As Reported": -5735762.0,
        "Diluted Average Shares": 19141231.0,
        "Basic Average Shares": 16057630.0,
        "Diluted EPS": -0.01,
        "Basic EPS": 0.06,
        "Diluted NI Availto Com Stockholders": 904930.0,
        "Average Dilution Earnings": -1168000.0,
        "Net Income Common Stockholders": 904930.0,
        "Net Income": 904930.0,
        "Net Income Including Noncontrolling Interests": 904930.0,
        "Net Income Continuous Operations": 904930.0,
        "Tax Provision": NaN,
        "Pretax Income": 904930.0,
        "Other Income Expense": 7880851.0,
        "Other Non Operating Income Expenses": -925547.0,
        "Special Income Charges": -802430.0,
        "Other Special Charges": 802430.0,
        "Restructuring And Mergern Acquisition": -6700000.0,
        "Gain On Sale Of Security": 8806398.0,
        "Net Non Operating Interest Income Expense": -1240159.0,
        "Interest Expense Non Operating": 1240159.0,
        "Operating Income": -5735762.0,
        "Operating Expense": 9498878.0,
        "Research And Development": 1376036.0,
        "Selling General And Administration": 8122842.0,
        "Selling And Marketing Expense": 3642718.0,
        "General And Administrative Expense": 4480124.0,
        "Other Gand A": 4480124.0,
        "Gross Profit": 3763116.0,
        "Cost Of Revenue": 3170794.0,
        "Total Revenue": 6933910.0,
        "Operating Revenue": 6933910.0
    },
    "2023-09-30": {
        "Tax Effect Of Unusual Items": 0.0,
        "Tax Rate For Calcs": 0.0,
        "Normalized EBITDA": -4480095.0,
        "Total Unusual Items": -5269422.0,
        "Total Unusual Items Excluding Goodwill": -5269422.0,
        "Net Income From Continuing Operation Net Minority Interest": -11238803.0,
        "Reconciled Depreciation": NaN,
        "Reconciled Cost Of Revenue": 3580073.0,
        "EBITDA": -9749517.0,
        "EBIT": -9749517.0,
        "Net Interest Income": -1489286.0,
        "Interest Expense": 1489286.0,
        "Normalized Income": -5969381.0,
        "Net Income From Continuing And Discontinued Operation": -11238803.0,
        "Total Expenses": 11287521.0,
        "Total Operating Income As Reported": -4216076.0,
        "Diluted Average Shares": 16115254.0,
        "Basic Average Shares": 16115254.0,
        "Diluted EPS": -0.7,
        "Basic EPS": -0.7,
        "Diluted NI Availto Com Stockholders": -11238803.0,
        "Average Dilution Earnings": NaN,
        "Net Income Common Stockholders": -11238803.0,
        "Net Income": -11238803.0,
        "Net Income Including Noncontrolling Interests": -11238803.0,
        "Net Income Continuous Operations": -11238803.0,
        "Tax Provision": NaN,
        "Pretax Income": -11238803.0,
        "Other Income Expense": -5533441.0,
        "Other Non Operating Income Expenses": -264019.0,
        "Special Income Charges": -5863043.0,
        "Other Special Charges": 9743043.0,
        "Restructuring And Mergern Acquisition": -3880000.0,
        "Gain On Sale Of Security": 593621.0,
        "Net Non Operating Interest Income Expense": -1489286.0,
        "Interest Expense Non Operating": 1489286.0,
        "Operating Income": -4216076.0,
        "Operating Expense": 7707448.0,
        "Research And Development": 1040065.0,
        "Selling General And Administration": 6667383.0,
        "Selling And Marketing Expense": 3240511.0,
        "General And Administrative Expense": 3426872.0,
        "Other Gand A": 3426872.0,
        "Gross Profit": 3491372.0,
        "Cost Of Revenue": 3580073.0,
        "Total Revenue": 7071445.0,
        "Operating Revenue": 7071445.0
    }
}