{
    "2023-06-30": {
        "Tax Effect Of Unusual Items": NaN,
        "Tax Rate For Calcs": NaN,
        "Normalized EBITDA": NaN,
        "Net Income From Continuing Operation Net Minority Interest": NaN,
        "Reconciled Depreciation": NaN,
        "Reconciled Cost Of Revenue": NaN,
        "EBITDA": NaN,
        "EBIT": NaN,
        "Net Interest Income": NaN,
        "Normalized Income": NaN,
        "Net Income From Continuing And Discontinued Operation": NaN,
        "Total Expenses": NaN,
        "Total Operating Income As Reported": NaN,
        "Diluted Average Shares": NaN,
        "Basic Average Shares": NaN,
        "Diluted EPS": NaN,
        "Basic EPS": NaN,
        "Diluted NI Availto Com Stockholders": NaN,
        "Net Income Common Stockholders": NaN,
        "Otherunder Preferred Stock Dividend": 0.0,
        "Net Income": NaN,
        "Minority Interests": NaN,
        "Net Income Including Noncontrolling Interests": NaN,
        "Net Income Continuous Operations": NaN,
        "Tax Provision": NaN,
        "Pretax Income": NaN,
        "Other Income Expense": -1000000.0,
        "Other Non Operating Income Expenses": -1000000.0,
        "Net Non Operating Interest Income Expense": NaN,
        "Total Other Finance Cost": NaN,
        "Operating Income": NaN,
        "Operating Expense": NaN,
        "Other Operating Expenses": NaN,
        "Research And Development": NaN,
        "Selling General And Administration": NaN,
        "General And Administrative Expense": 480000000.0,
        "Other Gand A": 479000000.0,
        "Salaries And Wages": 1000000.0,
        "Gross Profit": NaN,
        "Cost Of Revenue": NaN,
        "Total Revenue": NaN,
        "Operating Revenue": NaN
    },
    "2023-03-31": {
        "Tax Effect Of Unusual Items": NaN,
        "Tax Rate For Calcs": NaN,
        "Normalized EBITDA": NaN,
        "Net Income From Continuing Operation Net Minority Interest": NaN,
        "Reconciled Depreciation": NaN,
        "Reconciled Cost Of Revenue": NaN,
        "EBITDA": NaN,
        "EBIT": NaN,
        "Net Interest Income": NaN,
        "Normalized Income": NaN,
        "Net Income From Continuing And Discontinued Operation": NaN,
        "Total Expenses": NaN,
        "Total Operating Income As Reported": NaN,
        "Diluted Average Shares": NaN,
        "Basic Average Shares": NaN,
        "Diluted EPS": NaN,
        "Basic EPS": NaN,
        "Diluted NI Availto Com Stockholders": NaN,
        "Net Income Common Stockholders": NaN,
        "Otherunder Preferred Stock Dividend": 0.0,
        "Net Income": NaN,
        "Minority Interests": NaN,
        "Net Income Including Noncontrolling Interests": NaN,
        "Net Income Continuous Operations": NaN,
        "Tax Provision": NaN,
        "Pretax Income": NaN,
        "Other Income Expense": NaN,
        "Other Non Operating Income Expenses": NaN,
        "Net Non Operating Interest Income Expense": NaN,
        "Total Other Finance Cost": NaN,
        "Operating Income": NaN,
        "Operating Expense": NaN,
        "Other Operating Expenses": NaN,
        "Research And Development": NaN,
        "Selling General And Administration": NaN,
        "General And Administrative Expense": NaN,
        "Other Gand A": NaN,
        "Salaries And Wages": NaN,
        "Gross Profit": NaN,
        "Cost Of Revenue": NaN,
        "Total Revenue": NaN,
        "Operating Revenue": NaN
    },
    "2022-12-31": {
        "Tax Effect Of Unusual Items": NaN,
        "Tax Rate For Calcs": NaN,
        "Normalized EBITDA": NaN,
        "Net Income From Continuing Operation Net Minority Interest": NaN,
        "Reconciled Depreciation": NaN,
        "Reconciled Cost Of Revenue": NaN,
        "EBITDA": NaN,
        "EBIT": NaN,
        "Net Interest Income": NaN,
        "Normalized Income": NaN,
        "Net Income From Continuing And Discontinued Operation": NaN,
        "Total Expenses": NaN,
        "Total Operating Income As Reported": NaN,
        "Diluted Average Shares": NaN,
        "Basic Average Shares": NaN,
        "Diluted EPS": NaN,
        "Basic EPS": NaN,
        "Diluted NI Availto Com Stockholders": NaN,
        "Net Income Common Stockholders": NaN,
        "Otherunder Preferred Stock Dividend": NaN,
        "Net Income": NaN,
        "Minority Interests": NaN,
        "Net Income Including Noncontrolling Interests": NaN,
        "Net Income Continuous Operations": NaN,
        "Tax Provision": NaN,
        "Pretax Income": NaN,
        "Other Income Expense": 0.0,
        "Other Non Operating Income Expenses": 0.0,
        "Net Non Operating Interest Income Expense": NaN,
        "Total Other Finance Cost": NaN,
        "Operating Income": NaN,
        "Operating Expense": NaN,
        "Other Operating Expenses": NaN,
        "Research And Development": NaN,
        "Selling General And Administration": NaN,
        "General And Administrative Expense": NaN,
        "Other Gand A": NaN,
        "Salaries And Wages": NaN,
        "Gross Profit": NaN,
        "Cost Of Revenue": NaN,
        "Total Revenue": NaN,
        "Operating Revenue": NaN
    },
    "2022-09-30": {
        "Tax Effect Of Unusual Items": NaN,
        "Tax Rate For Calcs": NaN,
        "Normalized EBITDA": NaN,
        "Net Income From Continuing Operation Net Minority Interest": NaN,
        "Reconciled Depreciation": NaN,
        "Reconciled Cost Of Revenue": NaN,
        "EBITDA": NaN,
        "EBIT": NaN,
        "Net Interest Income": NaN,
        "Normalized Income": NaN,
        "Net Income From Continuing And Discontinued Operation": NaN,
        "Total Expenses": NaN,
        "Total Operating Income As Reported": NaN,
        "Diluted Average Shares": NaN,
        "Basic Average Shares": NaN,
        "Diluted EPS": NaN,
        "Basic EPS": NaN,
        "Diluted NI Availto Com Stockholders": NaN,
        "Net Income Common Stockholders": NaN,
        "Otherunder Preferred Stock Dividend": NaN,
        "Net Income": NaN,
        "Minority Interests": NaN,
        "Net Income Including Noncontrolling Interests": NaN,
        "Net Income Continuous Operations": NaN,
        "Tax Provision": NaN,
        "Pretax Income": NaN,
        "Other Income Expense": -1000000.0,
        "Other Non Operating Income Expenses": -1000000.0,
        "Net Non Operating Interest Income Expense": NaN,
        "Total Other Finance Cost": NaN,
        "Operating Income": NaN,
        "Operating Expense": NaN,
        "Other Operating Expenses": NaN,
        "Research And Development": NaN,
        "Selling General And Administration": NaN,
        "General And Administrative Expense": 418000000.0,
        "Other Gand A": 417000000.0,
        "Salaries And Wages": 1000000.0,
        "Gross Profit": NaN,
        "Cost Of Revenue": NaN,
        "Total Revenue": NaN,
        "Operating Revenue": NaN
    },
    "2022-06-30": {
        "Tax Effect Of Unusual Items": 0.0,
        "Tax Rate For Calcs": 0.228,
        "Normalized EBITDA": 536000000.0,
        "Net Income From Continuing Operation Net Minority Interest": 321000000.0,
        "Reconciled Depreciation": 49000000.0,
        "Reconciled Cost Of Revenue": 2505000000.0,
        "EBITDA": 536000000.0,
        "EBIT": 487000000.0,
        "Net Interest Income": -35000000.0,
        "Normalized Income": 321000000.0,
        "Net Income From Continuing And Discontinued Operation": 321000000.0,
        "Total Expenses": 3001000000.0,
        "Total Operating Income As Reported": 487000000.0,
        "Diluted Average Shares": 424200000.0,
        "Basic Average Shares": 421400000.0,
        "Diluted EPS": 0.76,
        "Basic EPS": 0.76,
        "Diluted NI Availto Com Stockholders": 321000000.0,
        "Net Income Common Stockholders": 321000000.0,
        "Otherunder Preferred Stock Dividend": NaN,
        "Net Income": 321000000.0,
        "Minority Interests": -27000000.0,
        "Net Income Including Noncontrolling Interests": 348000000.0,
        "Net Income Continuous Operations": 348000000.0,
        "Tax Provision": 103000000.0,
        "Pretax Income": 451000000.0,
        "Other Income Expense": -1000000.0,
        "Other Non Operating Income Expenses": -1000000.0,
        "Net Non Operating Interest Income Expense": -35000000.0,
        "Total Other Finance Cost": 35000000.0,
        "Operating Income": 487000000.0,
        "Operating Expense": 496000000.0,
        "Other Operating Expenses": 19000000.0,
        "Research And Development": 38000000.0,
        "Selling General And Administration": 439000000.0,
        "General And Administrative Expense": NaN,
        "Other Gand A": NaN,
        "Salaries And Wages": NaN,
        "Gross Profit": 983000000.0,
        "Cost Of Revenue": 2505000000.0,
        "Total Revenue": 3488000000.0,
        "Operating Revenue": 3488000000.0
    },
    "2022-03-31": {
        "Diluted EPS": 0.73,
        "Total Revenue": NaN,
        "Gross Profit": NaN,
        "Operating Income": 526,
        "EBIT": 574,
        "Net Income": 311
    },
    "2021-12-31": {
        "Diluted EPS": 0.65,
        "Total Revenue": NaN,
        "Gross Profit": NaN,
        "Operating Income": 496,
        "EBIT": 547,
        "Net Income": 281
    },
    "2021-09-30": {
        "Diluted EPS": 0.77,
        "Total Revenue": NaN,
        "Gross Profit": NaN,
        "Operating Income": 542,
        "EBIT": 592,
        "Net Income": 331
    },
    "2021-06-30": {
        "Diluted EPS": 0.76,
        "Total Revenue": NaN,
        "Gross Profit": NaN,
        "Operating Income": 561,
        "EBIT": 612,
        "Net Income": 326
    },
    "2021-03-31": {
        "Diluted EPS": 0.71,
        "Total Revenue": NaN,
        "Gross Profit": NaN,
        "Operating Income": 509,
        "EBIT": 560,
        "Net Income": 308
    },
    "2020-12-31": {
        "Diluted EPS": 0.57,
        "Total Revenue": NaN,
        "Gross Profit": NaN,
        "Operating Income": 440,
        "EBIT": 491,
        "Net Income": 251
    },
    "2020-09-30": {
        "Diluted EPS": 0.61,
        "Total Revenue": NaN,
        "Gross Profit": 979,
        "Operating Income": 454,
        "EBIT": 502,
        "Net Income": 266
    },
    "2020-06-30": {
        "Diluted EPS": 0.52,
        "Total Revenue": NaN,
        "Gross Profit": 891,
        "Operating Income": 416,
        "EBIT": 465,
        "Net Income": 224
    },
    "2020-03-31": {
        "Diluted EPS": 0.38,
        "Total Revenue": NaN,
        "Gross Profit": 897,
        "Operating Income": 329,
        "EBIT": 372,
        "Net Income": 165
    },
    "2019-12-31": {
        "Diluted EPS": 0.48,
        "Total Revenue": NaN,
        "Gross Profit": 966,
        "Operating Income": 436,
        "EBIT": 481,
        "Net Income": 218
    },
    "2019-09-30": {
        "Diluted EPS": 0.73,
        "Total Revenue": NaN,
        "Gross Profit": 975,
        "Operating Income": 482,
        "EBIT": 526,
        "Net Income": 317
    },
    "2019-06-30": {
        "Diluted EPS": 0.71,
        "Total Revenue": NaN,
        "Gross Profit": 984,
        "Operating Income": 481,
        "EBIT": 527,
        "Net Income": 308
    },
    "2019-03-31": {
        "Diluted EPS": 0.63,
        "Total Revenue": NaN,
        "Gross Profit": 901,
        "Operating Income": 415,
        "EBIT": 460,
        "Net Income": 273
    },
    "2018-12-31": {
        "Diluted EPS": 0.0,
        "Total Revenue": NaN,
        "Gross Profit": NaN,
        "Operating Income": NaN,
        "EBIT": NaN,
        "Net Income": NaN
    },
    "2023-09-30": {
        "Tax Effect Of Unusual Items": NaN,
        "Tax Rate For Calcs": NaN,
        "Normalized EBITDA": NaN,
        "Net Income From Continuing Operation Net Minority Interest": NaN,
        "Reconciled Depreciation": NaN,
        "Reconciled Cost Of Revenue": NaN,
        "EBITDA": NaN,
        "EBIT": NaN,
        "Net Interest Income": NaN,
        "Normalized Income": NaN,
        "Net Income From Continuing And Discontinued Operation": NaN,
        "Total Expenses": NaN,
        "Total Operating Income As Reported": NaN,
        "Diluted Average Shares": 413700000.0,
        "Basic Average Shares": 410800000.0,
        "Diluted EPS": 0.91,
        "Basic EPS": 0.92,
        "Diluted NI Availto Com Stockholders": NaN,
        "Net Income Common Stockholders": NaN,
        "Otherunder Preferred Stock Dividend": NaN,
        "Net Income": NaN,
        "Minority Interests": NaN,
        "Net Income Including Noncontrolling Interests": NaN,
        "Net Income Continuous Operations": NaN,
        "Tax Provision": NaN,
        "Pretax Income": NaN,
        "Other Income Expense": NaN,
        "Other Non Operating Income Expenses": NaN,
        "Net Non Operating Interest Income Expense": NaN,
        "Total Other Finance Cost": NaN,
        "Operating Income": NaN,
        "Operating Expense": NaN,
        "Other Operating Expenses": NaN,
        "Research And Development": NaN,
        "Selling General And Administration": NaN,
        "General And Administrative Expense": 452000000.0,
        "Other Gand A": 452000000.0,
        "Salaries And Wages": 0.0,
        "Gross Profit": NaN,
        "Cost Of Revenue": NaN,
        "Total Revenue": NaN,
        "Operating Revenue": NaN
    },
    "2023-12-31": {
        "Tax Effect Of Unusual Items": 0.0,
        "Tax Rate For Calcs": 0.278826,
        "Normalized EBITDA": 570000000.0,
        "Net Income From Continuing Operation Net Minority Interest": 323000000.0,
        "Reconciled Depreciation": 48000000.0,
        "Reconciled Cost Of Revenue": 2552000000.0,
        "EBITDA": 570000000.0,
        "EBIT": 522000000.0,
        "Net Interest Income": -41000000.0,
        "Normalized Income": 323000000.0,
        "Net Income From Continuing And Discontinued Operation": 323000000.0,
        "Total Expenses": 3098000000.0,
        "Total Operating Income As Reported": 522000000.0,
        "Diluted Average Shares": 410900000.0,
        "Basic Average Shares": 408000000.0,
        "Diluted EPS": 0.79,
        "Basic EPS": 0.79,
        "Diluted NI Availto Com Stockholders": 323000000.0,
        "Net Income Common Stockholders": 323000000.0,
        "Otherunder Preferred Stock Dividend": NaN,
        "Net Income": 323000000.0,
        "Minority Interests": -21000000.0,
        "Net Income Including Noncontrolling Interests": 344000000.0,
        "Net Income Continuous Operations": 344000000.0,
        "Tax Provision": 133000000.0,
        "Pretax Income": 477000000.0,
        "Other Income Expense": -4000000.0,
        "Other Non Operating Income Expenses": -4000000.0,
        "Net Non Operating Interest Income Expense": -41000000.0,
        "Total Other Finance Cost": 41000000.0,
        "Operating Income": 522000000.0,
        "Operating Expense": 546000000.0,
        "Other Operating Expenses": 11000000.0,
        "Research And Development": 37000000.0,
        "Selling General And Administration": 498000000.0,
        "General And Administrative Expense": NaN,
        "Other Gand A": NaN,
        "Salaries And Wages": NaN,
        "Gross Profit": 1068000000.0,
        "Cost Of Revenue": 2552000000.0,
        "Total Revenue": 3620000000.0,
        "Operating Revenue": 3620000000.0
    },
    "2024-03-31": {
        "Tax Effect Of Unusual Items": 0.0,
        "Tax Rate For Calcs": 0.252,
        "Normalized EBITDA": 588000000.0,
        "Net Income From Continuing Operation Net Minority Interest": 353000000.0,
        "Reconciled Depreciation": 44000000.0,
        "Reconciled Cost Of Revenue": 2409000000.0,
        "EBITDA": 588000000.0,
        "EBIT": 544000000.0,
        "Net Interest Income": -44000000.0,
        "Normalized Income": 353000000.0,
        "Net Income From Continuing And Discontinued Operation": 353000000.0,
        "Total Expenses": 2893000000.0,
        "Total Operating Income As Reported": 544000000.0,
        "Diluted Average Shares": 408100000.0,
        "Basic Average Shares": 405200000.0,
        "Diluted EPS": 0.86,
        "Basic EPS": 0.87,
        "Diluted NI Availto Com Stockholders": 353000000.0,
        "Net Income Common Stockholders": 353000000.0,
        "Otherunder Preferred Stock Dividend": 0.0,
        "Net Income": 353000000.0,
        "Minority Interests": -21000000.0,
        "Net Income Including Noncontrolling Interests": 374000000.0,
        "Net Income Continuous Operations": 374000000.0,
        "Tax Provision": 126000000.0,
        "Pretax Income": 500000000.0,
        "Other Income Expense": NaN,
        "Other Non Operating Income Expenses": NaN,
        "Net Non Operating Interest Income Expense": -44000000.0,
        "Total Other Finance Cost": 44000000.0,
        "Operating Income": 544000000.0,
        "Operating Expense": 484000000.0,
        "Other Operating Expenses": -14000000.0,
        "Research And Development": 36000000.0,
        "Selling General And Administration": 462000000.0,
        "General And Administrative Expense": NaN,
        "Other Gand A": NaN,
        "Salaries And Wages": NaN,
        "Gross Profit": 1028000000.0,
        "Cost Of Revenue": 2409000000.0,
        "Total Revenue": 3437000000.0,
        "Operating Revenue": 3437000000.0
    },
    "2024-06-30": {
        "Tax Effect Of Unusual Items": 0.0,
        "Tax Rate For Calcs": 0.173,
        "Normalized EBITDA": 611000000.0,
        "Net Income From Continuing Operation Net Minority Interest": 415000000.0,
        "Reconciled Depreciation": 41000000.0,
        "Reconciled Cost Of Revenue": 2522000000.0,
        "EBITDA": 611000000.0,
        "EBIT": 570000000.0,
        "Net Interest Income": -27000000.0,
        "Normalized Income": 415000000.0,
        "Net Income From Continuing And Discontinued Operation": 415000000.0,
        "Total Expenses": 3031000000.0,
        "Total Operating Income As Reported": 570000000.0,
        "Diluted Average Shares": 405500000.0,
        "Basic Average Shares": 402900000.0,
        "Diluted EPS": 1.02,
        "Basic EPS": 1.03,
        "Diluted NI Availto Com Stockholders": 415000000.0,
        "Net Income Common Stockholders": 415000000.0,
        "Otherunder Preferred Stock Dividend": 0.0,
        "Net Income": 415000000.0,
        "Minority Interests": -35000000.0,
        "Net Income Including Noncontrolling Interests": 450000000.0,
        "Net Income Continuous Operations": 450000000.0,
        "Tax Provision": 94000000.0,
        "Pretax Income": 544000000.0,
        "Other Income Expense": 1000000.0,
        "Other Non Operating Income Expenses": 1000000.0,
        "Net Non Operating Interest Income Expense": -27000000.0,
        "Total Other Finance Cost": 27000000.0,
        "Operating Income": 570000000.0,
        "Operating Expense": 509000000.0,
        "Other Operating Expenses": 21000000.0,
        "Research And Development": 39000000.0,
        "Selling General And Administration": 449000000.0,
        "General And Administrative Expense": NaN,
        "Other Gand A": NaN,
        "Salaries And Wages": NaN,
        "Gross Profit": 1079000000.0,
        "Cost Of Revenue": 2522000000.0,
        "Total Revenue": 3601000000.0,
        "Operating Revenue": 3601000000.0
    },
    "2024-09-30": {
        "Tax Effect Of Unusual Items": 0.0,
        "Tax Rate For Calcs": 0.21,
        "Normalized EBITDA": 411000000.0,
        "Net Income From Continuing Operation Net Minority Interest": 540000000.0,
        "Reconciled Depreciation": 48000000.0,
        "Reconciled Cost Of Revenue": 2470000000.0,
        "EBITDA": 411000000.0,
        "EBIT": 363000000.0,
        "Net Interest Income": 150000000.0,
        "Normalized Income": 540000000.0,
        "Net Income From Continuing And Discontinued Operation": 540000000.0,
        "Total Expenses": 3185000000.0,
        "Total Operating Income As Reported": 363000000.0,
        "Diluted Average Shares": 402700000.0,
        "Basic Average Shares": 400200000.0,
        "Diluted EPS": 1.34,
        "Basic EPS": 1.35,
        "Diluted NI Availto Com Stockholders": 540000000.0,
        "Net Income Common Stockholders": 540000000.0,
        "Otherunder Preferred Stock Dividend": NaN,
        "Net Income": 540000000.0,
        "Minority Interests": -17000000.0,
        "Net Income Including Noncontrolling Interests": 557000000.0,
        "Net Income Continuous Operations": 557000000.0,
        "Tax Provision": -45000000.0,
        "Pretax Income": 512000000.0,
        "Other Income Expense": -1000000.0,
        "Other Non Operating Income Expenses": -1000000.0,
        "Net Non Operating Interest Income Expense": 150000000.0,
        "Total Other Finance Cost": -150000000.0,
        "Operating Income": 363000000.0,
        "Operating Expense": 715000000.0,
        "Other Operating Expenses": 220000000.0,
        "Research And Development": 40000000.0,
        "Selling General And Administration": 455000000.0,
        "General And Administrative Expense": NaN,
        "Other Gand A": NaN,
        "Salaries And Wages": NaN,
        "Gross Profit": 1078000000.0,
        "Cost Of Revenue": 2470000000.0,
        "Total Revenue": 3548000000.0,
        "Operating Revenue": 3548000000.0
    },
    "2024-12-31": {
        "Tax Effect Of Unusual Items": 0.0,
        "Tax Rate For Calcs": 0.269151,
        "Normalized EBITDA": 622000000.0,
        "Net Income From Continuing Operation Net Minority Interest": 337000000.0,
        "Reconciled Depreciation": 48000000.0,
        "Reconciled Cost Of Revenue": 2603000000.0,
        "EBITDA": 622000000.0,
        "EBIT": 574000000.0,
        "Net Interest Income": -48000000.0,
        "Normalized Income": 337000000.0,
        "Net Income From Continuing And Discontinued Operation": 337000000.0,
        "Total Expenses": 3101000000.0,
        "Total Operating Income As Reported": 531000000.0,
        "Diluted Average Shares": NaN,
        "Basic Average Shares": NaN,
        "Diluted EPS": NaN,
        "Basic EPS": NaN,
        "Diluted NI Availto Com Stockholders": 337000000.0,
        "Net Income Common Stockholders": 337000000.0,
        "Otherunder Preferred Stock Dividend": NaN,
        "Net Income": 337000000.0,
        "Minority Interests": -16000000.0,
        "Net Income Including Noncontrolling Interests": 353000000.0,
        "Net Income Continuous Operations": 353000000.0,
        "Tax Provision": 130000000.0,
        "Pretax Income": 483000000.0,
        "Other Income Expense": NaN,
        "Other Non Operating Income Expenses": NaN,
        "Net Non Operating Interest Income Expense": -48000000.0,
        "Total Other Finance Cost": 48000000.0,
        "Operating Income": 574000000.0,
        "Operating Expense": 498000000.0,
        "Other Operating Expenses": 9000000.0,
        "Research And Development": 37000000.0,
        "Selling General And Administration": 452000000.0,
        "General And Administrative Expense": NaN,
        "Other Gand A": NaN,
        "Salaries And Wages": NaN,
        "Gross Profit": 1072000000.0,
        "Cost Of Revenue": 2603000000.0,
        "Total Revenue": 3675000000.0,
        "Operating Revenue": 3675000000.0
    }
}