{
    "2023-03-31": {
        "Tax Effect Of Unusual Items": NaN,
        "Tax Rate For Calcs": NaN,
        "Normalized EBITDA": NaN,
        "Total Unusual Items": NaN,
        "Total Unusual Items Excluding Goodwill": NaN,
        "Net Income From Continuing Operation Net Minority Interest": NaN,
        "Reconciled Depreciation": NaN,
        "EBITDA": NaN,
        "EBIT": NaN,
        "Net Interest Income": NaN,
        "Interest Expense": NaN,
        "Interest Income": NaN,
        "Normalized Income": NaN,
        "Net Income From Continuing And Discontinued Operation": NaN,
        "Total Expenses": NaN,
        "Total Operating Income As Reported": NaN,
        "Diluted Average Shares": 12833330.0,
        "Basic Average Shares": 12833330.0,
        "Diluted EPS": -0.52,
        "Basic EPS": -0.52,
        "Diluted NI Availto Com Stockholders": NaN,
        "Net Income Common Stockholders": NaN,
        "Otherunder Preferred Stock Dividend": NaN,
        "Net Income": NaN,
        "Net Income Including Noncontrolling Interests": NaN,
        "Net Income Continuous Operations": NaN,
        "Tax Provision": 2800.0,
        "Pretax Income": NaN,
        "Other Income Expense": NaN,
        "Other Non Operating Income Expenses": NaN,
        "Special Income Charges": NaN,
        "Other Special Charges": NaN,
        "Earnings From Equity Interest": NaN,
        "Gain On Sale Of Security": NaN,
        "Net Non Operating Interest Income Expense": NaN,
        "Total Other Finance Cost": -187794.0,
        "Interest Expense Non Operating": NaN,
        "Interest Income Non Operating": NaN,
        "Operating Income": NaN,
        "Operating Expense": NaN,
        "Research And Development": NaN,
        "Selling General And Administration": NaN,
        "General And Administrative Expense": NaN,
        "Other Gand A": NaN,
        "Salaries And Wages": NaN,
        "Total Revenue": NaN,
        "Operating Revenue": NaN
    },
    "2022-12-31": {
        "Tax Effect Of Unusual Items": NaN,
        "Tax Rate For Calcs": NaN,
        "Normalized EBITDA": NaN,
        "Total Unusual Items": NaN,
        "Total Unusual Items Excluding Goodwill": NaN,
        "Net Income From Continuing Operation Net Minority Interest": NaN,
        "Reconciled Depreciation": NaN,
        "EBITDA": NaN,
        "EBIT": NaN,
        "Net Interest Income": NaN,
        "Interest Expense": 2448591.0,
        "Interest Income": NaN,
        "Normalized Income": NaN,
        "Net Income From Continuing And Discontinued Operation": NaN,
        "Total Expenses": NaN,
        "Total Operating Income As Reported": NaN,
        "Diluted Average Shares": NaN,
        "Basic Average Shares": NaN,
        "Diluted EPS": NaN,
        "Basic EPS": NaN,
        "Diluted NI Availto Com Stockholders": NaN,
        "Net Income Common Stockholders": NaN,
        "Otherunder Preferred Stock Dividend": NaN,
        "Net Income": NaN,
        "Net Income Including Noncontrolling Interests": NaN,
        "Net Income Continuous Operations": NaN,
        "Tax Provision": NaN,
        "Pretax Income": NaN,
        "Other Income Expense": NaN,
        "Other Non Operating Income Expenses": NaN,
        "Special Income Charges": NaN,
        "Other Special Charges": 577659.0,
        "Earnings From Equity Interest": NaN,
        "Gain On Sale Of Security": NaN,
        "Net Non Operating Interest Income Expense": NaN,
        "Total Other Finance Cost": 2448591.0,
        "Interest Expense Non Operating": 2448591.0,
        "Interest Income Non Operating": NaN,
        "Operating Income": NaN,
        "Operating Expense": NaN,
        "Research And Development": NaN,
        "Selling General And Administration": NaN,
        "General And Administrative Expense": NaN,
        "Other Gand A": NaN,
        "Salaries And Wages": NaN,
        "Total Revenue": NaN,
        "Operating Revenue": NaN
    },
    "2022-09-30": {
        "Tax Effect Of Unusual Items": NaN,
        "Tax Rate For Calcs": NaN,
        "Normalized EBITDA": NaN,
        "Total Unusual Items": NaN,
        "Total Unusual Items Excluding Goodwill": NaN,
        "Net Income From Continuing Operation Net Minority Interest": NaN,
        "Reconciled Depreciation": NaN,
        "EBITDA": NaN,
        "EBIT": NaN,
        "Net Interest Income": NaN,
        "Interest Expense": 360648.0,
        "Normalized Income": NaN,
        "Net Income From Continuing And Discontinued Operation": NaN,
        "Total Expenses": NaN,
        "Total Operating Income As Reported": NaN,
        "Diluted Average Shares": NaN,
        "Basic Average Shares": NaN,
        "Diluted EPS": NaN,
        "Basic EPS": NaN,
        "Diluted NI Availto Com Stockholders": NaN,
        "Net Income Common Stockholders": NaN,
        "Net Income": NaN,
        "Net Income Including Noncontrolling Interests": NaN,
        "Net Income Continuous Operations": NaN,
        "Tax Provision": 800.0,
        "Pretax Income": NaN,
        "Other Income Expense": NaN,
        "Other Non Operating Income Expenses": NaN,
        "Special Income Charges": NaN,
        "Other Special Charges": 0.0,
        "Earnings From Equity Interest": NaN,
        "Gain On Sale Of Security": NaN,
        "Net Non Operating Interest Income Expense": NaN,
        "Total Other Finance Cost": NaN,
        "Interest Expense Non Operating": 360648.0,
        "Operating Income": NaN,
        "Operating Expense": NaN,
        "Research And Development": NaN,
        "Selling General And Administration": NaN,
        "General And Administrative Expense": NaN,
        "Other Gand A": NaN,
        "Salaries And Wages": NaN,
        "Total Revenue": NaN,
        "Operating Revenue": NaN
    },
    "2022-06-30": {
        "Tax Effect Of Unusual Items": 0.0,
        "Tax Rate For Calcs": 0.0,
        "Normalized EBITDA": -16984494.0,
        "Total Unusual Items": -147249.0,
        "Total Unusual Items Excluding Goodwill": -147249.0,
        "Net Income From Continuing Operation Net Minority Interest": -17539961.0,
        "Reconciled Depreciation": 51271.0,
        "EBITDA": -17131743.0,
        "EBIT": -17183014.0,
        "Net Interest Income": -356947.0,
        "Interest Expense": 356947.0,
        "Normalized Income": -17392712.0,
        "Net Income From Continuing And Discontinued Operation": -17539961.0,
        "Total Expenses": 17023960.0,
        "Total Operating Income As Reported": -17023960.0,
        "Diluted Average Shares": 220497826.0,
        "Basic Average Shares": 220497826.0,
        "Diluted EPS": -0.08,
        "Basic EPS": -0.08,
        "Diluted NI Availto Com Stockholders": -17539961.0,
        "Net Income Common Stockholders": -17539961.0,
        "Net Income": -17539961.0,
        "Net Income Including Noncontrolling Interests": -17539961.0,
        "Net Income Continuous Operations": -17539961.0,
        "Tax Provision": 0.0,
        "Pretax Income": -17539961.0,
        "Other Income Expense": -159054.0,
        "Other Non Operating Income Expenses": -376963.0,
        "Special Income Charges": 0.0,
        "Other Special Charges": NaN,
        "Earnings From Equity Interest": -11805.0,
        "Gain On Sale Of Security": -147249.0,
        "Net Non Operating Interest Income Expense": -356947.0,
        "Total Other Finance Cost": NaN,
        "Interest Expense Non Operating": 356947.0,
        "Operating Income": -17023960.0,
        "Operating Expense": 17023960.0,
        "Research And Development": 11249191.0,
        "Selling General And Administration": 5774769.0,
        "General And Administrative Expense": 5774769.0,
        "Other Gand A": 3338900.0,
        "Salaries And Wages": 2435869.0,
        "Total Revenue": 0.0,
        "Operating Revenue": 0.0
    },
    "2022-03-31": {
        "Diluted EPS": -0.09,
        "Total Revenue": NaN,
        "Gross Profit": NaN,
        "Operating Income": -19,
        "EBIT": -19,
        "Net Income": -20
    },
    "2021-12-31": {
        "Diluted EPS": -0.08,
        "Total Revenue": NaN,
        "Gross Profit": NaN,
        "Operating Income": -13,
        "EBIT": -13,
        "Net Income": -14
    },
    "2021-09-30": {
        "Diluted EPS": -0.07,
        "Total Revenue": NaN,
        "Gross Profit": NaN,
        "Operating Income": -13,
        "EBIT": -13,
        "Net Income": -13
    },
    "2021-06-30": {
        "Diluted EPS": -0.07,
        "Total Revenue": NaN,
        "Gross Profit": NaN,
        "Operating Income": -11,
        "EBIT": -11,
        "Net Income": -12
    },
    "2021-03-31": {
        "Diluted EPS": -0.09,
        "Total Revenue": NaN,
        "Gross Profit": NaN,
        "Operating Income": -13,
        "EBIT": -13,
        "Net Income": -13
    },
    "2020-12-31": {
        "Diluted EPS": -0.12,
        "Total Revenue": NaN,
        "Gross Profit": NaN,
        "Operating Income": -14,
        "EBIT": -14,
        "Net Income": -14
    },
    "2020-09-30": {
        "Diluted EPS": 0.34,
        "Total Revenue": NaN,
        "Gross Profit": NaN,
        "Operating Income": -10,
        "EBIT": -10,
        "Net Income": -10
    },
    "2020-06-30": {
        "Diluted EPS": -0.03,
        "Total Revenue": NaN,
        "Gross Profit": NaN,
        "Operating Income": -12,
        "EBIT": -12,
        "Net Income": -3
    },
    "2020-03-31": {
        "Diluted EPS": -0.36,
        "Total Revenue": NaN,
        "Gross Profit": NaN,
        "Operating Income": -7,
        "EBIT": -7,
        "Net Income": -17
    },
    "2019-12-31": {
        "Diluted EPS": -0.62,
        "Total Revenue": NaN,
        "Gross Profit": NaN,
        "Operating Income": -8,
        "EBIT": -8,
        "Net Income": -18
    },
    "2019-09-30": {
        "Diluted EPS": 0.2,
        "Total Revenue": 6,
        "Gross Profit": 6,
        "Operating Income": -13,
        "EBIT": -12,
        "Net Income": -10
    },
    "2019-06-30": {
        "Diluted EPS": -0.2,
        "Total Revenue": 1,
        "Gross Profit": 1,
        "Operating Income": -6,
        "EBIT": -5,
        "Net Income": -5
    },
    "2019-03-31": {
        "Diluted EPS": -0.98,
        "Total Revenue": 1,
        "Gross Profit": 1,
        "Operating Income": -8,
        "EBIT": -7,
        "Net Income": -11
    },
    "2018-12-31": {
        "Diluted EPS": -1.0,
        "Total Revenue": 1,
        "Gross Profit": 1,
        "Operating Income": -10,
        "EBIT": -9,
        "Net Income": -10
    },
    "2018-09-30": {
        "Diluted EPS": 0.7,
        "Total Revenue": 1,
        "Gross Profit": 1,
        "Operating Income": -12,
        "EBIT": -12,
        "Net Income": -13
    },
    "2018-06-30": {
        "Diluted EPS": -2.1,
        "Total Revenue": 1,
        "Gross Profit": 1,
        "Operating Income": -7,
        "EBIT": -6,
        "Net Income": -9
    },
    "2018-03-31": {
        "Diluted EPS": -2.66,
        "Total Revenue": 1,
        "Gross Profit": 1,
        "Operating Income": -7,
        "EBIT": -6,
        "Net Income": -9
    },
    "2017-12-31": {
        "Diluted EPS": -5.68,
        "Total Revenue": 1,
        "Gross Profit": 1,
        "Operating Income": -3,
        "EBIT": -3,
        "Net Income": -18
    },
    "2017-09-30": {
        "Diluted EPS": -3.04,
        "Total Revenue": 3,
        "Gross Profit": 3,
        "Operating Income": -3,
        "EBIT": -2,
        "Net Income": -8
    },
    "2017-06-30": {
        "Diluted EPS": -1.76,
        "Total Revenue": 0,
        "Gross Profit": 0,
        "Operating Income": -7,
        "EBIT": -7,
        "Net Income": -5
    },
    "2017-03-31": {
        "Diluted EPS": -3.04,
        "Total Revenue": 0,
        "Gross Profit": 0,
        "Operating Income": -8,
        "EBIT": -7,
        "Net Income": -8
    },
    "2016-12-31": {
        "Diluted EPS": -6.56,
        "Total Revenue": 0,
        "Gross Profit": 0,
        "Operating Income": -18,
        "EBIT": -17,
        "Net Income": -19
    },
    "2016-09-30": {
        "Diluted EPS": -3.12,
        "Total Revenue": 0,
        "Gross Profit": 0,
        "Operating Income": -10,
        "EBIT": -9,
        "Net Income": -11
    },
    "2016-06-30": {
        "Diluted EPS": -12.8,
        "Total Revenue": 0,
        "Gross Profit": 0,
        "Operating Income": -22,
        "EBIT": -21,
        "Net Income": -30
    },
    "2016-03-31": {
        "Diluted EPS": -2.56,
        "Total Revenue": 1,
        "Gross Profit": 1,
        "Operating Income": -3,
        "EBIT": -2,
        "Net Income": -5
    },
    "2015-12-31": {
        "Diluted EPS": -10.88,
        "Total Revenue": 1,
        "Gross Profit": 1,
        "Operating Income": -16,
        "EBIT": -16,
        "Net Income": -18
    },
    "2015-09-30": {
        "Diluted EPS": -14.0,
        "Total Revenue": 1,
        "Gross Profit": 1,
        "Operating Income": -17,
        "EBIT": -16,
        "Net Income": -17
    },
    "2015-06-30": {
        "Diluted EPS": -10.4,
        "Total Revenue": 1,
        "Gross Profit": 1,
        "Operating Income": -11,
        "EBIT": -11,
        "Net Income": -12
    },
    "2015-03-31": {
        "Diluted EPS": -12.88,
        "Total Revenue": 0,
        "Gross Profit": 0,
        "Operating Income": -14,
        "EBIT": -14,
        "Net Income": -15
    },
    "2014-12-31": {
        "Diluted EPS": -6.16,
        "Total Revenue": 3,
        "Gross Profit": 3,
        "Operating Income": -4,
        "EBIT": -4,
        "Net Income": -7
    },
    "2014-09-30": {
        "Diluted EPS": 0.0,
        "Total Revenue": NaN,
        "Gross Profit": NaN,
        "Operating Income": NaN,
        "EBIT": NaN,
        "Net Income": NaN
    },
    "2023-06-30": {
        "Tax Effect Of Unusual Items": 0.0,
        "Tax Rate For Calcs": 0.0,
        "Normalized EBITDA": -20651864.0,
        "Total Unusual Items": -11749.0,
        "Total Unusual Items Excluding Goodwill": -11749.0,
        "Net Income From Continuing Operation Net Minority Interest": -20675108.0,
        "Reconciled Depreciation": 11192.0,
        "EBITDA": -20663613.0,
        "EBIT": -20674805.0,
        "Net Interest Income": 395234.0,
        "Interest Expense": 303.0,
        "Interest Income": 395537.0,
        "Normalized Income": -20663359.0,
        "Net Income From Continuing And Discontinued Operation": -20675108.0,
        "Total Expenses": 18141405.0,
        "Total Operating Income As Reported": -18141405.0,
        "Diluted Average Shares": 12844079.0,
        "Basic Average Shares": 12844079.0,
        "Diluted EPS": -1.61,
        "Basic EPS": -1.61,
        "Diluted NI Availto Com Stockholders": -20675108.0,
        "Net Income Common Stockholders": -20675108.0,
        "Otherunder Preferred Stock Dividend": 0.0,
        "Net Income": -20675108.0,
        "Net Income Including Noncontrolling Interests": -20675108.0,
        "Net Income Continuous Operations": -20675108.0,
        "Tax Provision": 0.0,
        "Pretax Income": -20675108.0,
        "Other Income Expense": -2928937.0,
        "Other Non Operating Income Expenses": -2910000.0,
        "Special Income Charges": 0.0,
        "Other Special Charges": NaN,
        "Earnings From Equity Interest": -7188.0,
        "Gain On Sale Of Security": -11749.0,
        "Net Non Operating Interest Income Expense": 395234.0,
        "Total Other Finance Cost": -395234.0,
        "Interest Expense Non Operating": 303.0,
        "Interest Income Non Operating": 395537.0,
        "Operating Income": -18141405.0,
        "Operating Expense": 18141405.0,
        "Research And Development": 11101504.0,
        "Selling General And Administration": 7039901.0,
        "General And Administrative Expense": 7039901.0,
        "Other Gand A": 3983590.0,
        "Salaries And Wages": 3056311.0,
        "Total Revenue": 0.0,
        "Operating Revenue": 0.0
    },
    "2023-09-30": {
        "Tax Effect Of Unusual Items": 0.0,
        "Tax Rate For Calcs": 0.0,
        "Normalized EBITDA": -16755333.0,
        "Total Unusual Items": 13793.0,
        "Total Unusual Items Excluding Goodwill": 13793.0,
        "Net Income From Continuing Operation Net Minority Interest": -12990761.0,
        "Reconciled Depreciation": 11217.0,
        "EBITDA": -16741540.0,
        "EBIT": -16752757.0,
        "Net Interest Income": 305815.0,
        "Interest Expense": NaN,
        "Interest Income": NaN,
        "Normalized Income": -13004554.0,
        "Net Income From Continuing And Discontinued Operation": -12990761.0,
        "Total Expenses": 12459019.0,
        "Total Operating Income As Reported": -12459019.0,
        "Diluted Average Shares": NaN,
        "Basic Average Shares": NaN,
        "Diluted EPS": NaN,
        "Basic EPS": NaN,
        "Diluted NI Availto Com Stockholders": -12990761.0,
        "Net Income Common Stockholders": -12990761.0,
        "Otherunder Preferred Stock Dividend": NaN,
        "Net Income": -12990761.0,
        "Net Income Including Noncontrolling Interests": -12990761.0,
        "Net Income Continuous Operations": -12990761.0,
        "Tax Provision": 0.0,
        "Pretax Income": -12990761.0,
        "Other Income Expense": -837557.0,
        "Other Non Operating Income Expenses": -843000.0,
        "Special Income Charges": 0.0,
        "Other Special Charges": 0.0,
        "Earnings From Equity Interest": -8350.0,
        "Gain On Sale Of Security": 13793.0,
        "Net Non Operating Interest Income Expense": 305815.0,
        "Total Other Finance Cost": NaN,
        "Interest Expense Non Operating": NaN,
        "Interest Income Non Operating": NaN,
        "Operating Income": -12459019.0,
        "Operating Expense": 12459019.0,
        "Research And Development": 4944066.0,
        "Selling General And Administration": 7514953.0,
        "General And Administrative Expense": 7514953.0,
        "Other Gand A": 5713673.0,
        "Salaries And Wages": 1801280.0,
        "Total Revenue": 0.0,
        "Operating Revenue": 0.0
    },
    "2023-12-31": {
        "Tax Effect Of Unusual Items": 0.0,
        "Tax Rate For Calcs": 0.0,
        "Normalized EBITDA": -10241585.0,
        "Total Unusual Items": -53342.0,
        "Total Unusual Items Excluding Goodwill": -53342.0,
        "Net Income From Continuing Operation Net Minority Interest": -11178239.0,
        "Reconciled Depreciation": 28195.0,
        "EBITDA": -10294927.0,
        "EBIT": -10323122.0,
        "Net Interest Income": 188677.0,
        "Interest Expense": NaN,
        "Interest Income": NaN,
        "Normalized Income": -11124897.0,
        "Net Income From Continuing And Discontinued Operation": -11178239.0,
        "Total Expenses": 10323122.0,
        "Total Operating Income As Reported": -10323122.0,
        "Diluted Average Shares": 13012875.0,
        "Basic Average Shares": 13012875.0,
        "Diluted EPS": -0.8,
        "Basic EPS": -0.8,
        "Diluted NI Availto Com Stockholders": -11178239.0,
        "Net Income Common Stockholders": -11178239.0,
        "Otherunder Preferred Stock Dividend": NaN,
        "Net Income": -11178239.0,
        "Net Income Including Noncontrolling Interests": -11178239.0,
        "Net Income Continuous Operations": -11178239.0,
        "Tax Provision": NaN,
        "Pretax Income": -11178239.0,
        "Other Income Expense": -1043794.0,
        "Other Non Operating Income Expenses": -993000.0,
        "Special Income Charges": 0.0,
        "Other Special Charges": NaN,
        "Earnings From Equity Interest": 2548.0,
        "Gain On Sale Of Security": -53342.0,
        "Net Non Operating Interest Income Expense": 188677.0,
        "Total Other Finance Cost": -188677.0,
        "Interest Expense Non Operating": NaN,
        "Interest Income Non Operating": NaN,
        "Operating Income": -10323122.0,
        "Operating Expense": 10323122.0,
        "Research And Development": 4529358.0,
        "Selling General And Administration": 5793764.0,
        "General And Administrative Expense": 5793764.0,
        "Other Gand A": 2775082.0,
        "Salaries And Wages": 3018682.0,
        "Total Revenue": 0.0,
        "Operating Revenue": 0.0
    },
    "2024-03-31": {
        "Tax Effect Of Unusual Items": -17579600.85,
        "Tax Rate For Calcs": 0.21,
        "Normalized EBITDA": 64800605.0,
        "Total Unusual Items": -83712385.0,
        "Total Unusual Items Excluding Goodwill": -83712385.0,
        "Net Income From Continuing Operation Net Minority Interest": -114288943.0,
        "Reconciled Depreciation": 28195.0,
        "EBITDA": -18911780.0,
        "EBIT": -18939975.0,
        "Net Interest Income": -3084035.0,
        "Interest Expense": NaN,
        "Interest Income": NaN,
        "Normalized Income": -48156158.85,
        "Net Income From Continuing And Discontinued Operation": -114288943.0,
        "Total Expenses": 18939975.0,
        "Total Operating Income As Reported": -18939975.0,
        "Diluted Average Shares": 14270289.0,
        "Basic Average Shares": 14270289.0,
        "Diluted EPS": -8.01,
        "Basic EPS": -8.01,
        "Diluted NI Availto Com Stockholders": -114288943.0,
        "Net Income Common Stockholders": -114288943.0,
        "Otherunder Preferred Stock Dividend": NaN,
        "Net Income": -114288943.0,
        "Net Income Including Noncontrolling Interests": -114288943.0,
        "Net Income Continuous Operations": -114288943.0,
        "Tax Provision": 2800.0,
        "Pretax Income": -114286143.0,
        "Other Income Expense": -92262133.0,
        "Other Non Operating Income Expenses": -8519153.0,
        "Special Income Charges": 0.0,
        "Other Special Charges": NaN,
        "Earnings From Equity Interest": -30595.0,
        "Gain On Sale Of Security": -83712385.0,
        "Net Non Operating Interest Income Expense": -3084035.0,
        "Total Other Finance Cost": 3084035.0,
        "Interest Expense Non Operating": NaN,
        "Interest Income Non Operating": NaN,
        "Operating Income": -18939975.0,
        "Operating Expense": 18939975.0,
        "Research And Development": 13508934.0,
        "Selling General And Administration": 5431041.0,
        "General And Administrative Expense": 5431041.0,
        "Other Gand A": 2934102.0,
        "Salaries And Wages": 2496939.0,
        "Total Revenue": 0.0,
        "Operating Revenue": 0.0
    },
    "2024-06-30": {
        "Tax Effect Of Unusual Items": 0.0,
        "Tax Rate For Calcs": 0.0,
        "Normalized EBITDA": -11623919.0,
        "Total Unusual Items": 56061778.0,
        "Total Unusual Items Excluding Goodwill": 56061778.0,
        "Net Income From Continuing Operation Net Minority Interest": 44409187.0,
        "Reconciled Depreciation": 28672.0,
        "EBITDA": 44437859.0,
        "EBIT": 44409187.0,
        "Net Interest Income": 404593.0,
        "Interest Expense": 0.0,
        "Interest Income": 404593.0,
        "Normalized Income": -11652591.0,
        "Net Income From Continuing And Discontinued Operation": 44409187.0,
        "Total Expenses": 19562687.0,
        "Total Operating Income As Reported": -19562687.0,
        "Diluted Average Shares": 25476438.0,
        "Basic Average Shares": 23227069.0,
        "Diluted EPS": -0.89,
        "Basic EPS": 1.91,
        "Diluted NI Availto Com Stockholders": -22547187.0,
        "Net Income Common Stockholders": -22547187.0,
        "Otherunder Preferred Stock Dividend": 66956374.0,
        "Net Income": 44409187.0,
        "Net Income Including Noncontrolling Interests": 44409187.0,
        "Net Income Continuous Operations": 44409187.0,
        "Tax Provision": 0.0,
        "Pretax Income": 44409187.0,
        "Other Income Expense": 63567281.0,
        "Other Non Operating Income Expenses": 7563000.0,
        "Special Income Charges": 0.0,
        "Other Special Charges": NaN,
        "Earnings From Equity Interest": -57497.0,
        "Gain On Sale Of Security": 56061778.0,
        "Net Non Operating Interest Income Expense": 404593.0,
        "Total Other Finance Cost": NaN,
        "Interest Expense Non Operating": 0.0,
        "Interest Income Non Operating": 404593.0,
        "Operating Income": -19562687.0,
        "Operating Expense": 19562687.0,
        "Research And Development": 11201754.0,
        "Selling General And Administration": 8360933.0,
        "General And Administrative Expense": 8360933.0,
        "Other Gand A": 5679640.0,
        "Salaries And Wages": 2681293.0,
        "Total Revenue": 0.0,
        "Operating Revenue": 0.0
    }
}