{
    "2023-03-31": {
        "Tax Effect Of Unusual Items": 0.0,
        "Tax Rate For Calcs": 0.0,
        "Normalized EBITDA": -11434000.0,
        "Total Unusual Items": -2801000.0,
        "Total Unusual Items Excluding Goodwill": -2801000.0,
        "Net Income From Continuing Operation Net Minority Interest": -17123000.0,
        "Reconciled Depreciation": 87000.0,
        "Reconciled Cost Of Revenue": 1204000.0,
        "EBIT": -14322000.0,
        "Net Interest Income": 1374000.0,
        "Normalized Income": -14322000.0,
        "Net Income From Continuing And Discontinued Operation": -17123000.0,
        "Total Expenses": 16161000.0,
        "Total Operating Income As Reported": -17123000.0,
        "Diluted Average Shares": 9495045.0,
        "Basic Average Shares": 9495045.0,
        "Diluted EPS": -1.65,
        "Basic EPS": -1.65,
        "Diluted NI Availto Com Stockholders": -17123000.0,
        "Net Income Common Stockholders": -17123000.0,
        "Net Income": -17123000.0,
        "Net Income Including Noncontrolling Interests": -17123000.0,
        "Net Income Continuous Operations": -17123000.0,
        "Tax Provision": 26000.0,
        "Pretax Income": -17123000.0,
        "Other Income Expense": -2801000.0,
        "Special Income Charges": -2801000.0,
        "Impairment Of Capital Assets": NaN,
        "Restructuring And Mergern Acquisition": 2801000.0,
        "Net Non Operating Interest Income Expense": 1374000.0,
        "Total Other Finance Cost": -1374000.0,
        "Operating Income": -14322000.0,
        "Operating Expense": 14957000.0,
        "Other Operating Expenses": 754000.0,
        "Depreciation Amortization Depletion Income Statement": 87000.0,
        "Depreciation And Amortization In Income Statement": 87000.0,
        "Research And Development": 3550000.0,
        "Selling General And Administration": 10566000.0,
        "Selling And Marketing Expense": 2874000.0,
        "General And Administrative Expense": 7692000.0,
        "Other Gand A": 6372000.0,
        "Salaries And Wages": 1320000.0,
        "Gross Profit": 635000.0,
        "Cost Of Revenue": 1204000.0,
        "Total Revenue": 1839000.0,
        "Operating Revenue": 1839000.0
    },
    "2022-12-31": {
        "Tax Effect Of Unusual Items": 0.0,
        "Tax Rate For Calcs": 0.0,
        "Normalized EBITDA": -19710000.0,
        "Total Unusual Items": 1222000.0,
        "Total Unusual Items Excluding Goodwill": 1222000.0,
        "Net Income From Continuing Operation Net Minority Interest": -15023000.0,
        "Reconciled Depreciation": 66000.0,
        "Reconciled Cost Of Revenue": 1024000.0,
        "EBIT": -18554000.0,
        "Net Interest Income": NaN,
        "Normalized Income": -16245000.0,
        "Net Income From Continuing And Discontinued Operation": -15023000.0,
        "Total Expenses": 20630000.0,
        "Total Operating Income As Reported": -17332000.0,
        "Diluted Average Shares": 9458681.0,
        "Basic Average Shares": 9458681.0,
        "Diluted EPS": -1.588276,
        "Basic EPS": -1.588276,
        "Diluted NI Availto Com Stockholders": -15023000.0,
        "Net Income Common Stockholders": -15023000.0,
        "Net Income": -15023000.0,
        "Net Income Including Noncontrolling Interests": -15023000.0,
        "Net Income Continuous Operations": -15023000.0,
        "Tax Provision": NaN,
        "Pretax Income": -14877000.0,
        "Other Income Expense": 1222000.0,
        "Special Income Charges": 1222000.0,
        "Impairment Of Capital Assets": 0.0,
        "Restructuring And Mergern Acquisition": -1222000.0,
        "Net Non Operating Interest Income Expense": NaN,
        "Total Other Finance Cost": NaN,
        "Operating Income": -18554000.0,
        "Operating Expense": 19606000.0,
        "Other Operating Expenses": 943000.0,
        "Depreciation Amortization Depletion Income Statement": 66000.0,
        "Depreciation And Amortization In Income Statement": 66000.0,
        "Research And Development": 6167000.0,
        "Selling General And Administration": 13373000.0,
        "Selling And Marketing Expense": 5860000.0,
        "General And Administrative Expense": 7513000.0,
        "Other Gand A": 7513000.0,
        "Salaries And Wages": NaN,
        "Gross Profit": 1052000.0,
        "Cost Of Revenue": 1024000.0,
        "Total Revenue": 2076000.0,
        "Operating Revenue": 2076000.0
    },
    "2022-09-30": {
        "Tax Effect Of Unusual Items": 0.0,
        "Tax Rate For Calcs": 0.0,
        "Normalized EBITDA": 4121000.0,
        "Total Unusual Items": -20065000.0,
        "Total Unusual Items Excluding Goodwill": -20065000.0,
        "Net Income From Continuing Operation Net Minority Interest": -36964000.0,
        "Reconciled Depreciation": 955000.0,
        "Reconciled Cost Of Revenue": 1002000.0,
        "EBIT": -16899000.0,
        "Net Interest Income": NaN,
        "Normalized Income": -16899000.0,
        "Net Income From Continuing And Discontinued Operation": -36964000.0,
        "Total Expenses": 18864000.0,
        "Total Operating Income As Reported": -36964000.0,
        "Diluted Average Shares": 9384534.0,
        "Basic Average Shares": 9384534.0,
        "Diluted EPS": -3.938821,
        "Basic EPS": -3.938821,
        "Diluted NI Availto Com Stockholders": -36964000.0,
        "Net Income Common Stockholders": -36964000.0,
        "Net Income": -36964000.0,
        "Net Income Including Noncontrolling Interests": -36964000.0,
        "Net Income Continuous Operations": -36964000.0,
        "Tax Provision": NaN,
        "Pretax Income": -36964000.0,
        "Other Income Expense": -20065000.0,
        "Special Income Charges": -20065000.0,
        "Impairment Of Capital Assets": 26256000.0,
        "Restructuring And Mergern Acquisition": -6191000.0,
        "Net Non Operating Interest Income Expense": NaN,
        "Total Other Finance Cost": NaN,
        "Operating Income": -16899000.0,
        "Operating Expense": 17862000.0,
        "Other Operating Expenses": 1342000.0,
        "Depreciation Amortization Depletion Income Statement": 955000.0,
        "Depreciation And Amortization In Income Statement": 955000.0,
        "Research And Development": 5750000.0,
        "Selling General And Administration": 11157000.0,
        "Selling And Marketing Expense": 5398000.0,
        "General And Administrative Expense": 5759000.0,
        "Other Gand A": 5759000.0,
        "Salaries And Wages": NaN,
        "Gross Profit": 963000.0,
        "Cost Of Revenue": 1002000.0,
        "Total Revenue": 1965000.0,
        "Operating Revenue": 1965000.0
    },
    "2022-06-30": {
        "Tax Effect Of Unusual Items": 0.0,
        "Tax Rate For Calcs": 0.0,
        "Normalized EBITDA": -18447000.0,
        "Total Unusual Items": NaN,
        "Total Unusual Items Excluding Goodwill": NaN,
        "Net Income From Continuing Operation Net Minority Interest": -63816000.0,
        "Reconciled Depreciation": 1273000.0,
        "Reconciled Cost Of Revenue": 961000.0,
        "EBIT": -19720000.0,
        "Net Interest Income": NaN,
        "Normalized Income": -63816000.0,
        "Net Income From Continuing And Discontinued Operation": -63816000.0,
        "Total Expenses": 21640000.0,
        "Total Operating Income As Reported": -63964000.0,
        "Diluted Average Shares": 9246339.0,
        "Basic Average Shares": 9246339.0,
        "Diluted EPS": -7.05,
        "Basic EPS": -7.05,
        "Diluted NI Availto Com Stockholders": -63816000.0,
        "Net Income Common Stockholders": -63816000.0,
        "Net Income": -63816000.0,
        "Net Income Including Noncontrolling Interests": -63816000.0,
        "Net Income Continuous Operations": -63816000.0,
        "Tax Provision": NaN,
        "Pretax Income": -63536000.0,
        "Other Income Expense": NaN,
        "Special Income Charges": NaN,
        "Impairment Of Capital Assets": NaN,
        "Restructuring And Mergern Acquisition": NaN,
        "Net Non Operating Interest Income Expense": NaN,
        "Total Other Finance Cost": NaN,
        "Operating Income": -19720000.0,
        "Operating Expense": 20679000.0,
        "Other Operating Expenses": 1334000.0,
        "Depreciation Amortization Depletion Income Statement": 1273000.0,
        "Depreciation And Amortization In Income Statement": 1273000.0,
        "Research And Development": 5929000.0,
        "Selling General And Administration": 13477000.0,
        "Selling And Marketing Expense": 6093000.0,
        "General And Administrative Expense": 7384000.0,
        "Other Gand A": 7384000.0,
        "Salaries And Wages": NaN,
        "Gross Profit": 959000.0,
        "Cost Of Revenue": 961000.0,
        "Total Revenue": 1920000.0,
        "Operating Revenue": 1920000.0
    },
    "2021-12-31": {
        "Diluted EPS": 0.0,
        "Total Revenue": NaN,
        "Gross Profit": NaN,
        "Operating Income": NaN,
        "EBIT": NaN,
        "Net Income": NaN
    },
    "2021-06-30": {
        "Diluted EPS": -0.17,
        "Total Revenue": NaN,
        "Gross Profit": 0,
        "Operating Income": 0,
        "EBIT": 0,
        "Net Income": -1
    },
    "2021-03-31": {
        "Diluted EPS": -0.49,
        "Total Revenue": NaN,
        "Gross Profit": 0,
        "Operating Income": 0,
        "EBIT": 0,
        "Net Income": -4
    },
    "2020-12-31": {
        "Diluted EPS": 0.0,
        "Total Revenue": NaN,
        "Gross Profit": NaN,
        "Operating Income": NaN,
        "EBIT": NaN,
        "Net Income": NaN
    },
    "2020-09-30": {
        "Diluted EPS": -0.02,
        "Total Revenue": NaN,
        "Gross Profit": 0,
        "Operating Income": 0,
        "EBIT": 0,
        "Net Income": 0
    },
    "2020-06-30": {
        "Diluted EPS": 0.0,
        "Total Revenue": NaN,
        "Gross Profit": NaN,
        "Operating Income": NaN,
        "EBIT": NaN,
        "Net Income": NaN
    },
    "2019-12-31": {
        "Diluted EPS": 0.0,
        "Total Revenue": NaN,
        "Gross Profit": NaN,
        "Operating Income": NaN,
        "EBIT": NaN,
        "Net Income": NaN
    }
}