{
    "2023-03-31": {
        "Tax Effect Of Unusual Items": -95970.0,
        "Tax Rate For Calcs": 0.21,
        "Normalized EBITDA": -5272000.0,
        "Total Unusual Items": -457000.0,
        "Total Unusual Items Excluding Goodwill": -457000.0,
        "Net Income From Continuing Operation Net Minority Interest": -8350000.0,
        "Reconciled Depreciation": 1207000.0,
        "Reconciled Cost Of Revenue": 847000.0,
        "EBITDA": -5729000.0,
        "EBIT": -6936000.0,
        "Net Interest Income": -1394000.0,
        "Interest Expense": 1394000.0,
        "Normalized Income": -7988970.0,
        "Net Income From Continuing And Discontinued Operation": -8350000.0,
        "Total Expenses": 9299000.0,
        "Total Operating Income As Reported": -7227000.0,
        "Diluted Average Shares": 4686000.0,
        "Basic Average Shares": 4686000.0,
        "Diluted EPS": -2.26,
        "Basic EPS": -2.26,
        "Diluted NI Availto Com Stockholders": -10589000.0,
        "Net Income Common Stockholders": -10589000.0,
        "Preferred Stock Dividends": 2239000.0,
        "Net Income": -8350000.0,
        "Net Income Including Noncontrolling Interests": -8350000.0,
        "Net Income Continuous Operations": -8350000.0,
        "Tax Provision": 20000.0,
        "Pretax Income": -8330000.0,
        "Other Income Expense": -166000.0,
        "Other Non Operating Income Expenses": 291000.0,
        "Special Income Charges": -457000.0,
        "Restructuring And Mergern Acquisition": 457000.0,
        "Net Non Operating Interest Income Expense": -1394000.0,
        "Interest Expense Non Operating": 1394000.0,
        "Operating Income": -6770000.0,
        "Operating Expense": 8452000.0,
        "Research And Development": 1644000.0,
        "Selling General And Administration": 6808000.0,
        "Selling And Marketing Expense": 990000.0,
        "General And Administrative Expense": 5818000.0,
        "Other Gand A": 5818000.0,
        "Gross Profit": 1682000.0,
        "Cost Of Revenue": 847000.0,
        "Total Revenue": 2529000.0,
        "Operating Revenue": 2529000.0
    },
    "2022-12-31": {
        "Tax Effect Of Unusual Items": -19873.334789,
        "Tax Rate For Calcs": 0.005678,
        "Normalized EBITDA": -3715000.0,
        "Total Unusual Items": -3500000.0,
        "Total Unusual Items Excluding Goodwill": -3500000.0,
        "Net Income From Continuing Operation Net Minority Interest": -9106000.0,
        "Reconciled Depreciation": 1032000.0,
        "Reconciled Cost Of Revenue": 973000.0,
        "EBITDA": -7215000.0,
        "EBIT": -8247000.0,
        "Net Interest Income": -911000.0,
        "Interest Expense": 911000.0,
        "Normalized Income": -5625873.334789,
        "Net Income From Continuing And Discontinued Operation": -9106000.0,
        "Total Expenses": 10509000.0,
        "Total Operating Income As Reported": -7999000.0,
        "Diluted Average Shares": 4505333.0,
        "Basic Average Shares": 4505333.0,
        "Diluted EPS": -2.52,
        "Basic EPS": -2.52,
        "Diluted NI Availto Com Stockholders": -11344000.0,
        "Net Income Common Stockholders": -11344000.0,
        "Preferred Stock Dividends": 2238000.0,
        "Net Income": -9106000.0,
        "Net Income Including Noncontrolling Interests": -9106000.0,
        "Net Income Continuous Operations": -9106000.0,
        "Tax Provision": -52000.0,
        "Pretax Income": -9158000.0,
        "Other Income Expense": -287000.0,
        "Other Non Operating Income Expenses": NaN,
        "Special Income Charges": -3600000.0,
        "Restructuring And Mergern Acquisition": 0.0,
        "Net Non Operating Interest Income Expense": -911000.0,
        "Interest Expense Non Operating": 911000.0,
        "Operating Income": -7999000.0,
        "Operating Expense": 9536000.0,
        "Research And Development": 1861000.0,
        "Selling General And Administration": 7675000.0,
        "Selling And Marketing Expense": 1113000.0,
        "General And Administrative Expense": 6562000.0,
        "Other Gand A": 6562000.0,
        "Gross Profit": 1537000.0,
        "Cost Of Revenue": 973000.0,
        "Total Revenue": 2510000.0,
        "Operating Revenue": 2510000.0
    },
    "2022-09-30": {
        "Tax Effect Of Unusual Items": -196140.0,
        "Tax Rate For Calcs": 0.21,
        "Normalized EBITDA": -11370000.0,
        "Total Unusual Items": -934000.0,
        "Total Unusual Items Excluding Goodwill": -934000.0,
        "Net Income From Continuing Operation Net Minority Interest": -12764000.0,
        "Reconciled Depreciation": 1434000.0,
        "Reconciled Cost Of Revenue": 1436000.0,
        "EBITDA": -12304000.0,
        "EBIT": -12304000.0,
        "Net Interest Income": -440000.0,
        "Interest Expense": 440000.0,
        "Normalized Income": -12026140.0,
        "Net Income From Continuing And Discontinued Operation": -12764000.0,
        "Total Expenses": 12972000.0,
        "Total Operating Income As Reported": -11063000.0,
        "Diluted Average Shares": 4056500.0,
        "Basic Average Shares": 4056500.0,
        "Diluted EPS": -3.72,
        "Basic EPS": -3.72,
        "Diluted NI Availto Com Stockholders": -15003000.0,
        "Net Income Common Stockholders": -15003000.0,
        "Preferred Stock Dividends": 2239000.0,
        "Net Income": -12764000.0,
        "Net Income Including Noncontrolling Interests": -12764000.0,
        "Net Income Continuous Operations": -12764000.0,
        "Tax Provision": 20000.0,
        "Pretax Income": -12744000.0,
        "Other Income Expense": -2175000.0,
        "Other Non Operating Income Expenses": -1241000.0,
        "Special Income Charges": -934000.0,
        "Restructuring And Mergern Acquisition": 934000.0,
        "Net Non Operating Interest Income Expense": -440000.0,
        "Interest Expense Non Operating": 440000.0,
        "Operating Income": -10129000.0,
        "Operating Expense": 11536000.0,
        "Research And Development": 2833000.0,
        "Selling General And Administration": 8703000.0,
        "Selling And Marketing Expense": 1151000.0,
        "General And Administrative Expense": 7552000.0,
        "Other Gand A": 7552000.0,
        "Gross Profit": 1407000.0,
        "Cost Of Revenue": 1436000.0,
        "Total Revenue": 2843000.0,
        "Operating Revenue": 2843000.0
    },
    "2022-06-30": {
        "Tax Effect Of Unusual Items": 0.0,
        "Tax Rate For Calcs": 0.4,
        "Normalized EBITDA": -12436000.0,
        "Total Unusual Items": NaN,
        "Total Unusual Items Excluding Goodwill": NaN,
        "Net Income From Continuing Operation Net Minority Interest": -15058000.0,
        "Reconciled Depreciation": 1446000.0,
        "Reconciled Cost Of Revenue": 2206000.0,
        "EBITDA": -12436000.0,
        "EBIT": -13882000.0,
        "Net Interest Income": -1156000.0,
        "Interest Expense": 1156000.0,
        "Normalized Income": -15058000.0,
        "Net Income From Continuing And Discontinued Operation": -15058000.0,
        "Total Expenses": 15813000.0,
        "Total Operating Income As Reported": -11910000.0,
        "Diluted Average Shares": 3481000.0,
        "Basic Average Shares": 3481000.0,
        "Diluted EPS": -4.969998,
        "Basic EPS": -4.969998,
        "Diluted NI Availto Com Stockholders": -17296000.0,
        "Net Income Common Stockholders": -17296000.0,
        "Preferred Stock Dividends": 2238000.0,
        "Net Income": -15058000.0,
        "Net Income Including Noncontrolling Interests": -15058000.0,
        "Net Income Continuous Operations": -15058000.0,
        "Tax Provision": 20000.0,
        "Pretax Income": -15038000.0,
        "Other Income Expense": -1972000.0,
        "Other Non Operating Income Expenses": -1972000.0,
        "Special Income Charges": NaN,
        "Restructuring And Mergern Acquisition": NaN,
        "Net Non Operating Interest Income Expense": -1156000.0,
        "Interest Expense Non Operating": 1156000.0,
        "Operating Income": -11910000.0,
        "Operating Expense": 13607000.0,
        "Research And Development": 2852000.0,
        "Selling General And Administration": 10755000.0,
        "Selling And Marketing Expense": 1306000.0,
        "General And Administrative Expense": 9449000.0,
        "Other Gand A": 9449000.0,
        "Gross Profit": 1697000.0,
        "Cost Of Revenue": 2206000.0,
        "Total Revenue": 3903000.0,
        "Operating Revenue": 3903000.0
    },
    "2022-03-31": {
        "Diluted EPS": -0.81,
        "Total Revenue": 5,
        "Gross Profit": 2,
        "Operating Income": -13,
        "EBIT": -12,
        "Net Income": -17
    },
    "2021-12-31": {
        "Diluted EPS": -1.16,
        "Total Revenue": 10,
        "Gross Profit": 6,
        "Operating Income": -18,
        "EBIT": -17,
        "Net Income": -22
    },
    "2021-09-30": {
        "Diluted EPS": -0.54,
        "Total Revenue": 19,
        "Gross Profit": 13,
        "Operating Income": -5,
        "EBIT": -4,
        "Net Income": -10
    },
    "2021-06-30": {
        "Diluted EPS": -0.33,
        "Total Revenue": 26,
        "Gross Profit": 18,
        "Operating Income": -2,
        "EBIT": -1,
        "Net Income": -6
    },
    "2021-03-31": {
        "Diluted EPS": -0.44,
        "Total Revenue": 29,
        "Gross Profit": 16,
        "Operating Income": -3,
        "EBIT": -2,
        "Net Income": -8
    },
    "2020-12-31": {
        "Diluted EPS": -0.26,
        "Total Revenue": 29,
        "Gross Profit": 16,
        "Operating Income": -2,
        "EBIT": -1,
        "Net Income": -5
    },
    "2020-09-30": {
        "Diluted EPS": -0.36,
        "Total Revenue": 24,
        "Gross Profit": 11,
        "Operating Income": -3,
        "EBIT": -2,
        "Net Income": -6
    },
    "2020-06-30": {
        "Diluted EPS": -0.37,
        "Total Revenue": 17,
        "Gross Profit": 7,
        "Operating Income": -4,
        "EBIT": -4,
        "Net Income": -6
    },
    "2020-03-31": {
        "Diluted EPS": -0.45,
        "Total Revenue": 12,
        "Gross Profit": 5,
        "Operating Income": -6,
        "EBIT": -6,
        "Net Income": -8
    },
    "2019-12-31": {
        "Diluted EPS": -0.52,
        "Total Revenue": 12,
        "Gross Profit": 5,
        "Operating Income": -7,
        "EBIT": -7,
        "Net Income": -9
    },
    "2019-09-30": {
        "Diluted EPS": -0.52,
        "Total Revenue": 9,
        "Gross Profit": 3,
        "Operating Income": -6,
        "EBIT": -5,
        "Net Income": -9
    },
    "2019-06-30": {
        "Diluted EPS": -0.34,
        "Total Revenue": 8,
        "Gross Profit": 3,
        "Operating Income": -5,
        "EBIT": -5,
        "Net Income": -5
    },
    "2019-03-31": {
        "Diluted EPS": -0.18,
        "Total Revenue": 7,
        "Gross Profit": 4,
        "Operating Income": -3,
        "EBIT": -2,
        "Net Income": -3
    },
    "2018-12-31": {
        "Diluted EPS": -0.09,
        "Total Revenue": 6,
        "Gross Profit": 3,
        "Operating Income": -1,
        "EBIT": -1,
        "Net Income": -1
    },
    "2018-09-30": {
        "Diluted EPS": -0.27,
        "Total Revenue": 4,
        "Gross Profit": 1,
        "Operating Income": -4,
        "EBIT": -4,
        "Net Income": -4
    },
    "2018-06-30": {
        "Diluted EPS": -0.26,
        "Total Revenue": 3,
        "Gross Profit": 0,
        "Operating Income": -4,
        "EBIT": -4,
        "Net Income": -4
    },
    "2018-03-31": {
        "Diluted EPS": -0.27,
        "Total Revenue": 2,
        "Gross Profit": 0,
        "Operating Income": -4,
        "EBIT": -4,
        "Net Income": -4
    },
    "2017-12-31": {
        "Diluted EPS": 0.45,
        "Total Revenue": 3,
        "Gross Profit": 1,
        "Operating Income": -3,
        "EBIT": -3,
        "Net Income": -3
    },
    "2017-09-30": {
        "Diluted EPS": -0.06,
        "Total Revenue": 1,
        "Gross Profit": 0,
        "Operating Income": -3,
        "EBIT": -3,
        "Net Income": -3
    },
    "2017-06-30": {
        "Diluted EPS": 0.97,
        "Total Revenue": 2,
        "Gross Profit": 0,
        "Operating Income": -3,
        "EBIT": 1,
        "Net Income": 14
    },
    "2017-03-31": {
        "Diluted EPS": -2.35,
        "Total Revenue": 2,
        "Gross Profit": 0,
        "Operating Income": -2,
        "EBIT": -2,
        "Net Income": -22
    },
    "2016-12-31": {
        "Diluted EPS": -0.16,
        "Total Revenue": 4,
        "Gross Profit": 2,
        "Operating Income": 0,
        "EBIT": 1,
        "Net Income": -2
    },
    "2016-09-30": {
        "Diluted EPS": -0.81,
        "Total Revenue": 1,
        "Gross Profit": 0,
        "Operating Income": -2,
        "EBIT": 1,
        "Net Income": -7
    },
    "2016-06-30": {
        "Diluted EPS": -0.51,
        "Total Revenue": 1,
        "Gross Profit": 0,
        "Operating Income": -2,
        "EBIT": -1,
        "Net Income": -5
    },
    "2016-03-31": {
        "Diluted EPS": -0.47,
        "Total Revenue": 1,
        "Gross Profit": 0,
        "Operating Income": -2,
        "EBIT": -2,
        "Net Income": -4
    },
    "2015-12-31": {
        "Diluted EPS": 0.06,
        "Total Revenue": 1,
        "Gross Profit": 0,
        "Operating Income": -1,
        "EBIT": -1,
        "Net Income": 1
    },
    "2015-09-30": {
        "Diluted EPS": -0.96,
        "Total Revenue": 1,
        "Gross Profit": 0,
        "Operating Income": -2,
        "EBIT": -1,
        "Net Income": -7
    },
    "2015-06-30": {
        "Diluted EPS": -0.12,
        "Total Revenue": 0,
        "Gross Profit": 0,
        "Operating Income": -3,
        "EBIT": -1,
        "Net Income": -1
    },
    "2015-03-31": {
        "Diluted EPS": -0.06,
        "Total Revenue": 0,
        "Gross Profit": 0,
        "Operating Income": -3,
        "EBIT": -3,
        "Net Income": 0
    },
    "2014-12-31": {
        "Diluted EPS": -0.06,
        "Total Revenue": 1,
        "Gross Profit": 1,
        "Operating Income": -1,
        "EBIT": -4,
        "Net Income": -2
    },
    "2014-09-30": {
        "Diluted EPS": -0.06,
        "Total Revenue": 0,
        "Gross Profit": 0,
        "Operating Income": -2,
        "EBIT": -2,
        "Net Income": 0
    },
    "2014-06-30": {
        "Diluted EPS": -7.62,
        "Total Revenue": 0,
        "Gross Profit": 0,
        "Operating Income": -2,
        "EBIT": 1,
        "Net Income": -27
    },
    "2014-03-31": {
        "Diluted EPS": 0.42,
        "Total Revenue": 0,
        "Gross Profit": 0,
        "Operating Income": -1,
        "EBIT": -1,
        "Net Income": 2
    },
    "2013-12-31": {
        "Diluted EPS": -0.33,
        "Total Revenue": 0,
        "Gross Profit": 0,
        "Operating Income": -1,
        "EBIT": -1,
        "Net Income": -1
    },
    "2013-09-30": {
        "Diluted EPS": 0.24,
        "Total Revenue": 0,
        "Gross Profit": 0,
        "Operating Income": -1,
        "EBIT": -1,
        "Net Income": 1
    },
    "2013-06-30": {
        "Diluted EPS": -2.79,
        "Total Revenue": 0,
        "Gross Profit": 0,
        "Operating Income": -1,
        "EBIT": -2,
        "Net Income": -6
    },
    "2013-03-31": {
        "Diluted EPS": 0.96,
        "Total Revenue": 0,
        "Gross Profit": 0,
        "Operating Income": -2,
        "EBIT": -2,
        "Net Income": 3
    },
    "2012-12-31": {
        "Diluted EPS": -3.24,
        "Total Revenue": 0,
        "Gross Profit": 0,
        "Operating Income": -2,
        "EBIT": 0,
        "Net Income": -6
    },
    "2012-09-30": {
        "Diluted EPS": -0.24,
        "Total Revenue": 0,
        "Gross Profit": 0,
        "Operating Income": -2,
        "EBIT": -2,
        "Net Income": 0
    },
    "2012-06-30": {
        "Diluted EPS": -2.64,
        "Total Revenue": 0,
        "Gross Profit": 0,
        "Operating Income": -2,
        "EBIT": 0,
        "Net Income": -2
    },
    "2012-03-31": {
        "Diluted EPS": -5.94,
        "Total Revenue": 0,
        "Gross Profit": 0,
        "Operating Income": -3,
        "EBIT": -2,
        "Net Income": -3
    },
    "2011-12-31": {
        "Diluted EPS": -15.6,
        "Total Revenue": 0,
        "Gross Profit": 0,
        "Operating Income": -3,
        "EBIT": -1,
        "Net Income": -7
    },
    "2011-09-30": {
        "Diluted EPS": -6.6,
        "Total Revenue": 0,
        "Gross Profit": 0,
        "Operating Income": -3,
        "EBIT": -2,
        "Net Income": -2
    },
    "2011-06-30": {
        "Diluted EPS": 7.8,
        "Total Revenue": 0,
        "Gross Profit": 0,
        "Operating Income": -3,
        "EBIT": -3,
        "Net Income": 3
    },
    "2011-03-31": {
        "Diluted EPS": -12.0,
        "Total Revenue": 0,
        "Gross Profit": 0,
        "Operating Income": -3,
        "EBIT": -3,
        "Net Income": -2
    },
    "2010-12-31": {
        "Diluted EPS": -302.34,
        "Total Revenue": 0,
        "Gross Profit": 0,
        "Operating Income": -4,
        "EBIT": -3,
        "Net Income": -12
    },
    "2010-09-30": {
        "Diluted EPS": -58.19,
        "Total Revenue": 0,
        "Gross Profit": 0,
        "Operating Income": -3,
        "EBIT": -3,
        "Net Income": -2
    },
    "2010-06-30": {
        "Diluted EPS": -71.99,
        "Total Revenue": 0,
        "Gross Profit": 0,
        "Operating Income": -3,
        "EBIT": -3,
        "Net Income": -2
    },
    "2010-03-31": {
        "Diluted EPS": -119.98,
        "Total Revenue": 0,
        "Gross Profit": 0,
        "Operating Income": -4,
        "EBIT": -3,
        "Net Income": -3
    },
    "2009-12-31": {
        "Diluted EPS": 71.99,
        "Total Revenue": 0,
        "Gross Profit": 0,
        "Operating Income": -4,
        "EBIT": -4,
        "Net Income": 2
    },
    "2009-09-30": {
        "Diluted EPS": -383.92,
        "Total Revenue": 0,
        "Gross Profit": 0,
        "Operating Income": -4,
        "EBIT": -4,
        "Net Income": -9
    },
    "2009-06-30": {
        "Diluted EPS": -215.96,
        "Total Revenue": 0,
        "Gross Profit": 0,
        "Operating Income": -5,
        "EBIT": -4,
        "Net Income": -5
    },
    "2009-03-31": {
        "Diluted EPS": 143.97,
        "Total Revenue": 1,
        "Gross Profit": 0,
        "Operating Income": -6,
        "EBIT": -5,
        "Net Income": 3
    },
    "2023-06-30": {
        "Tax Effect Of Unusual Items": 0.0,
        "Tax Rate For Calcs": 0.014586,
        "Normalized EBITDA": -2868000.0,
        "Total Unusual Items": 0.0,
        "Total Unusual Items Excluding Goodwill": 0.0,
        "Net Income From Continuing Operation Net Minority Interest": -6756000.0,
        "Reconciled Depreciation": 1765000.0,
        "Reconciled Cost Of Revenue": 804000.0,
        "EBITDA": -2868000.0,
        "EBIT": -4633000.0,
        "Net Interest Income": -2223000.0,
        "Interest Expense": 2223000.0,
        "Normalized Income": -6756000.0,
        "Net Income From Continuing And Discontinued Operation": -6756000.0,
        "Total Expenses": 7588000.0,
        "Total Operating Income As Reported": -4628000.0,
        "Diluted Average Shares": 4887000.0,
        "Basic Average Shares": 4887000.0,
        "Diluted EPS": -1.840002,
        "Basic EPS": -1.840002,
        "Diluted NI Availto Com Stockholders": -8994000.0,
        "Net Income Common Stockholders": -8994000.0,
        "Preferred Stock Dividends": 2238000.0,
        "Net Income": -6756000.0,
        "Net Income Including Noncontrolling Interests": -6756000.0,
        "Net Income Continuous Operations": -6756000.0,
        "Tax Provision": -100000.0,
        "Pretax Income": -6856000.0,
        "Other Income Expense": -5000.0,
        "Other Non Operating Income Expenses": -5000.0,
        "Special Income Charges": 0.0,
        "Restructuring And Mergern Acquisition": 0.0,
        "Net Non Operating Interest Income Expense": -2223000.0,
        "Interest Expense Non Operating": 2223000.0,
        "Operating Income": -4628000.0,
        "Operating Expense": 6784000.0,
        "Research And Development": 1537000.0,
        "Selling General And Administration": 5247000.0,
        "Selling And Marketing Expense": 837000.0,
        "General And Administrative Expense": 4410000.0,
        "Other Gand A": 4410000.0,
        "Gross Profit": 2156000.0,
        "Cost Of Revenue": 804000.0,
        "Total Revenue": 2960000.0,
        "Operating Revenue": 2960000.0
    },
    "2023-09-30": {
        "Tax Effect Of Unusual Items": 0.0,
        "Tax Rate For Calcs": 0.0,
        "Normalized EBITDA": -2198000.0,
        "Total Unusual Items": 0.0,
        "Total Unusual Items Excluding Goodwill": 0.0,
        "Net Income From Continuing Operation Net Minority Interest": -6418000.0,
        "Reconciled Depreciation": 1828000.0,
        "Reconciled Cost Of Revenue": 1040000.0,
        "EBITDA": -2198000.0,
        "EBIT": -4026000.0,
        "Net Interest Income": -2392000.0,
        "Interest Expense": 2392000.0,
        "Normalized Income": -6418000.0,
        "Net Income From Continuing And Discontinued Operation": -6418000.0,
        "Total Expenses": 7779000.0,
        "Total Operating Income As Reported": -4064000.0,
        "Diluted Average Shares": 4905000.0,
        "Basic Average Shares": 4905000.0,
        "Diluted EPS": -1.76,
        "Basic EPS": -1.76,
        "Diluted NI Availto Com Stockholders": -8657000.0,
        "Net Income Common Stockholders": -8657000.0,
        "Preferred Stock Dividends": 2239000.0,
        "Net Income": -6418000.0,
        "Net Income Including Noncontrolling Interests": -6418000.0,
        "Net Income Continuous Operations": -6418000.0,
        "Tax Provision": 0.0,
        "Pretax Income": -6418000.0,
        "Other Income Expense": 38000.0,
        "Other Non Operating Income Expenses": 38000.0,
        "Special Income Charges": 0.0,
        "Restructuring And Mergern Acquisition": 0.0,
        "Net Non Operating Interest Income Expense": -2392000.0,
        "Interest Expense Non Operating": 2392000.0,
        "Operating Income": -4064000.0,
        "Operating Expense": 6739000.0,
        "Research And Development": 1552000.0,
        "Selling General And Administration": 5187000.0,
        "Selling And Marketing Expense": 822000.0,
        "General And Administrative Expense": 4365000.0,
        "Other Gand A": 4365000.0,
        "Gross Profit": 2675000.0,
        "Cost Of Revenue": 1040000.0,
        "Total Revenue": 3715000.0,
        "Operating Revenue": 3715000.0
    },
    "2023-12-31": {
        "Tax Effect Of Unusual Items": 0.0,
        "Tax Rate For Calcs": 0.0,
        "Normalized EBITDA": -3921000.0,
        "Total Unusual Items": 300000.0,
        "Total Unusual Items Excluding Goodwill": 300000.0,
        "Net Income From Continuing Operation Net Minority Interest": -6396000.0,
        "Reconciled Depreciation": 1582000.0,
        "Reconciled Cost Of Revenue": 1252000.0,
        "EBITDA": -3621000.0,
        "EBIT": -5203000.0,
        "Net Interest Income": -1193000.0,
        "Interest Expense": 1193000.0,
        "Normalized Income": -6696000.0,
        "Net Income From Continuing And Discontinued Operation": -6396000.0,
        "Total Expenses": 8752000.0,
        "Total Operating Income As Reported": -5213000.0,
        "Diluted Average Shares": NaN,
        "Basic Average Shares": NaN,
        "Diluted EPS": NaN,
        "Basic EPS": NaN,
        "Diluted NI Availto Com Stockholders": -8634000.0,
        "Net Income Common Stockholders": -8634000.0,
        "Preferred Stock Dividends": 2238000.0,
        "Net Income": -6396000.0,
        "Net Income Including Noncontrolling Interests": -6396000.0,
        "Net Income Continuous Operations": -6396000.0,
        "Tax Provision": 0.0,
        "Pretax Income": -6396000.0,
        "Other Income Expense": 10000.0,
        "Other Non Operating Income Expenses": -290000.0,
        "Special Income Charges": 300000.0,
        "Restructuring And Mergern Acquisition": 0.0,
        "Net Non Operating Interest Income Expense": -1193000.0,
        "Interest Expense Non Operating": 1193000.0,
        "Operating Income": -5213000.0,
        "Operating Expense": 7500000.0,
        "Research And Development": 1893000.0,
        "Selling General And Administration": 5607000.0,
        "Selling And Marketing Expense": 931000.0,
        "General And Administrative Expense": 4676000.0,
        "Other Gand A": 4676000.0,
        "Gross Profit": 2287000.0,
        "Cost Of Revenue": 1252000.0,
        "Total Revenue": 3539000.0,
        "Operating Revenue": 3539000.0
    },
    "2024-03-31": {
        "Tax Effect Of Unusual Items": 0.0,
        "Tax Rate For Calcs": 0.0,
        "Normalized EBITDA": -3687000.0,
        "Total Unusual Items": -290000.0,
        "Total Unusual Items Excluding Goodwill": -290000.0,
        "Net Income From Continuing Operation Net Minority Interest": -4458000.0,
        "Reconciled Depreciation": 298000.0,
        "Reconciled Cost Of Revenue": 975000.0,
        "EBITDA": -3977000.0,
        "EBIT": -4275000.0,
        "Net Interest Income": -183000.0,
        "Interest Expense": 183000.0,
        "Normalized Income": -4168000.0,
        "Net Income From Continuing And Discontinued Operation": -4458000.0,
        "Total Expenses": 6663000.0,
        "Total Operating Income As Reported": -4273000.0,
        "Diluted Average Shares": 60882000.0,
        "Basic Average Shares": 60882000.0,
        "Diluted EPS": -0.11,
        "Basic EPS": -0.11,
        "Diluted NI Availto Com Stockholders": -6697000.0,
        "Net Income Common Stockholders": -6697000.0,
        "Preferred Stock Dividends": 2239000.0,
        "Net Income": -4458000.0,
        "Net Income Including Noncontrolling Interests": -4458000.0,
        "Net Income Continuous Operations": -4458000.0,
        "Tax Provision": 0.0,
        "Pretax Income": -4458000.0,
        "Other Income Expense": -292000.0,
        "Other Non Operating Income Expenses": -2000.0,
        "Special Income Charges": -290000.0,
        "Restructuring And Mergern Acquisition": 290000.0,
        "Net Non Operating Interest Income Expense": -183000.0,
        "Interest Expense Non Operating": 183000.0,
        "Operating Income": -3983000.0,
        "Operating Expense": 5688000.0,
        "Research And Development": 1078000.0,
        "Selling General And Administration": 4610000.0,
        "Selling And Marketing Expense": 532000.0,
        "General And Administrative Expense": 4078000.0,
        "Other Gand A": 4078000.0,
        "Gross Profit": 1705000.0,
        "Cost Of Revenue": 975000.0,
        "Total Revenue": 2680000.0,
        "Operating Revenue": 2680000.0
    }
}