{
    "2023-03-31": {
        "Tax Effect Of Unusual Items": -20875890.0,
        "Tax Rate For Calcs": 0.21,
        "Normalized EBITDA": -68649000.0,
        "Total Unusual Items": -99409000.0,
        "Total Unusual Items Excluding Goodwill": -99409000.0,
        "Net Income From Continuing Operation Net Minority Interest": -177280000.0,
        "Reconciled Depreciation": 7271000.0,
        "Reconciled Cost Of Revenue": 17606000.0,
        "EBITDA": -168058000.0,
        "EBIT": -175329000.0,
        "Net Interest Income": 50000.0,
        "Interest Expense": 1669000.0,
        "Interest Income": 1719000.0,
        "Normalized Income": -98746890.0,
        "Net Income From Continuing And Discontinued Operation": -177280000.0,
        "Total Expenses": 94923000.0,
        "Total Operating Income As Reported": -177102000.0,
        "Diluted Average Shares": 29411612.0,
        "Basic Average Shares": 29411612.0,
        "Diluted EPS": -6.03,
        "Basic EPS": -6.03,
        "Diluted NI Availto Com Stockholders": -177280000.0,
        "Net Income Common Stockholders": -177280000.0,
        "Net Income": -177280000.0,
        "Net Income Including Noncontrolling Interests": -177280000.0,
        "Net Income Continuous Operations": -177280000.0,
        "Tax Provision": 282000.0,
        "Pretax Income": -176998000.0,
        "Other Income Expense": -99355000.0,
        "Other Non Operating Income Expenses": 54000.0,
        "Special Income Charges": -99409000.0,
        "Impairment Of Capital Assets": 99409000.0,
        "Net Non Operating Interest Income Expense": 50000.0,
        "Interest Expense Non Operating": 1669000.0,
        "Interest Income Non Operating": 1719000.0,
        "Operating Income": -77693000.0,
        "Operating Expense": 77317000.0,
        "Research And Development": 32459000.0,
        "Selling General And Administration": 44858000.0,
        "Selling And Marketing Expense": 13533000.0,
        "General And Administrative Expense": 31325000.0,
        "Other Gand A": 31325000.0,
        "Gross Profit": -376000.0,
        "Cost Of Revenue": 17606000.0,
        "Total Revenue": 17230000.0,
        "Operating Revenue": 17230000.0
    },
    "2022-12-31": {
        "Tax Effect Of Unusual Items": 0.0,
        "Tax Rate For Calcs": 0.21,
        "Normalized EBITDA": -38055000.0,
        "Total Unusual Items": NaN,
        "Total Unusual Items Excluding Goodwill": NaN,
        "Net Income From Continuing Operation Net Minority Interest": -42176000.0,
        "Reconciled Depreciation": 2386000.0,
        "Reconciled Cost Of Revenue": 9097000.0,
        "EBITDA": -38055000.0,
        "EBIT": -40441000.0,
        "Net Interest Income": -574000.0,
        "Interest Expense": 1551000.0,
        "Interest Income": 977000.0,
        "Normalized Income": -42176000.0,
        "Net Income From Continuing And Discontinued Operation": -42176000.0,
        "Total Expenses": 52939000.0,
        "Total Operating Income As Reported": -42001000.0,
        "Diluted Average Shares": 18423795.0,
        "Basic Average Shares": 18423795.0,
        "Diluted EPS": -2.3,
        "Basic EPS": -2.3,
        "Diluted NI Availto Com Stockholders": -42176000.0,
        "Net Income Common Stockholders": -42176000.0,
        "Net Income": -42176000.0,
        "Net Income Including Noncontrolling Interests": -42176000.0,
        "Net Income Continuous Operations": -42176000.0,
        "Tax Provision": 184000.0,
        "Pretax Income": -41992000.0,
        "Other Income Expense": 583000.0,
        "Other Non Operating Income Expenses": 583000.0,
        "Special Income Charges": NaN,
        "Impairment Of Capital Assets": NaN,
        "Net Non Operating Interest Income Expense": -574000.0,
        "Interest Expense Non Operating": 1551000.0,
        "Interest Income Non Operating": 977000.0,
        "Operating Income": -42001000.0,
        "Operating Expense": 43842000.0,
        "Research And Development": 15306000.0,
        "Selling General And Administration": 28536000.0,
        "Selling And Marketing Expense": 7639000.0,
        "General And Administrative Expense": 20897000.0,
        "Other Gand A": 20897000.0,
        "Gross Profit": 1841000.0,
        "Cost Of Revenue": 9097000.0,
        "Total Revenue": 10938000.0,
        "Operating Revenue": 10938000.0
    },
    "2022-09-30": {
        "Tax Effect Of Unusual Items": 0.0,
        "Tax Rate For Calcs": 0.21,
        "Normalized EBITDA": -35251000.0,
        "Total Unusual Items": NaN,
        "Total Unusual Items Excluding Goodwill": NaN,
        "Net Income From Continuing Operation Net Minority Interest": -35987000.0,
        "Reconciled Depreciation": 2331000.0,
        "Reconciled Cost Of Revenue": 7488000.0,
        "EBITDA": -35251000.0,
        "EBIT": -35251000.0,
        "Net Interest Income": 34000.0,
        "Interest Expense": 699000.0,
        "Interest Income": 733000.0,
        "Normalized Income": -35987000.0,
        "Net Income From Continuing And Discontinued Operation": -35987000.0,
        "Total Expenses": 47249000.0,
        "Total Operating Income As Reported": -36045000.0,
        "Diluted Average Shares": 18136135.0,
        "Basic Average Shares": 18136135.0,
        "Diluted EPS": -2.0,
        "Basic EPS": -2.0,
        "Diluted NI Availto Com Stockholders": -35987000.0,
        "Net Income Common Stockholders": -35987000.0,
        "Net Income": -35987000.0,
        "Net Income Including Noncontrolling Interests": -35987000.0,
        "Net Income Continuous Operations": -35987000.0,
        "Tax Provision": 37000.0,
        "Pretax Income": -35950000.0,
        "Other Income Expense": 61000.0,
        "Other Non Operating Income Expenses": 61000.0,
        "Special Income Charges": NaN,
        "Impairment Of Capital Assets": NaN,
        "Net Non Operating Interest Income Expense": 34000.0,
        "Interest Expense Non Operating": 699000.0,
        "Interest Income Non Operating": 733000.0,
        "Operating Income": -36045000.0,
        "Operating Expense": 39761000.0,
        "Research And Development": 17212000.0,
        "Selling General And Administration": 22549000.0,
        "Selling And Marketing Expense": 8541000.0,
        "General And Administrative Expense": 14008000.0,
        "Other Gand A": 14008000.0,
        "Gross Profit": 3716000.0,
        "Cost Of Revenue": 7488000.0,
        "Total Revenue": 11204000.0,
        "Operating Revenue": 11204000.0
    },
    "2022-06-30": {
        "Tax Effect Of Unusual Items": 0.0,
        "Tax Rate For Calcs": 0.4,
        "Normalized EBITDA": -25165000.0,
        "Total Unusual Items": NaN,
        "Total Unusual Items Excluding Goodwill": NaN,
        "Net Income From Continuing Operation Net Minority Interest": -28000000.0,
        "Reconciled Depreciation": 2354000.0,
        "Reconciled Cost Of Revenue": 7547000.0,
        "EBITDA": -25165000.0,
        "EBIT": -27519000.0,
        "Net Interest Income": -100000.0,
        "Interest Expense": 444000.0,
        "Interest Income": 344000.0,
        "Normalized Income": -28000000.0,
        "Net Income From Continuing And Discontinued Operation": -28000000.0,
        "Total Expenses": 43518000.0,
        "Total Operating Income As Reported": -33189000.0,
        "Diluted Average Shares": 17505736.0,
        "Basic Average Shares": 17505736.0,
        "Diluted EPS": -1.6,
        "Basic EPS": -1.6,
        "Diluted NI Availto Com Stockholders": -28000000.0,
        "Net Income Common Stockholders": -28000000.0,
        "Net Income": -28000000.0,
        "Net Income Including Noncontrolling Interests": -28000000.0,
        "Net Income Continuous Operations": -28000000.0,
        "Tax Provision": 37000.0,
        "Pretax Income": -27963000.0,
        "Other Income Expense": 5326000.0,
        "Other Non Operating Income Expenses": 5326000.0,
        "Special Income Charges": NaN,
        "Impairment Of Capital Assets": NaN,
        "Net Non Operating Interest Income Expense": -100000.0,
        "Interest Expense Non Operating": 444000.0,
        "Interest Income Non Operating": 344000.0,
        "Operating Income": -33189000.0,
        "Operating Expense": 35971000.0,
        "Research And Development": 15893000.0,
        "Selling General And Administration": 20078000.0,
        "Selling And Marketing Expense": 7563000.0,
        "General And Administrative Expense": 12515000.0,
        "Other Gand A": 12515000.0,
        "Gross Profit": 2782000.0,
        "Cost Of Revenue": 7547000.0,
        "Total Revenue": 10329000.0,
        "Operating Revenue": 10329000.0
    },
    "2022-03-31": {
        "Diluted EPS": -1.9,
        "Total Revenue": 9,
        "Gross Profit": 3,
        "Operating Income": -34,
        "EBIT": -31,
        "Net Income": -32
    },
    "2021-12-31": {
        "Diluted EPS": -0.3,
        "Total Revenue": 12,
        "Gross Profit": 4,
        "Operating Income": -35,
        "EBIT": -34,
        "Net Income": -28
    },
    "2021-09-30": {
        "Diluted EPS": -0.8,
        "Total Revenue": 8,
        "Gross Profit": 2,
        "Operating Income": -27,
        "EBIT": -26,
        "Net Income": -13
    },
    "2021-06-30": {
        "Diluted EPS": -2.1,
        "Total Revenue": 7,
        "Gross Profit": 2,
        "Operating Income": -21,
        "EBIT": -20,
        "Net Income": -32
    },
    "2021-03-31": {
        "Diluted EPS": -3.8,
        "Total Revenue": 7,
        "Gross Profit": 2,
        "Operating Income": -16,
        "EBIT": -14,
        "Net Income": -21
    },
    "2020-12-31": {
        "Diluted EPS": -20.1,
        "Total Revenue": 6,
        "Gross Profit": 2,
        "Operating Income": -14,
        "EBIT": -13,
        "Net Income": -57
    },
    "2020-09-30": {
        "Diluted EPS": -9.7,
        "Total Revenue": 6,
        "Gross Profit": 1,
        "Operating Income": -15,
        "EBIT": -14,
        "Net Income": -20
    },
    "2020-06-30": {
        "Diluted EPS": -5.9,
        "Total Revenue": 4,
        "Gross Profit": 0,
        "Operating Income": -11,
        "EBIT": -10,
        "Net Income": -11
    },
    "2020-03-31": {
        "Diluted EPS": -24.1,
        "Total Revenue": 2,
        "Gross Profit": -2,
        "Operating Income": -12,
        "EBIT": -11,
        "Net Income": -19
    },
    "2019-12-31": {
        "Diluted EPS": 0.0,
        "Total Revenue": NaN,
        "Gross Profit": NaN,
        "Operating Income": NaN,
        "EBIT": NaN,
        "Net Income": NaN
    },
    "2023-06-30": {
        "Tax Effect Of Unusual Items": -14125860.0,
        "Tax Rate For Calcs": 0.21,
        "Normalized EBITDA": -48343000.0,
        "Total Unusual Items": -67266000.0,
        "Total Unusual Items Excluding Goodwill": -67266000.0,
        "Net Income From Continuing Operation Net Minority Interest": -122733000.0,
        "Reconciled Depreciation": 5346000.0,
        "Reconciled Cost Of Revenue": 19210000.0,
        "EBITDA": -115609000.0,
        "EBIT": -120955000.0,
        "Net Interest Income": 517000.0,
        "Interest Expense": 1728000.0,
        "Interest Income": 2245000.0,
        "Normalized Income": -69592860.0,
        "Net Income From Continuing And Discontinued Operation": -122733000.0,
        "Total Expenses": 75165000.0,
        "Total Operating Income As Reported": -123035000.0,
        "Diluted Average Shares": 38448241.0,
        "Basic Average Shares": 38448241.0,
        "Diluted EPS": -3.19,
        "Basic EPS": -3.19,
        "Diluted NI Availto Com Stockholders": -122733000.0,
        "Net Income Common Stockholders": -122733000.0,
        "Net Income": -122733000.0,
        "Net Income Including Noncontrolling Interests": -122733000.0,
        "Net Income Continuous Operations": -122733000.0,
        "Tax Provision": 50000.0,
        "Pretax Income": -122683000.0,
        "Other Income Expense": -67431000.0,
        "Other Non Operating Income Expenses": -165000.0,
        "Special Income Charges": -67266000.0,
        "Impairment Of Capital Assets": 67266000.0,
        "Net Non Operating Interest Income Expense": 517000.0,
        "Interest Expense Non Operating": 1728000.0,
        "Interest Income Non Operating": 2245000.0,
        "Operating Income": -55769000.0,
        "Operating Expense": 55955000.0,
        "Research And Development": 26447000.0,
        "Selling General And Administration": 29508000.0,
        "Selling And Marketing Expense": 11666000.0,
        "General And Administrative Expense": 17842000.0,
        "Other Gand A": 17842000.0,
        "Gross Profit": 186000.0,
        "Cost Of Revenue": 19210000.0,
        "Total Revenue": 19396000.0,
        "Operating Revenue": 19396000.0
    },
    "2023-09-30": {
        "Tax Effect Of Unusual Items": 0.0,
        "Tax Rate For Calcs": 0.21,
        "Normalized EBITDA": -28319000.0,
        "Total Unusual Items": 0.0,
        "Total Unusual Items Excluding Goodwill": 0.0,
        "Net Income From Continuing Operation Net Minority Interest": -35102000.0,
        "Reconciled Depreciation": 4941000.0,
        "Reconciled Cost Of Revenue": 19116000.0,
        "EBITDA": -28319000.0,
        "EBIT": -33260000.0,
        "Net Interest Income": 670000.0,
        "Interest Expense": 1825000.0,
        "Interest Income": 2495000.0,
        "Normalized Income": -35102000.0,
        "Net Income From Continuing And Discontinued Operation": -35102000.0,
        "Total Expenses": 57951000.0,
        "Total Operating Income As Reported": -35742000.0,
        "Diluted Average Shares": 39228118.0,
        "Basic Average Shares": 39228118.0,
        "Diluted EPS": -0.89,
        "Basic EPS": -0.89,
        "Diluted NI Availto Com Stockholders": -35102000.0,
        "Net Income Common Stockholders": -35102000.0,
        "Net Income": -35102000.0,
        "Net Income Including Noncontrolling Interests": -35102000.0,
        "Net Income Continuous Operations": -35102000.0,
        "Tax Provision": 17000.0,
        "Pretax Income": -35085000.0,
        "Other Income Expense": -13000.0,
        "Other Non Operating Income Expenses": -13000.0,
        "Special Income Charges": 0.0,
        "Impairment Of Capital Assets": 0.0,
        "Net Non Operating Interest Income Expense": 670000.0,
        "Interest Expense Non Operating": 1825000.0,
        "Interest Income Non Operating": 2495000.0,
        "Operating Income": -35742000.0,
        "Operating Expense": 38835000.0,
        "Research And Development": 16678000.0,
        "Selling General And Administration": 22157000.0,
        "Selling And Marketing Expense": 7887000.0,
        "General And Administrative Expense": 14270000.0,
        "Other Gand A": 14270000.0,
        "Gross Profit": 3093000.0,
        "Cost Of Revenue": 19116000.0,
        "Total Revenue": 22209000.0,
        "Operating Revenue": 22209000.0
    },
    "2023-12-31": {
        "Tax Effect Of Unusual Items": 0.0,
        "Tax Rate For Calcs": 0.21,
        "Normalized EBITDA": -30631000.0,
        "Total Unusual Items": 0.0,
        "Total Unusual Items Excluding Goodwill": 0.0,
        "Net Income From Continuing Operation Net Minority Interest": -38995000.0,
        "Reconciled Depreciation": 4109000.0,
        "Reconciled Cost Of Revenue": 19033000.0,
        "EBITDA": -30631000.0,
        "EBIT": -34740000.0,
        "Net Interest Income": -1502000.0,
        "Interest Expense": 4081000.0,
        "Interest Income": 2579000.0,
        "Normalized Income": -38995000.0,
        "Net Income From Continuing And Discontinued Operation": -38995000.0,
        "Total Expenses": 61757000.0,
        "Total Operating Income As Reported": -37313000.0,
        "Diluted Average Shares": 41135659.0,
        "Basic Average Shares": 41135659.0,
        "Diluted EPS": -0.95,
        "Basic EPS": -0.95,
        "Diluted NI Availto Com Stockholders": -38995000.0,
        "Net Income Common Stockholders": -38995000.0,
        "Net Income": -38995000.0,
        "Net Income Including Noncontrolling Interests": -38995000.0,
        "Net Income Continuous Operations": -38995000.0,
        "Tax Provision": 174000.0,
        "Pretax Income": -38821000.0,
        "Other Income Expense": -6000.0,
        "Other Non Operating Income Expenses": -6000.0,
        "Special Income Charges": 0.0,
        "Impairment Of Capital Assets": 0.0,
        "Net Non Operating Interest Income Expense": -1502000.0,
        "Interest Expense Non Operating": 4081000.0,
        "Interest Income Non Operating": 2579000.0,
        "Operating Income": -37313000.0,
        "Operating Expense": 42724000.0,
        "Research And Development": 15626000.0,
        "Selling General And Administration": 27098000.0,
        "Selling And Marketing Expense": 8553000.0,
        "General And Administrative Expense": 18545000.0,
        "Other Gand A": 18545000.0,
        "Gross Profit": 5411000.0,
        "Cost Of Revenue": 19033000.0,
        "Total Revenue": 24444000.0,
        "Operating Revenue": 24444000.0
    },
    "2024-03-31": {
        "Tax Effect Of Unusual Items": 0.0,
        "Tax Rate For Calcs": 0.21,
        "Normalized EBITDA": -18930000.0,
        "Total Unusual Items": 0.0,
        "Total Unusual Items Excluding Goodwill": 0.0,
        "Net Income From Continuing Operation Net Minority Interest": -23849000.0,
        "Reconciled Depreciation": 4047000.0,
        "Reconciled Cost Of Revenue": 18519000.0,
        "EBITDA": -18930000.0,
        "EBIT": -22977000.0,
        "Net Interest Income": 1910000.0,
        "Interest Expense": 741000.0,
        "Interest Income": 2651000.0,
        "Normalized Income": -23849000.0,
        "Net Income From Continuing And Discontinued Operation": -23849000.0,
        "Total Expenses": 51765000.0,
        "Total Operating Income As Reported": -25821000.0,
        "Diluted Average Shares": 43454127.0,
        "Basic Average Shares": 43454127.0,
        "Diluted EPS": -0.55,
        "Basic EPS": -0.55,
        "Diluted NI Availto Com Stockholders": -23849000.0,
        "Net Income Common Stockholders": -23849000.0,
        "Net Income": -23849000.0,
        "Net Income Including Noncontrolling Interests": -23849000.0,
        "Net Income Continuous Operations": -23849000.0,
        "Tax Provision": 131000.0,
        "Pretax Income": -23718000.0,
        "Other Income Expense": 193000.0,
        "Other Non Operating Income Expenses": 193000.0,
        "Special Income Charges": 0.0,
        "Impairment Of Capital Assets": 0.0,
        "Net Non Operating Interest Income Expense": 1910000.0,
        "Interest Expense Non Operating": 741000.0,
        "Interest Income Non Operating": 2651000.0,
        "Operating Income": -25821000.0,
        "Operating Expense": 33246000.0,
        "Research And Development": 13806000.0,
        "Selling General And Administration": 19440000.0,
        "Selling And Marketing Expense": 6860000.0,
        "General And Administrative Expense": 12580000.0,
        "Other Gand A": 12580000.0,
        "Gross Profit": 7425000.0,
        "Cost Of Revenue": 18519000.0,
        "Total Revenue": 25944000.0,
        "Operating Revenue": 25944000.0
    },
    "2024-06-30": {
        "Tax Effect Of Unusual Items": 0.0,
        "Tax Rate For Calcs": 0.21,
        "Normalized EBITDA": -19265000.0,
        "Total Unusual Items": 0.0,
        "Total Unusual Items Excluding Goodwill": 0.0,
        "Net Income From Continuing Operation Net Minority Interest": -23869000.0,
        "Reconciled Depreciation": 3741000.0,
        "Reconciled Cost Of Revenue": 17892000.0,
        "EBITDA": -19265000.0,
        "EBIT": -23006000.0,
        "Net Interest Income": 1511000.0,
        "Interest Expense": 740000.0,
        "Interest Income": 2251000.0,
        "Normalized Income": -23869000.0,
        "Net Income From Continuing And Discontinued Operation": -23869000.0,
        "Total Expenses": 52240000.0,
        "Total Operating Income As Reported": -25250000.0,
        "Diluted Average Shares": 44737769.0,
        "Basic Average Shares": 44737769.0,
        "Diluted EPS": -0.53,
        "Basic EPS": -0.53,
        "Diluted NI Availto Com Stockholders": -23869000.0,
        "Net Income Common Stockholders": -23869000.0,
        "Net Income": -23869000.0,
        "Net Income Including Noncontrolling Interests": -23869000.0,
        "Net Income Continuous Operations": -23869000.0,
        "Tax Provision": 123000.0,
        "Pretax Income": -23746000.0,
        "Other Income Expense": -7000.0,
        "Other Non Operating Income Expenses": -7000.0,
        "Special Income Charges": 0.0,
        "Impairment Of Capital Assets": 0.0,
        "Net Non Operating Interest Income Expense": 1511000.0,
        "Interest Expense Non Operating": 740000.0,
        "Interest Income Non Operating": 2251000.0,
        "Operating Income": -25250000.0,
        "Operating Expense": 34348000.0,
        "Research And Development": 14432000.0,
        "Selling General And Administration": 19916000.0,
        "Selling And Marketing Expense": 6750000.0,
        "General And Administrative Expense": 13166000.0,
        "Other Gand A": 13166000.0,
        "Gross Profit": 9098000.0,
        "Cost Of Revenue": 17892000.0,
        "Total Revenue": 26990000.0,
        "Operating Revenue": 26990000.0
    }
}