{
    "2023-03-31": {
        "Tax Effect Of Unusual Items": 0.0,
        "Tax Rate For Calcs": 0.0,
        "Normalized EBITDA": -14493600.0,
        "Net Income From Continuing Operation Net Minority Interest": -13356209.0,
        "Reconciled Depreciation": 397957.0,
        "EBITDA": -14493600.0,
        "EBIT": -14891557.0,
        "Normalized Income": -13356209.0,
        "Net Income From Continuing And Discontinued Operation": -13356209.0,
        "Total Expenses": 14957717.0,
        "Total Operating Income As Reported": -14892305.0,
        "Diluted Average Shares": 70490704.0,
        "Basic Average Shares": 70490704.0,
        "Diluted EPS": -0.19,
        "Basic EPS": -0.19,
        "Diluted NI Availto Com Stockholders": -13356209.0,
        "Net Income Common Stockholders": -13356209.0,
        "Otherunder Preferred Stock Dividend": NaN,
        "Net Income": -13356209.0,
        "Net Income Including Noncontrolling Interests": -13356209.0,
        "Net Income Continuous Operations": -13356209.0,
        "Tax Provision": 0.0,
        "Pretax Income": -13356209.0,
        "Other Income Expense": 1536095.0,
        "Other Non Operating Income Expenses": 1536095.0,
        "Operating Income": -14891557.0,
        "Operating Expense": 14957717.0,
        "Research And Development": 6614717.0,
        "Selling General And Administration": 8343000.0,
        "General And Administrative Expense": 8343000.0,
        "Other Gand A": 3597000.0,
        "Salaries And Wages": 4746000.0,
        "Total Revenue": 66160.0,
        "Operating Revenue": 66160.0
    },
    "2022-12-31": {
        "Tax Effect Of Unusual Items": 0.0,
        "Tax Rate For Calcs": 0.0,
        "Normalized EBITDA": -11732977.0,
        "Net Income From Continuing Operation Net Minority Interest": -11504789.0,
        "Reconciled Depreciation": 439950.0,
        "EBITDA": -11732977.0,
        "EBIT": -12172927.0,
        "Normalized Income": -11504789.0,
        "Net Income From Continuing And Discontinued Operation": -11504789.0,
        "Total Expenses": 12219207.0,
        "Total Operating Income As Reported": -12172912.0,
        "Diluted Average Shares": 70472598.0,
        "Basic Average Shares": 70472598.0,
        "Diluted EPS": -0.16,
        "Basic EPS": -0.16,
        "Diluted NI Availto Com Stockholders": -11504789.0,
        "Net Income Common Stockholders": -11504789.0,
        "Otherunder Preferred Stock Dividend": 0.0,
        "Net Income": -11504789.0,
        "Net Income Including Noncontrolling Interests": -11504789.0,
        "Net Income Continuous Operations": -11504789.0,
        "Tax Provision": 0.0,
        "Pretax Income": -11504789.0,
        "Other Income Expense": 668123.0,
        "Other Non Operating Income Expenses": 668123.0,
        "Operating Income": -12172927.0,
        "Operating Expense": 12219207.0,
        "Research And Development": 5556207.0,
        "Selling General And Administration": 6663000.0,
        "General And Administrative Expense": 6663000.0,
        "Other Gand A": 3103000.0,
        "Salaries And Wages": 3560000.0,
        "Total Revenue": 46280.0,
        "Operating Revenue": 46280.0
    },
    "2022-09-30": {
        "Tax Effect Of Unusual Items": 0.0,
        "Tax Rate For Calcs": 0.0,
        "Normalized EBITDA": -12388786.0,
        "Net Income From Continuing Operation Net Minority Interest": -11967771.0,
        "Reconciled Depreciation": 415365.0,
        "EBITDA": -12388786.0,
        "EBIT": -12804151.0,
        "Normalized Income": -11967771.0,
        "Net Income From Continuing And Discontinued Operation": -11967771.0,
        "Total Expenses": 12815253.0,
        "Total Operating Income As Reported": -12803856.0,
        "Diluted Average Shares": 70430554.0,
        "Basic Average Shares": 70430554.0,
        "Diluted EPS": -0.17,
        "Basic EPS": -0.17,
        "Diluted NI Availto Com Stockholders": -11967771.0,
        "Net Income Common Stockholders": -11967771.0,
        "Otherunder Preferred Stock Dividend": 0.0,
        "Net Income": -11967771.0,
        "Net Income Including Noncontrolling Interests": -11967771.0,
        "Net Income Continuous Operations": -11967771.0,
        "Tax Provision": 0.0,
        "Pretax Income": -11967771.0,
        "Other Income Expense": 836085.0,
        "Other Non Operating Income Expenses": 836085.0,
        "Operating Income": -12804151.0,
        "Operating Expense": 12815253.0,
        "Research And Development": 5183253.0,
        "Selling General And Administration": 7632000.0,
        "General And Administrative Expense": 7632000.0,
        "Other Gand A": 3659000.0,
        "Salaries And Wages": 3973000.0,
        "Total Revenue": 11102.0,
        "Operating Revenue": 11102.0
    },
    "2022-06-30": {
        "Tax Effect Of Unusual Items": 0.0,
        "Tax Rate For Calcs": 0.0,
        "Normalized EBITDA": -13851187.0,
        "Net Income From Continuing Operation Net Minority Interest": -14588414.0,
        "Reconciled Depreciation": 452483.0,
        "EBITDA": -13851187.0,
        "EBIT": -14303670.0,
        "Normalized Income": -14588414.0,
        "Net Income From Continuing And Discontinued Operation": -14588414.0,
        "Total Expenses": 14303670.0,
        "Total Operating Income As Reported": -14304287.0,
        "Diluted Average Shares": 70391458.0,
        "Basic Average Shares": 70391458.0,
        "Diluted EPS": -0.21,
        "Basic EPS": -0.21,
        "Diluted NI Availto Com Stockholders": -14588414.0,
        "Net Income Common Stockholders": -14588414.0,
        "Otherunder Preferred Stock Dividend": 0.0,
        "Net Income": -14588414.0,
        "Net Income Including Noncontrolling Interests": -14588414.0,
        "Net Income Continuous Operations": -14588414.0,
        "Tax Provision": 0.0,
        "Pretax Income": -14588414.0,
        "Other Income Expense": -284127.0,
        "Other Non Operating Income Expenses": -284127.0,
        "Operating Income": -14303670.0,
        "Operating Expense": 14303670.0,
        "Research And Development": 6046670.0,
        "Selling General And Administration": 8257000.0,
        "General And Administrative Expense": 8257000.0,
        "Other Gand A": 4397000.0,
        "Salaries And Wages": 3860000.0,
        "Total Revenue": 0.0,
        "Operating Revenue": 0.0
    },
    "2022-03-31": {
        "Diluted EPS": -0.23,
        "Total Revenue": 1,
        "Gross Profit": 1,
        "Operating Income": -16,
        "EBIT": -16,
        "Net Income": -16
    },
    "2021-12-31": {
        "Diluted EPS": -0.37,
        "Total Revenue": NaN,
        "Gross Profit": NaN,
        "Operating Income": -26,
        "EBIT": -26,
        "Net Income": -22
    },
    "2021-09-30": {
        "Diluted EPS": -0.17,
        "Total Revenue": NaN,
        "Gross Profit": NaN,
        "Operating Income": -12,
        "EBIT": -12,
        "Net Income": -11
    },
    "2021-06-30": {
        "Diluted EPS": -0.23,
        "Total Revenue": NaN,
        "Gross Profit": NaN,
        "Operating Income": -14,
        "EBIT": -14,
        "Net Income": -16
    },
    "2021-03-31": {
        "Diluted EPS": 2.53,
        "Total Revenue": 208,
        "Gross Profit": 208,
        "Operating Income": 177,
        "EBIT": 177,
        "Net Income": 169
    },
    "2020-12-31": {
        "Diluted EPS": -0.33,
        "Total Revenue": 6,
        "Gross Profit": 6,
        "Operating Income": -22,
        "EBIT": -22,
        "Net Income": -22
    },
    "2020-09-30": {
        "Diluted EPS": -0.28,
        "Total Revenue": 7,
        "Gross Profit": 7,
        "Operating Income": -16,
        "EBIT": -16,
        "Net Income": -16
    },
    "2020-06-30": {
        "Diluted EPS": -0.41,
        "Total Revenue": NaN,
        "Gross Profit": NaN,
        "Operating Income": -23,
        "EBIT": -23,
        "Net Income": -23
    },
    "2020-03-31": {
        "Diluted EPS": -0.37,
        "Total Revenue": NaN,
        "Gross Profit": NaN,
        "Operating Income": -20,
        "EBIT": -20,
        "Net Income": -20
    },
    "2019-12-31": {
        "Diluted EPS": -0.31,
        "Total Revenue": NaN,
        "Gross Profit": NaN,
        "Operating Income": -17,
        "EBIT": -17,
        "Net Income": -17
    },
    "2019-09-30": {
        "Diluted EPS": -0.43,
        "Total Revenue": NaN,
        "Gross Profit": NaN,
        "Operating Income": -17,
        "EBIT": -17,
        "Net Income": -17
    },
    "2019-06-30": {
        "Diluted EPS": -0.34,
        "Total Revenue": NaN,
        "Gross Profit": NaN,
        "Operating Income": -13,
        "EBIT": -13,
        "Net Income": -13
    },
    "2019-03-31": {
        "Diluted EPS": -0.46,
        "Total Revenue": NaN,
        "Gross Profit": NaN,
        "Operating Income": -14,
        "EBIT": -14,
        "Net Income": -14
    },
    "2018-12-31": {
        "Diluted EPS": -0.51,
        "Total Revenue": NaN,
        "Gross Profit": NaN,
        "Operating Income": -13,
        "EBIT": -13,
        "Net Income": -13
    },
    "2018-09-30": {
        "Diluted EPS": -0.53,
        "Total Revenue": NaN,
        "Gross Profit": NaN,
        "Operating Income": -13,
        "EBIT": -13,
        "Net Income": -13
    },
    "2018-06-30": {
        "Diluted EPS": -0.53,
        "Total Revenue": NaN,
        "Gross Profit": NaN,
        "Operating Income": -13,
        "EBIT": -13,
        "Net Income": -13
    },
    "2018-03-31": {
        "Diluted EPS": -0.54,
        "Total Revenue": NaN,
        "Gross Profit": NaN,
        "Operating Income": -13,
        "EBIT": -13,
        "Net Income": -13
    },
    "2017-12-31": {
        "Diluted EPS": 1.08,
        "Total Revenue": NaN,
        "Gross Profit": NaN,
        "Operating Income": -11,
        "EBIT": -11,
        "Net Income": -11
    },
    "2017-09-30": {
        "Diluted EPS": -0.38,
        "Total Revenue": NaN,
        "Gross Profit": NaN,
        "Operating Income": -9,
        "EBIT": -9,
        "Net Income": -9
    },
    "2017-06-30": {
        "Diluted EPS": -0.57,
        "Total Revenue": NaN,
        "Gross Profit": NaN,
        "Operating Income": -10,
        "EBIT": -10,
        "Net Income": -10
    },
    "2017-03-31": {
        "Diluted EPS": -3.48,
        "Total Revenue": NaN,
        "Gross Profit": NaN,
        "Operating Income": -34,
        "EBIT": -34,
        "Net Income": -34
    },
    "2016-12-31": {
        "Diluted EPS": -0.77,
        "Total Revenue": NaN,
        "Gross Profit": NaN,
        "Operating Income": -8,
        "EBIT": -8,
        "Net Income": -8
    },
    "2016-09-30": {
        "Diluted EPS": -0.59,
        "Total Revenue": NaN,
        "Gross Profit": NaN,
        "Operating Income": -6,
        "EBIT": -6,
        "Net Income": -6
    },
    "2016-06-30": {
        "Diluted EPS": -0.55,
        "Total Revenue": NaN,
        "Gross Profit": NaN,
        "Operating Income": -5,
        "EBIT": -5,
        "Net Income": -5
    },
    "2016-03-31": {
        "Diluted EPS": -0.37,
        "Total Revenue": NaN,
        "Gross Profit": NaN,
        "Operating Income": -4,
        "EBIT": -4,
        "Net Income": -4
    },
    "2015-12-31": {
        "Diluted EPS": 0.0,
        "Total Revenue": NaN,
        "Gross Profit": NaN,
        "Operating Income": NaN,
        "EBIT": NaN,
        "Net Income": NaN
    },
    "2023-06-30": {
        "Tax Effect Of Unusual Items": 0.0,
        "Tax Rate For Calcs": 0.0,
        "Normalized EBITDA": -13777001.0,
        "Net Income From Continuing Operation Net Minority Interest": -12408330.0,
        "Reconciled Depreciation": 394765.0,
        "EBITDA": -13777001.0,
        "EBIT": -14171766.0,
        "Normalized Income": -12408330.0,
        "Net Income From Continuing And Discontinued Operation": -12408330.0,
        "Total Expenses": 14246766.0,
        "Total Operating Income As Reported": -14171982.0,
        "Diluted Average Shares": 70534181.0,
        "Basic Average Shares": 70534181.0,
        "Diluted EPS": -0.18,
        "Basic EPS": -0.18,
        "Diluted NI Availto Com Stockholders": -12408330.0,
        "Net Income Common Stockholders": -12408330.0,
        "Otherunder Preferred Stock Dividend": NaN,
        "Net Income": -12408330.0,
        "Net Income Including Noncontrolling Interests": -12408330.0,
        "Net Income Continuous Operations": -12408330.0,
        "Tax Provision": 0.0,
        "Pretax Income": -12408330.0,
        "Other Income Expense": 1763652.0,
        "Other Non Operating Income Expenses": 1763652.0,
        "Operating Income": -14171766.0,
        "Operating Expense": 14246766.0,
        "Research And Development": 5998766.0,
        "Selling General And Administration": 8248000.0,
        "General And Administrative Expense": 8248000.0,
        "Other Gand A": 3218000.0,
        "Salaries And Wages": 5030000.0,
        "Total Revenue": 75000.0,
        "Operating Revenue": 75000.0
    },
    "2023-09-30": {
        "Tax Effect Of Unusual Items": 0.0,
        "Tax Rate For Calcs": 0.0,
        "Normalized EBITDA": -11626158.0,
        "Net Income From Continuing Operation Net Minority Interest": -11252386.0,
        "Reconciled Depreciation": 402461.0,
        "EBITDA": -11626158.0,
        "EBIT": -12028619.0,
        "Normalized Income": -11252386.0,
        "Net Income From Continuing And Discontinued Operation": -11252386.0,
        "Total Expenses": 12137591.0,
        "Total Operating Income As Reported": -12028832.0,
        "Diluted Average Shares": 70618609.0,
        "Basic Average Shares": 70618609.0,
        "Diluted EPS": -0.16,
        "Basic EPS": -0.16,
        "Diluted NI Availto Com Stockholders": -11252386.0,
        "Net Income Common Stockholders": -11252386.0,
        "Otherunder Preferred Stock Dividend": 0.0,
        "Net Income": -11252386.0,
        "Net Income Including Noncontrolling Interests": -11252386.0,
        "Net Income Continuous Operations": -11252386.0,
        "Tax Provision": 0.0,
        "Pretax Income": -11252386.0,
        "Other Income Expense": 776446.0,
        "Other Non Operating Income Expenses": 776446.0,
        "Operating Income": -12028619.0,
        "Operating Expense": 12137591.0,
        "Research And Development": 5332591.0,
        "Selling General And Administration": 6805000.0,
        "General And Administrative Expense": 6805000.0,
        "Other Gand A": 3238000.0,
        "Salaries And Wages": 3567000.0,
        "Total Revenue": 108972.0,
        "Operating Revenue": 108972.0
    },
    "2023-12-31": {
        "Tax Effect Of Unusual Items": 0.0,
        "Tax Rate For Calcs": 0.0,
        "Normalized EBITDA": -17788002.0,
        "Net Income From Continuing Operation Net Minority Interest": -15322034.0,
        "Reconciled Depreciation": 401392.0,
        "EBITDA": -17788002.0,
        "EBIT": -18189394.0,
        "Normalized Income": -15322034.0,
        "Net Income From Continuing And Discontinued Operation": -15322034.0,
        "Total Expenses": 18330957.0,
        "Total Operating Income As Reported": -18188346.0,
        "Diluted Average Shares": NaN,
        "Basic Average Shares": NaN,
        "Diluted EPS": NaN,
        "Basic EPS": NaN,
        "Diluted NI Availto Com Stockholders": -15322034.0,
        "Net Income Common Stockholders": -15322034.0,
        "Otherunder Preferred Stock Dividend": 0.0,
        "Net Income": -15322034.0,
        "Net Income Including Noncontrolling Interests": -15322034.0,
        "Net Income Continuous Operations": -15322034.0,
        "Tax Provision": 0.0,
        "Pretax Income": -15322034.0,
        "Other Income Expense": -2076193.0,
        "Other Non Operating Income Expenses": NaN,
        "Operating Income": -18189394.0,
        "Operating Expense": 18330957.0,
        "Research And Development": 10641957.0,
        "Selling General And Administration": 7689000.0,
        "General And Administrative Expense": 7689000.0,
        "Other Gand A": 3901000.0,
        "Salaries And Wages": 3788000.0,
        "Total Revenue": 141563.0,
        "Operating Revenue": 141563.0
    }
}