{
    "2023-06-30": {
        "Tax Effect Of Unusual Items": -5775000.0,
        "Tax Rate For Calcs": 0.231,
        "Normalized EBITDA": 961000000.0,
        "Total Unusual Items": -25000000.0,
        "Total Unusual Items Excluding Goodwill": -25000000.0,
        "Net Income From Continuing Operation Net Minority Interest": 336000000.0,
        "Reconciled Depreciation": 419000000.0,
        "Reconciled Cost Of Revenue": 1187000000.0,
        "EBITDA": 936000000.0,
        "EBIT": 517000000.0,
        "Net Interest Income": -80000000.0,
        "Interest Expense": 80000000.0,
        "Interest Income": NaN,
        "Normalized Income": 355225000.0,
        "Net Income From Continuing And Discontinued Operation": 336000000.0,
        "Total Expenses": 1986000000.0,
        "Total Operating Income As Reported": 531000000.0,
        "Diluted Average Shares": 250800000.0,
        "Basic Average Shares": 249400000.0,
        "Diluted EPS": 1.34,
        "Basic EPS": 1.35,
        "Diluted NI Availto Com Stockholders": 336000000.0,
        "Net Income Common Stockholders": 336000000.0,
        "Net Income": 336000000.0,
        "Net Income Including Noncontrolling Interests": 336000000.0,
        "Net Income Continuous Operations": 336000000.0,
        "Tax Provision": 101000000.0,
        "Pretax Income": 437000000.0,
        "Other Income Expense": -14000000.0,
        "Other Non Operating Income Expenses": 11000000.0,
        "Special Income Charges": NaN,
        "Restructuring And Mergern Acquisition": NaN,
        "Gain On Sale Of Security": -25000000.0,
        "Net Non Operating Interest Income Expense": -80000000.0,
        "Interest Expense Non Operating": 80000000.0,
        "Interest Income Non Operating": NaN,
        "Operating Income": 531000000.0,
        "Operating Expense": 799000000.0,
        "Other Operating Expenses": 631000000.0,
        "Provision For Doubtful Accounts": NaN,
        "Selling General And Administration": 168000000.0,
        "General And Administrative Expense": 168000000.0,
        "Other Gand A": 152000000.0,
        "Salaries And Wages": 16000000.0,
        "Gross Profit": 1330000000.0,
        "Cost Of Revenue": 1187000000.0,
        "Total Revenue": 2517000000.0,
        "Operating Revenue": 2517000000.0
    },
    "2023-03-31": {
        "Tax Effect Of Unusual Items": 618000.0,
        "Tax Rate For Calcs": 0.206,
        "Normalized EBITDA": 1045000000.0,
        "Total Unusual Items": 3000000.0,
        "Total Unusual Items Excluding Goodwill": 3000000.0,
        "Net Income From Continuing Operation Net Minority Interest": 487000000.0,
        "Reconciled Depreciation": 364000000.0,
        "Reconciled Cost Of Revenue": 1149000000.0,
        "EBITDA": 1048000000.0,
        "EBIT": 684000000.0,
        "Net Interest Income": -71000000.0,
        "Interest Expense": 71000000.0,
        "Interest Income": NaN,
        "Normalized Income": 484618000.0,
        "Net Income From Continuing And Discontinued Operation": 487000000.0,
        "Total Expenses": 1873000000.0,
        "Total Operating Income As Reported": 678000000.0,
        "Diluted Average Shares": 247700000.0,
        "Basic Average Shares": 244300000.0,
        "Diluted EPS": 1.97,
        "Basic EPS": 1.99,
        "Diluted NI Availto Com Stockholders": 487000000.0,
        "Net Income Common Stockholders": 487000000.0,
        "Net Income": 487000000.0,
        "Net Income Including Noncontrolling Interests": 487000000.0,
        "Net Income Continuous Operations": 487000000.0,
        "Tax Provision": 126000000.0,
        "Pretax Income": 613000000.0,
        "Other Income Expense": 6000000.0,
        "Other Non Operating Income Expenses": 3000000.0,
        "Special Income Charges": -6000000.0,
        "Restructuring And Mergern Acquisition": 6000000.0,
        "Gain On Sale Of Security": 3000000.0,
        "Net Non Operating Interest Income Expense": -71000000.0,
        "Interest Expense Non Operating": 71000000.0,
        "Interest Income Non Operating": NaN,
        "Operating Income": 678000000.0,
        "Operating Expense": 724000000.0,
        "Other Operating Expenses": 666000000.0,
        "Provision For Doubtful Accounts": NaN,
        "Selling General And Administration": 58000000.0,
        "General And Administrative Expense": 58000000.0,
        "Other Gand A": 77000000.0,
        "Salaries And Wages": -19000000.0,
        "Gross Profit": 1402000000.0,
        "Cost Of Revenue": 1149000000.0,
        "Total Revenue": 2551000000.0,
        "Operating Revenue": 2551000000.0
    },
    "2022-12-31": {
        "Tax Effect Of Unusual Items": 840000.0,
        "Tax Rate For Calcs": 0.21,
        "Normalized EBITDA": 1449000000.0,
        "Total Unusual Items": 4000000.0,
        "Total Unusual Items Excluding Goodwill": 4000000.0,
        "Net Income From Continuing Operation Net Minority Interest": 1335000000.0,
        "Reconciled Depreciation": 280000000.0,
        "Reconciled Cost Of Revenue": 1275000000.0,
        "EBITDA": 1453000000.0,
        "EBIT": 1173000000.0,
        "Net Interest Income": -63000000.0,
        "Interest Expense": 63000000.0,
        "Interest Income": NaN,
        "Normalized Income": 1331840000.0,
        "Net Income From Continuing And Discontinued Operation": 1335000000.0,
        "Total Expenses": 2046000000.0,
        "Total Operating Income As Reported": 1164000000.0,
        "Diluted Average Shares": NaN,
        "Basic Average Shares": NaN,
        "Diluted EPS": NaN,
        "Basic EPS": NaN,
        "Diluted NI Availto Com Stockholders": 1335000000.0,
        "Net Income Common Stockholders": 1335000000.0,
        "Net Income": 1335000000.0,
        "Net Income Including Noncontrolling Interests": 1335000000.0,
        "Net Income Continuous Operations": 1335000000.0,
        "Tax Provision": -225000000.0,
        "Pretax Income": 1110000000.0,
        "Other Income Expense": 7000000.0,
        "Other Non Operating Income Expenses": 3000000.0,
        "Special Income Charges": -2000000.0,
        "Restructuring And Mergern Acquisition": 2000000.0,
        "Gain On Sale Of Security": 6000000.0,
        "Net Non Operating Interest Income Expense": -63000000.0,
        "Interest Expense Non Operating": 63000000.0,
        "Interest Income Non Operating": NaN,
        "Operating Income": 1166000000.0,
        "Operating Expense": 771000000.0,
        "Other Operating Expenses": 208000000.0,
        "Provision For Doubtful Accounts": NaN,
        "Selling General And Administration": 564000000.0,
        "General And Administrative Expense": 564000000.0,
        "Other Gand A": 523000000.0,
        "Salaries And Wages": 41000000.0,
        "Gross Profit": 1937000000.0,
        "Cost Of Revenue": 1275000000.0,
        "Total Revenue": 3212000000.0,
        "Operating Revenue": 3212000000.0
    },
    "2022-09-30": {
        "Tax Effect Of Unusual Items": -1311000.0,
        "Tax Rate For Calcs": 0.069,
        "Normalized EBITDA": 1667000000.0,
        "Total Unusual Items": -19000000.0,
        "Total Unusual Items Excluding Goodwill": -19000000.0,
        "Net Income From Continuing Operation Net Minority Interest": 1186000000.0,
        "Reconciled Depreciation": 291000000.0,
        "Reconciled Cost Of Revenue": 1373000000.0,
        "EBITDA": 1648000000.0,
        "EBIT": 1357000000.0,
        "Net Interest Income": -83000000.0,
        "Interest Expense": 83000000.0,
        "Normalized Income": 1203689000.0,
        "Net Income From Continuing And Discontinued Operation": 1186000000.0,
        "Total Expenses": 2176000000.0,
        "Total Operating Income As Reported": 1373000000.0,
        "Diluted Average Shares": 256200000.0,
        "Basic Average Shares": 252500000.0,
        "Diluted EPS": 4.63,
        "Basic EPS": 4.7,
        "Diluted NI Availto Com Stockholders": 1186000000.0,
        "Net Income Common Stockholders": 1186000000.0,
        "Net Income": 1186000000.0,
        "Net Income Including Noncontrolling Interests": 1186000000.0,
        "Net Income Continuous Operations": 1186000000.0,
        "Tax Provision": 88000000.0,
        "Pretax Income": 1274000000.0,
        "Other Income Expense": -16000000.0,
        "Other Non Operating Income Expenses": 3000000.0,
        "Special Income Charges": 0.0,
        "Restructuring And Mergern Acquisition": 0.0,
        "Gain On Sale Of Security": -19000000.0,
        "Net Non Operating Interest Income Expense": -83000000.0,
        "Interest Expense Non Operating": 83000000.0,
        "Operating Income": 1373000000.0,
        "Operating Expense": 803000000.0,
        "Other Operating Expenses": 298000000.0,
        "Provision For Doubtful Accounts": 66000000.0,
        "Selling General And Administration": 505000000.0,
        "General And Administrative Expense": 505000000.0,
        "Other Gand A": 468000000.0,
        "Salaries And Wages": 37000000.0,
        "Gross Profit": 2176000000.0,
        "Cost Of Revenue": 1373000000.0,
        "Total Revenue": 3549000000.0,
        "Operating Revenue": 3549000000.0
    },
    "2022-06-30": {
        "Tax Effect Of Unusual Items": -138000.0,
        "Tax Rate For Calcs": 0.046,
        "Normalized EBITDA": 1794000000.0,
        "Total Unusual Items": -3000000.0,
        "Total Unusual Items Excluding Goodwill": -3000000.0,
        "Net Income From Continuing Operation Net Minority Interest": 1357000000.0,
        "Reconciled Depreciation": 278000000.0,
        "Reconciled Cost Of Revenue": 1511000000.0,
        "EBITDA": 1791000000.0,
        "EBIT": 1513000000.0,
        "Net Interest Income": -91000000.0,
        "Interest Expense": 91000000.0,
        "Normalized Income": 1359862000.0,
        "Net Income From Continuing And Discontinued Operation": 1357000000.0,
        "Total Expenses": 2220000000.0,
        "Total Operating Income As Reported": 1516000000.0,
        "Diluted Average Shares": 260600000.0,
        "Basic Average Shares": 257200000.0,
        "Diluted EPS": 5.21,
        "Basic EPS": 5.28,
        "Diluted NI Availto Com Stockholders": 1357000000.0,
        "Net Income Common Stockholders": 1357000000.0,
        "Net Income": 1357000000.0,
        "Net Income Including Noncontrolling Interests": 1357000000.0,
        "Net Income Continuous Operations": 1357000000.0,
        "Tax Provision": 65000000.0,
        "Pretax Income": 1422000000.0,
        "Other Income Expense": -3000000.0,
        "Other Non Operating Income Expenses": NaN,
        "Special Income Charges": 0.0,
        "Restructuring And Mergern Acquisition": 0.0,
        "Gain On Sale Of Security": -3000000.0,
        "Net Non Operating Interest Income Expense": -91000000.0,
        "Interest Expense Non Operating": 91000000.0,
        "Operating Income": 1516000000.0,
        "Operating Expense": 709000000.0,
        "Other Operating Expenses": 249000000.0,
        "Provision For Doubtful Accounts": NaN,
        "Selling General And Administration": 460000000.0,
        "General And Administrative Expense": 460000000.0,
        "Other Gand A": 453000000.0,
        "Salaries And Wages": 7000000.0,
        "Gross Profit": 2225000000.0,
        "Cost Of Revenue": 1511000000.0,
        "Total Revenue": 3736000000.0,
        "Operating Revenue": 3736000000.0
    },
    "2022-03-31": {
        "Diluted EPS": -0.94,
        "Total Revenue": NaN,
        "Gross Profit": 213,
        "Operating Income": -200,
        "EBIT": 64,
        "Net Income": -241
    },
    "2021-12-31": {
        "Diluted EPS": 5.23,
        "Total Revenue": NaN,
        "Gross Profit": NaN,
        "Operating Income": NaN,
        "EBIT": NaN,
        "Net Income": NaN
    },
    "2021-09-30": {
        "Diluted EPS": -0.28,
        "Total Revenue": NaN,
        "Gross Profit": 403,
        "Operating Income": NaN,
        "EBIT": 297,
        "Net Income": -72
    },
    "2021-06-30": {
        "Diluted EPS": -0.79,
        "Total Revenue": NaN,
        "Gross Profit": 319,
        "Operating Income": -121,
        "EBIT": 190,
        "Net Income": -205
    },
    "2021-03-31": {
        "Diluted EPS": 1.16,
        "Total Revenue": NaN,
        "Gross Profit": 631,
        "Operating Income": 195,
        "EBIT": 503,
        "Net Income": 309
    },
    "2020-12-31": {
        "Diluted EPS": -2.37,
        "Total Revenue": NaN,
        "Gross Profit": 628,
        "Operating Income": -591,
        "EBIT": -190,
        "Net Income": -614
    },
    "2020-09-30": {
        "Diluted EPS": -5.85,
        "Total Revenue": NaN,
        "Gross Profit": 323,
        "Operating Income": NaN,
        "EBIT": NaN,
        "Net Income": NaN
    },
    "2020-06-30": {
        "Diluted EPS": -16.87,
        "Total Revenue": 726,
        "Gross Profit": -142,
        "Operating Income": NaN,
        "EBIT": NaN,
        "Net Income": NaN
    },
    "2020-03-31": {
        "Diluted EPS": 1.62,
        "Total Revenue": NaN,
        "Gross Profit": NaN,
        "Operating Income": 759,
        "EBIT": NaN,
        "Net Income": 421
    },
    "2019-12-31": {
        "Diluted EPS": 0.12,
        "Total Revenue": NaN,
        "Gross Profit": 642,
        "Operating Income": -28,
        "EBIT": 533,
        "Net Income": -6
    },
    "2019-09-30": {
        "Diluted EPS": 0.56,
        "Total Revenue": NaN,
        "Gross Profit": 950,
        "Operating Income": 315,
        "EBIT": 860,
        "Net Income": 149
    },
    "2019-06-30": {
        "Diluted EPS": 1.22,
        "Total Revenue": NaN,
        "Gross Profit": NaN,
        "Operating Income": 538,
        "EBIT": NaN,
        "Net Income": 336
    },
    "2019-03-31": {
        "Diluted EPS": -1.0,
        "Total Revenue": NaN,
        "Gross Profit": 386,
        "Operating Income": -227,
        "EBIT": 150,
        "Net Income": -245
    },
    "2018-12-31": {
        "Diluted EPS": 5.37,
        "Total Revenue": NaN,
        "Gross Profit": NaN,
        "Operating Income": NaN,
        "EBIT": NaN,
        "Net Income": NaN
    },
    "2018-09-30": {
        "Diluted EPS": 0.2,
        "Total Revenue": NaN,
        "Gross Profit": 533,
        "Operating Income": 119,
        "EBIT": 468,
        "Net Income": 39
    },
    "2018-06-30": {
        "Diluted EPS": -0.8,
        "Total Revenue": 983,
        "Gross Profit": 291,
        "Operating Income": -116,
        "EBIT": 184,
        "Net Income": -151
    },
    "2018-03-31": {
        "Diluted EPS": 0.8,
        "Total Revenue": NaN,
        "Gross Profit": 651,
        "Operating Income": 337,
        "EBIT": 612,
        "Net Income": 151
    },
    "2017-12-31": {
        "Diluted EPS": -1.15,
        "Total Revenue": NaN,
        "Gross Profit": 598,
        "Operating Income": 262,
        "EBIT": 505,
        "Net Income": -229
    },
    "2017-09-30": {
        "Diluted EPS": 1.5,
        "Total Revenue": 861,
        "Gross Profit": 301,
        "Operating Income": -4,
        "EBIT": 206,
        "Net Income": 294
    },
    "2017-06-30": {
        "Diluted EPS": 1.7,
        "Total Revenue": NaN,
        "Gross Profit": 548,
        "Operating Income": 321,
        "EBIT": 514,
        "Net Income": 331
    },
    "2017-03-31": {
        "Diluted EPS": 2.2,
        "Total Revenue": NaN,
        "Gross Profit": 745,
        "Operating Income": 489,
        "EBIT": 676,
        "Net Income": 431
    },
    "2016-12-31": {
        "Diluted EPS": -1.4,
        "Total Revenue": 822,
        "Gross Profit": 221,
        "Operating Income": -54,
        "EBIT": 130,
        "Net Income": -281
    },
    "2016-09-30": {
        "Diluted EPS": 1.85,
        "Total Revenue": 979,
        "Gross Profit": 415,
        "Operating Income": 128,
        "EBIT": 312,
        "Net Income": 317
    },
    "2016-06-30": {
        "Diluted EPS": -3.55,
        "Total Revenue": 364,
        "Gross Profit": -124,
        "Operating Income": -912,
        "EBIT": -682,
        "Net Income": -601
    },
    "2016-03-31": {
        "Diluted EPS": -2.25,
        "Total Revenue": 753,
        "Gross Profit": 222,
        "Operating Income": NaN,
        "EBIT": -782,
        "Net Income": -379
    },
    "2015-12-31": {
        "Diluted EPS": -3.6,
        "Total Revenue": NaN,
        "Gross Profit": 468,
        "Operating Income": -682,
        "EBIT": -406,
        "Net Income": -612
    },
    "2015-09-30": {
        "Diluted EPS": -7.35,
        "Total Revenue": NaN,
        "Gross Profit": 716,
        "Operating Income": NaN,
        "EBIT": NaN,
        "Net Income": NaN
    },
    "2015-06-30": {
        "Diluted EPS": -9.55,
        "Total Revenue": 830,
        "Gross Profit": 216,
        "Operating Income": NaN,
        "EBIT": NaN,
        "Net Income": NaN
    },
    "2015-03-31": {
        "Diluted EPS": -11.25,
        "Total Revenue": NaN,
        "Gross Profit": 580,
        "Operating Income": NaN,
        "EBIT": NaN,
        "Net Income": NaN
    },
    "2014-12-31": {
        "Diluted EPS": 1.35,
        "Total Revenue": NaN,
        "Gross Profit": NaN,
        "Operating Income": 776,
        "EBIT": NaN,
        "Net Income": 198
    },
    "2014-09-30": {
        "Diluted EPS": 18.95,
        "Total Revenue": NaN,
        "Gross Profit": NaN,
        "Operating Income": 689,
        "EBIT": NaN,
        "Net Income": NaN
    },
    "2014-06-30": {
        "Diluted EPS": 1.85,
        "Total Revenue": NaN,
        "Gross Profit": 835,
        "Operating Income": 337,
        "EBIT": 763,
        "Net Income": 271
    },
    "2014-03-31": {
        "Diluted EPS": 0.8,
        "Total Revenue": NaN,
        "Gross Profit": NaN,
        "Operating Income": 529,
        "EBIT": 947,
        "Net Income": 116
    },
    "2013-12-31": {
        "Diluted EPS": -1.7,
        "Total Revenue": NaN,
        "Gross Profit": 127,
        "Operating Income": -7,
        "EBIT": 381,
        "Net Income": -251
    },
    "2013-09-30": {
        "Diluted EPS": 1.25,
        "Total Revenue": NaN,
        "Gross Profit": 691,
        "Operating Income": 209,
        "EBIT": 597,
        "Net Income": 188
    },
    "2013-06-30": {
        "Diluted EPS": 4.95,
        "Total Revenue": NaN,
        "Gross Profit": NaN,
        "Operating Income": 804,
        "EBIT": NaN,
        "Net Income": 730
    },
    "2013-03-31": {
        "Diluted EPS": -2.95,
        "Total Revenue": NaN,
        "Gross Profit": 602,
        "Operating Income": -136,
        "EBIT": 259,
        "Net Income": -431
    },
    "2012-12-31": {
        "Diluted EPS": -0.55,
        "Total Revenue": NaN,
        "Gross Profit": NaN,
        "Operating Income": 473,
        "EBIT": 918,
        "Net Income": -80
    },
    "2012-09-30": {
        "Diluted EPS": -8.45,
        "Total Revenue": NaN,
        "Gross Profit": 643,
        "Operating Income": -163,
        "EBIT": 289,
        "Net Income": NaN
    },
    "2012-06-30": {
        "Diluted EPS": -10.05,
        "Total Revenue": 731,
        "Gross Profit": 353,
        "Operating Income": -421,
        "EBIT": 51,
        "Net Income": NaN
    },
    "2012-03-31": {
        "Diluted EPS": 0.1,
        "Total Revenue": NaN,
        "Gross Profit": NaN,
        "Operating Income": 444,
        "EBIT": NaN,
        "Net Income": 12
    },
    "2011-12-31": {
        "Diluted EPS": -1.65,
        "Total Revenue": NaN,
        "Gross Profit": NaN,
        "Operating Income": 738,
        "EBIT": NaN,
        "Net Income": -246
    },
    "2011-09-30": {
        "Diluted EPS": 0.8,
        "Total Revenue": NaN,
        "Gross Profit": NaN,
        "Operating Income": 719,
        "EBIT": NaN,
        "Net Income": 120
    },
    "2011-06-30": {
        "Diluted EPS": 1.05,
        "Total Revenue": NaN,
        "Gross Profit": NaN,
        "Operating Income": 194,
        "EBIT": NaN,
        "Net Income": 176
    },
    "2011-03-31": {
        "Diluted EPS": 0.55,
        "Total Revenue": NaN,
        "Gross Profit": NaN,
        "Operating Income": -33,
        "EBIT": 781,
        "Net Income": 78
    },
    "2010-12-31": {
        "Diluted EPS": -0.3,
        "Total Revenue": NaN,
        "Gross Profit": 144,
        "Operating Income": -199,
        "EBIT": 619,
        "Net Income": -42
    },
    "2010-09-30": {
        "Diluted EPS": 3.85,
        "Total Revenue": NaN,
        "Gross Profit": NaN,
        "Operating Income": 804,
        "EBIT": NaN,
        "Net Income": 569
    },
    "2010-06-30": {
        "Diluted EPS": -3.4,
        "Total Revenue": NaN,
        "Gross Profit": NaN,
        "Operating Income": -124,
        "EBIT": 690,
        "Net Income": -505
    },
    "2010-03-31": {
        "Diluted EPS": 9.85,
        "Total Revenue": NaN,
        "Gross Profit": NaN,
        "Operating Income": NaN,
        "EBIT": NaN,
        "Net Income": NaN
    },
    "2009-12-31": {
        "Diluted EPS": 4.25,
        "Total Revenue": NaN,
        "Gross Profit": NaN,
        "Operating Income": NaN,
        "EBIT": NaN,
        "Net Income": 636
    },
    "2009-09-30": {
        "Diluted EPS": 0.15,
        "Total Revenue": NaN,
        "Gross Profit": NaN,
        "Operating Income": 103,
        "EBIT": NaN,
        "Net Income": 25
    },
    "2009-06-30": {
        "Diluted EPS": 1.6,
        "Total Revenue": NaN,
        "Gross Profit": NaN,
        "Operating Income": 412,
        "EBIT": NaN,
        "Net Income": 239
    },
    "2009-03-31": {
        "Diluted EPS": 6.4,
        "Total Revenue": NaN,
        "Gross Profit": NaN,
        "Operating Income": NaN,
        "EBIT": NaN,
        "Net Income": 962
    },
    "2023-09-30": {
        "Tax Effect Of Unusual Items": 4620000.0,
        "Tax Rate For Calcs": 0.21,
        "Normalized EBITDA": 962000000.0,
        "Total Unusual Items": 22000000.0,
        "Total Unusual Items Excluding Goodwill": 22000000.0,
        "Net Income From Continuing Operation Net Minority Interest": 406000000.0,
        "Reconciled Depreciation": 486000000.0,
        "Reconciled Cost Of Revenue": 1421000000.0,
        "EBITDA": 984000000.0,
        "EBIT": 498000000.0,
        "Net Interest Income": -98000000.0,
        "Interest Expense": 105000000.0,
        "Interest Income": 7000000.0,
        "Normalized Income": 388620000.0,
        "Net Income From Continuing And Discontinued Operation": 406000000.0,
        "Total Expenses": 2182000000.0,
        "Total Operating Income As Reported": 467000000.0,
        "Diluted Average Shares": 276300000.0,
        "Basic Average Shares": 273700000.0,
        "Diluted EPS": 1.47,
        "Basic EPS": 1.48,
        "Diluted NI Availto Com Stockholders": 406000000.0,
        "Net Income Common Stockholders": 406000000.0,
        "Net Income": 406000000.0,
        "Net Income Including Noncontrolling Interests": 406000000.0,
        "Net Income Continuous Operations": 406000000.0,
        "Tax Provision": -13000000.0,
        "Pretax Income": 393000000.0,
        "Other Income Expense": 24000000.0,
        "Other Non Operating Income Expenses": 2000000.0,
        "Special Income Charges": NaN,
        "Restructuring And Mergern Acquisition": NaN,
        "Gain On Sale Of Security": 22000000.0,
        "Net Non Operating Interest Income Expense": -98000000.0,
        "Interest Expense Non Operating": 105000000.0,
        "Interest Income Non Operating": 7000000.0,
        "Operating Income": 467000000.0,
        "Operating Expense": 761000000.0,
        "Other Operating Expenses": 681000000.0,
        "Provision For Doubtful Accounts": 0.0,
        "Selling General And Administration": 80000000.0,
        "General And Administrative Expense": 80000000.0,
        "Other Gand A": 68000000.0,
        "Salaries And Wages": 12000000.0,
        "Gross Profit": 1228000000.0,
        "Cost Of Revenue": 1421000000.0,
        "Total Revenue": 2649000000.0,
        "Operating Revenue": 2649000000.0
    },
    "2023-12-31": {
        "Tax Effect Of Unusual Items": 0.0,
        "Tax Rate For Calcs": 0.197751,
        "Normalized EBITDA": 1729000000.0,
        "Total Unusual Items": NaN,
        "Total Unusual Items Excluding Goodwill": NaN,
        "Net Income From Continuing Operation Net Minority Interest": 856000000.0,
        "Reconciled Depreciation": 556000000.0,
        "Reconciled Cost Of Revenue": 1225000000.0,
        "EBITDA": 1729000000.0,
        "EBIT": 1173000000.0,
        "Net Interest Income": -106000000.0,
        "Interest Expense": 106000000.0,
        "Interest Income": NaN,
        "Normalized Income": 856000000.0,
        "Net Income From Continuing And Discontinued Operation": 856000000.0,
        "Total Expenses": 1885000000.0,
        "Total Operating Income As Reported": 1188000000.0,
        "Diluted Average Shares": NaN,
        "Basic Average Shares": NaN,
        "Diluted EPS": NaN,
        "Basic EPS": NaN,
        "Diluted NI Availto Com Stockholders": 856000000.0,
        "Net Income Common Stockholders": 856000000.0,
        "Net Income": 856000000.0,
        "Net Income Including Noncontrolling Interests": 856000000.0,
        "Net Income Continuous Operations": 856000000.0,
        "Tax Provision": 211000000.0,
        "Pretax Income": 1067000000.0,
        "Other Income Expense": -108000000.0,
        "Other Non Operating Income Expenses": 4000000.0,
        "Special Income Charges": NaN,
        "Restructuring And Mergern Acquisition": NaN,
        "Gain On Sale Of Security": NaN,
        "Net Non Operating Interest Income Expense": -106000000.0,
        "Interest Expense Non Operating": 106000000.0,
        "Interest Income Non Operating": NaN,
        "Operating Income": 1281000000.0,
        "Operating Expense": 660000000.0,
        "Other Operating Expenses": 666000000.0,
        "Provision For Doubtful Accounts": 0.0,
        "Selling General And Administration": -6000000.0,
        "General And Administrative Expense": -6000000.0,
        "Other Gand A": -19000000.0,
        "Salaries And Wages": 13000000.0,
        "Gross Profit": 1941000000.0,
        "Cost Of Revenue": 1225000000.0,
        "Total Revenue": 3166000000.0,
        "Operating Revenue": 3166000000.0
    },
    "2024-03-31": {
        "Tax Effect Of Unusual Items": 5880000.0,
        "Tax Rate For Calcs": 0.21,
        "Normalized EBITDA": 1064000000.0,
        "Total Unusual Items": 28000000.0,
        "Total Unusual Items Excluding Goodwill": 28000000.0,
        "Net Income From Continuing Operation Net Minority Interest": 338000000.0,
        "Reconciled Depreciation": 566000000.0,
        "Reconciled Cost Of Revenue": 1089000000.0,
        "EBITDA": 1092000000.0,
        "EBIT": 526000000.0,
        "Net Interest Income": -98000000.0,
        "Interest Expense": 98000000.0,
        "Interest Income": NaN,
        "Normalized Income": 315880000.0,
        "Net Income From Continuing And Discontinued Operation": 338000000.0,
        "Total Expenses": 1858000000.0,
        "Total Operating Income As Reported": 494000000.0,
        "Diluted Average Shares": 272300000.0,
        "Basic Average Shares": 269700000.0,
        "Diluted EPS": 1.24,
        "Basic EPS": 1.25,
        "Diluted NI Availto Com Stockholders": 338000000.0,
        "Net Income Common Stockholders": 338000000.0,
        "Net Income": 338000000.0,
        "Net Income Including Noncontrolling Interests": 338000000.0,
        "Net Income Continuous Operations": 338000000.0,
        "Tax Provision": 90000000.0,
        "Pretax Income": 428000000.0,
        "Other Income Expense": 32000000.0,
        "Other Non Operating Income Expenses": 4000000.0,
        "Special Income Charges": NaN,
        "Restructuring And Mergern Acquisition": NaN,
        "Gain On Sale Of Security": 28000000.0,
        "Net Non Operating Interest Income Expense": -98000000.0,
        "Interest Expense Non Operating": 98000000.0,
        "Interest Income Non Operating": NaN,
        "Operating Income": 494000000.0,
        "Operating Expense": 769000000.0,
        "Other Operating Expenses": 667000000.0,
        "Provision For Doubtful Accounts": NaN,
        "Selling General And Administration": 102000000.0,
        "General And Administrative Expense": 102000000.0,
        "Other Gand A": 87000000.0,
        "Salaries And Wages": 15000000.0,
        "Gross Profit": 1263000000.0,
        "Cost Of Revenue": 1089000000.0,
        "Total Revenue": 2352000000.0,
        "Operating Revenue": 2352000000.0
    }
}