{
    "2023-03-31": {
        "Tax Effect Of Unusual Items": 0.0,
        "Tax Rate For Calcs": 0.21,
        "Net Income From Continuing Operation Net Minority Interest": 142000.0,
        "Reconciled Depreciation": 2000.0,
        "Normalized Income": 142000.0,
        "Net Income From Continuing And Discontinued Operation": 142000.0,
        "Total Expenses": 404000.0,
        "Diluted NI Availto Com Stockholders": 142000.0,
        "Net Income Common Stockholders": 142000.0,
        "Otherunder Preferred Stock Dividend": NaN,
        "Net Income": 142000.0,
        "Net Income Including Noncontrolling Interests": 142000.0,
        "Net Income Continuous Operations": 142000.0,
        "Pretax Income": 142000.0,
        "Selling General And Administration": 404000.0,
        "General And Administrative Expense": 404000.0,
        "Other Gand A": 404000.0,
        "Total Revenue": 546000.0,
        "Operating Revenue": 546000.0
    },
    "2022-12-31": {
        "Tax Effect Of Unusual Items": 0.0,
        "Tax Rate For Calcs": 0.21,
        "Net Income From Continuing Operation Net Minority Interest": 678000.0,
        "Reconciled Depreciation": 1000.0,
        "Normalized Income": 678000.0,
        "Net Income From Continuing And Discontinued Operation": 678000.0,
        "Total Expenses": 363000.0,
        "Diluted NI Availto Com Stockholders": 678000.0,
        "Net Income Common Stockholders": 678000.0,
        "Otherunder Preferred Stock Dividend": 0.0,
        "Net Income": 678000.0,
        "Net Income Including Noncontrolling Interests": 678000.0,
        "Net Income Continuous Operations": 678000.0,
        "Pretax Income": 678000.0,
        "Selling General And Administration": 363000.0,
        "General And Administrative Expense": 363000.0,
        "Other Gand A": 363000.0,
        "Total Revenue": 1041000.0,
        "Operating Revenue": 1041000.0
    },
    "2022-09-30": {
        "Tax Effect Of Unusual Items": 0.0,
        "Tax Rate For Calcs": 0.0,
        "Net Income From Continuing Operation Net Minority Interest": -2157000.0,
        "Reconciled Depreciation": 1000.0,
        "Normalized Income": -2157000.0,
        "Net Income From Continuing And Discontinued Operation": -2157000.0,
        "Total Expenses": 1461000.0,
        "Diluted Average Shares": 5781587.0,
        "Basic Average Shares": 5781587.0,
        "Diluted EPS": -0.37,
        "Basic EPS": -0.37,
        "Diluted NI Availto Com Stockholders": -2157000.0,
        "Net Income Common Stockholders": -2157000.0,
        "Otherunder Preferred Stock Dividend": NaN,
        "Net Income": -2157000.0,
        "Net Income Including Noncontrolling Interests": -2157000.0,
        "Net Income Continuous Operations": -2157000.0,
        "Pretax Income": -2157000.0,
        "Selling General And Administration": 323000.0,
        "General And Administrative Expense": 323000.0,
        "Other Gand A": 323000.0,
        "Total Revenue": -696000.0,
        "Operating Revenue": -696000.0
    },
    "2022-06-30": {
        "Tax Effect Of Unusual Items": 0.0,
        "Tax Rate For Calcs": 0.4,
        "Net Income From Continuing Operation Net Minority Interest": 93000.0,
        "Reconciled Depreciation": 0.0,
        "Normalized Income": 93000.0,
        "Net Income From Continuing And Discontinued Operation": 93000.0,
        "Total Expenses": 410000.0,
        "Diluted Average Shares": 5781586.0,
        "Basic Average Shares": 5781586.0,
        "Diluted EPS": 0.01,
        "Basic EPS": 0.01,
        "Diluted NI Availto Com Stockholders": 77000.0,
        "Net Income Common Stockholders": 77000.0,
        "Otherunder Preferred Stock Dividend": 16000.0,
        "Net Income": 93000.0,
        "Net Income Including Noncontrolling Interests": 93000.0,
        "Net Income Continuous Operations": 93000.0,
        "Pretax Income": 93000.0,
        "Selling General And Administration": 389000.0,
        "General And Administrative Expense": 389000.0,
        "Other Gand A": 389000.0,
        "Total Revenue": 503000.0,
        "Operating Revenue": 503000.0
    },
    "2022-03-31": {
        "Diluted EPS": -0.07,
        "Total Revenue": 0,
        "Gross Profit": 0,
        "Operating Income": 0,
        "EBIT": 0,
        "Net Income": 0
    },
    "2021-12-31": {
        "Diluted EPS": 0.27,
        "Total Revenue": 2,
        "Gross Profit": 2,
        "Operating Income": 2,
        "EBIT": 2,
        "Net Income": 2
    },
    "2021-09-30": {
        "Diluted EPS": 1.14,
        "Total Revenue": 7,
        "Gross Profit": 7,
        "Operating Income": 7,
        "EBIT": 7,
        "Net Income": 7
    },
    "2021-06-30": {
        "Diluted EPS": 0.08,
        "Total Revenue": 1,
        "Gross Profit": 1,
        "Operating Income": 0,
        "EBIT": 0,
        "Net Income": 0
    },
    "2021-03-31": {
        "Diluted EPS": 0.0,
        "Total Revenue": 0,
        "Gross Profit": 0,
        "Operating Income": 0,
        "EBIT": 0,
        "Net Income": 0
    },
    "2020-12-31": {
        "Diluted EPS": 0.03,
        "Total Revenue": 0,
        "Gross Profit": 0,
        "Operating Income": 0,
        "EBIT": 0,
        "Net Income": 0
    },
    "2020-09-30": {
        "Diluted EPS": -0.01,
        "Total Revenue": 0,
        "Gross Profit": 0,
        "Operating Income": 0,
        "EBIT": 0,
        "Net Income": 0
    },
    "2020-06-30": {
        "Diluted EPS": 0.03,
        "Total Revenue": 0,
        "Gross Profit": 0,
        "Operating Income": 0,
        "EBIT": 0,
        "Net Income": 0
    },
    "2020-03-31": {
        "Diluted EPS": -0.06,
        "Total Revenue": 0,
        "Gross Profit": 0,
        "Operating Income": 0,
        "EBIT": 0,
        "Net Income": 0
    },
    "2019-12-31": {
        "Diluted EPS": 0.02,
        "Total Revenue": 0,
        "Gross Profit": 0,
        "Operating Income": 0,
        "EBIT": 0,
        "Net Income": 0
    },
    "2019-09-30": {
        "Diluted EPS": 0.0,
        "Total Revenue": 0,
        "Gross Profit": 0,
        "Operating Income": 0,
        "EBIT": 0,
        "Net Income": 0
    },
    "2019-06-30": {
        "Diluted EPS": -0.04,
        "Total Revenue": 0,
        "Gross Profit": 0,
        "Operating Income": 0,
        "EBIT": 0,
        "Net Income": 0
    },
    "2019-03-31": {
        "Diluted EPS": -0.03,
        "Total Revenue": 0,
        "Gross Profit": 0,
        "Operating Income": 0,
        "EBIT": 0,
        "Net Income": 0
    },
    "2018-12-31": {
        "Diluted EPS": -1.12,
        "Total Revenue": 2,
        "Gross Profit": 2,
        "Operating Income": 1,
        "EBIT": 1,
        "Net Income": -6
    },
    "2018-09-30": {
        "Diluted EPS": 0.11,
        "Total Revenue": 1,
        "Gross Profit": 1,
        "Operating Income": 1,
        "EBIT": 1,
        "Net Income": 1
    },
    "2018-06-30": {
        "Diluted EPS": 0.05,
        "Total Revenue": 1,
        "Gross Profit": 1,
        "Operating Income": 0,
        "EBIT": 0,
        "Net Income": 0
    },
    "2018-03-31": {
        "Diluted EPS": -0.04,
        "Total Revenue": 0,
        "Gross Profit": 0,
        "Operating Income": 0,
        "EBIT": 0,
        "Net Income": 0
    },
    "2017-12-31": {
        "Diluted EPS": 0.01,
        "Total Revenue": 0,
        "Gross Profit": 0,
        "Operating Income": 0,
        "EBIT": 0,
        "Net Income": 0
    },
    "2017-09-30": {
        "Diluted EPS": -3.97,
        "Total Revenue": 19,
        "Gross Profit": 19,
        "Operating Income": 18,
        "EBIT": 18,
        "Net Income": -23
    },
    "2017-06-30": {
        "Diluted EPS": 0.19,
        "Total Revenue": 3,
        "Gross Profit": 3,
        "Operating Income": 2,
        "EBIT": 2,
        "Net Income": 1
    },
    "2017-03-31": {
        "Diluted EPS": 0.22,
        "Total Revenue": 2,
        "Gross Profit": 2,
        "Operating Income": 1,
        "EBIT": 1,
        "Net Income": 1
    },
    "2016-12-31": {
        "Diluted EPS": -0.38,
        "Total Revenue": 12,
        "Gross Profit": 12,
        "Operating Income": 11,
        "EBIT": 11,
        "Net Income": -2
    },
    "2016-09-30": {
        "Diluted EPS": 0.5,
        "Total Revenue": 2,
        "Gross Profit": 2,
        "Operating Income": 2,
        "EBIT": 2,
        "Net Income": 3
    },
    "2016-06-30": {
        "Diluted EPS": 0.14,
        "Total Revenue": 4,
        "Gross Profit": 3,
        "Operating Income": 3,
        "EBIT": 3,
        "Net Income": 1
    },
    "2016-03-31": {
        "Diluted EPS": 0.17,
        "Total Revenue": 2,
        "Gross Profit": 1,
        "Operating Income": 1,
        "EBIT": 1,
        "Net Income": 1
    },
    "2015-12-31": {
        "Diluted EPS": 0.06,
        "Total Revenue": 1,
        "Gross Profit": 1,
        "Operating Income": 0,
        "EBIT": 0,
        "Net Income": 0
    },
    "2015-09-30": {
        "Diluted EPS": 0.12,
        "Total Revenue": 1,
        "Gross Profit": 1,
        "Operating Income": 1,
        "EBIT": 1,
        "Net Income": 1
    },
    "2015-06-30": {
        "Diluted EPS": 0.27,
        "Total Revenue": 2,
        "Gross Profit": 2,
        "Operating Income": 2,
        "EBIT": 2,
        "Net Income": 2
    },
    "2015-03-31": {
        "Diluted EPS": 0.3,
        "Total Revenue": 2,
        "Gross Profit": 2,
        "Operating Income": 2,
        "EBIT": 2,
        "Net Income": 2
    },
    "2014-12-31": {
        "Diluted EPS": 0.28,
        "Total Revenue": 2,
        "Gross Profit": 2,
        "Operating Income": 2,
        "EBIT": 2,
        "Net Income": 2
    },
    "2014-09-30": {
        "Diluted EPS": 0.23,
        "Total Revenue": 2,
        "Gross Profit": 2,
        "Operating Income": 1,
        "EBIT": 1,
        "Net Income": 1
    },
    "2014-06-30": {
        "Diluted EPS": 0.09,
        "Total Revenue": 1,
        "Gross Profit": 1,
        "Operating Income": 1,
        "EBIT": 1,
        "Net Income": 1
    },
    "2014-03-31": {
        "Diluted EPS": 0.28,
        "Total Revenue": 1,
        "Gross Profit": 1,
        "Operating Income": 0,
        "EBIT": 0,
        "Net Income": 0
    },
    "2013-12-31": {
        "Diluted EPS": 0.34,
        "Total Revenue": 1,
        "Gross Profit": 1,
        "Operating Income": 1,
        "EBIT": 1,
        "Net Income": 0
    },
    "2013-09-30": {
        "Diluted EPS": 0.42,
        "Total Revenue": 1,
        "Gross Profit": 1,
        "Operating Income": 1,
        "EBIT": 1,
        "Net Income": 0
    },
    "2023-06-30": {
        "Tax Effect Of Unusual Items": 0.0,
        "Tax Rate For Calcs": 0.0,
        "Net Income From Continuing Operation Net Minority Interest": -6000.0,
        "Reconciled Depreciation": 1000.0,
        "Normalized Income": -6000.0,
        "Net Income From Continuing And Discontinued Operation": -6000.0,
        "Total Expenses": 697000.0,
        "Diluted NI Availto Com Stockholders": -85000.0,
        "Net Income Common Stockholders": -85000.0,
        "Otherunder Preferred Stock Dividend": 79000.0,
        "Net Income": -6000.0,
        "Net Income Including Noncontrolling Interests": -6000.0,
        "Net Income Continuous Operations": -6000.0,
        "Pretax Income": -6000.0,
        "Selling General And Administration": 677000.0,
        "General And Administrative Expense": 677000.0,
        "Other Gand A": 677000.0,
        "Total Revenue": 691000.0,
        "Operating Revenue": 691000.0
    },
    "2023-09-30": {
        "Tax Effect Of Unusual Items": 0.0,
        "Tax Rate For Calcs": 0.0,
        "Net Income From Continuing Operation Net Minority Interest": -7069000.0,
        "Reconciled Depreciation": 2000.0,
        "Normalized Income": -7069000.0,
        "Net Income From Continuing And Discontinued Operation": -7069000.0,
        "Total Expenses": 688000.0,
        "Diluted NI Availto Com Stockholders": -7300000.0,
        "Net Income Common Stockholders": -7300000.0,
        "Otherunder Preferred Stock Dividend": 231000.0,
        "Net Income": -7069000.0,
        "Net Income Including Noncontrolling Interests": -7069000.0,
        "Net Income Continuous Operations": -7069000.0,
        "Pretax Income": -7069000.0,
        "Selling General And Administration": 628000.0,
        "General And Administrative Expense": 628000.0,
        "Other Gand A": 628000.0,
        "Total Revenue": -6381000.0,
        "Operating Revenue": -6381000.0
    }
}