{
    "2023-03-31": {
        "Tax Effect Of Unusual Items": NaN,
        "Tax Rate For Calcs": NaN,
        "Normalized EBITDA": NaN,
        "Total Unusual Items": NaN,
        "Total Unusual Items Excluding Goodwill": NaN,
        "Net Income From Continuing Operation Net Minority Interest": NaN,
        "Reconciled Depreciation": NaN,
        "Reconciled Cost Of Revenue": NaN,
        "EBITDA": NaN,
        "EBIT": NaN,
        "Net Interest Income": NaN,
        "Interest Expense": NaN,
        "Interest Income": NaN,
        "Normalized Income": NaN,
        "Net Income From Continuing And Discontinued Operation": NaN,
        "Total Expenses": NaN,
        "Diluted Average Shares": NaN,
        "Basic Average Shares": NaN,
        "Diluted EPS": NaN,
        "Basic EPS": NaN,
        "Diluted NI Availto Com Stockholders": NaN,
        "Average Dilution Earnings": NaN,
        "Net Income Common Stockholders": NaN,
        "Otherunder Preferred Stock Dividend": NaN,
        "Preferred Stock Dividends": NaN,
        "Net Income": NaN,
        "Minority Interests": NaN,
        "Net Income Including Noncontrolling Interests": NaN,
        "Net Income Discontinuous Operations": 0.0,
        "Net Income Continuous Operations": NaN,
        "Tax Provision": NaN,
        "Pretax Income": NaN,
        "Other Income Expense": NaN,
        "Special Income Charges": NaN,
        "Gain On Sale Of Ppe": NaN,
        "Gain On Sale Of Business": NaN,
        "Write Off": NaN,
        "Restructuring And Mergern Acquisition": NaN,
        "Earnings From Equity Interest": NaN,
        "Net Non Operating Interest Income Expense": NaN,
        "Interest Expense Non Operating": NaN,
        "Interest Income Non Operating": NaN,
        "Operating Income": NaN,
        "Operating Expense": NaN,
        "Other Operating Expenses": NaN,
        "Other Taxes": NaN,
        "Selling General And Administration": NaN,
        "Gross Profit": NaN,
        "Cost Of Revenue": NaN,
        "Total Revenue": NaN,
        "Operating Revenue": NaN
    },
    "2022-12-31": {
        "Tax Effect Of Unusual Items": NaN,
        "Tax Rate For Calcs": NaN,
        "Normalized EBITDA": NaN,
        "Total Unusual Items": NaN,
        "Total Unusual Items Excluding Goodwill": NaN,
        "Net Income From Continuing Operation Net Minority Interest": NaN,
        "Reconciled Depreciation": NaN,
        "Reconciled Cost Of Revenue": NaN,
        "EBITDA": NaN,
        "EBIT": NaN,
        "Net Interest Income": NaN,
        "Interest Expense": NaN,
        "Interest Income": NaN,
        "Normalized Income": NaN,
        "Net Income From Continuing And Discontinued Operation": NaN,
        "Total Expenses": NaN,
        "Diluted Average Shares": NaN,
        "Basic Average Shares": NaN,
        "Diluted EPS": NaN,
        "Basic EPS": NaN,
        "Diluted NI Availto Com Stockholders": NaN,
        "Average Dilution Earnings": NaN,
        "Net Income Common Stockholders": NaN,
        "Otherunder Preferred Stock Dividend": NaN,
        "Preferred Stock Dividends": NaN,
        "Net Income": NaN,
        "Minority Interests": NaN,
        "Net Income Including Noncontrolling Interests": NaN,
        "Net Income Discontinuous Operations": 0.0,
        "Net Income Continuous Operations": NaN,
        "Tax Provision": NaN,
        "Pretax Income": NaN,
        "Other Income Expense": NaN,
        "Special Income Charges": NaN,
        "Gain On Sale Of Ppe": NaN,
        "Gain On Sale Of Business": NaN,
        "Write Off": 0.0,
        "Restructuring And Mergern Acquisition": NaN,
        "Earnings From Equity Interest": NaN,
        "Gain On Sale Of Security": -15000000.0,
        "Net Non Operating Interest Income Expense": NaN,
        "Interest Expense Non Operating": NaN,
        "Interest Income Non Operating": NaN,
        "Operating Income": NaN,
        "Operating Expense": NaN,
        "Other Operating Expenses": NaN,
        "Other Taxes": NaN,
        "Selling General And Administration": NaN,
        "Gross Profit": NaN,
        "Cost Of Revenue": NaN,
        "Total Revenue": NaN,
        "Operating Revenue": NaN
    },
    "2022-09-30": {
        "Tax Effect Of Unusual Items": NaN,
        "Tax Rate For Calcs": NaN,
        "Normalized EBITDA": NaN,
        "Total Unusual Items": NaN,
        "Total Unusual Items Excluding Goodwill": NaN,
        "Net Income From Continuing Operation Net Minority Interest": NaN,
        "Reconciled Depreciation": NaN,
        "Reconciled Cost Of Revenue": NaN,
        "EBITDA": NaN,
        "EBIT": NaN,
        "Net Interest Income": NaN,
        "Interest Expense": NaN,
        "Interest Income": NaN,
        "Normalized Income": NaN,
        "Net Income From Continuing And Discontinued Operation": NaN,
        "Total Expenses": NaN,
        "Diluted Average Shares": NaN,
        "Basic Average Shares": NaN,
        "Diluted EPS": NaN,
        "Basic EPS": NaN,
        "Diluted NI Availto Com Stockholders": NaN,
        "Average Dilution Earnings": 1000000.0,
        "Net Income Common Stockholders": NaN,
        "Otherunder Preferred Stock Dividend": NaN,
        "Preferred Stock Dividends": NaN,
        "Net Income": NaN,
        "Net Income Including Noncontrolling Interests": NaN,
        "Net Income Discontinuous Operations": 0.0,
        "Net Income Continuous Operations": NaN,
        "Earnings From Equity Interest Net Of Tax": 196000000.0,
        "Tax Provision": NaN,
        "Pretax Income": NaN,
        "Other Income Expense": NaN,
        "Special Income Charges": NaN,
        "Gain On Sale Of Ppe": 74000000.0,
        "Gain On Sale Of Business": 74000000.0,
        "Write Off": 0.0,
        "Restructuring And Mergern Acquisition": NaN,
        "Earnings From Equity Interest": NaN,
        "Gain On Sale Of Security": 70000000.0,
        "Net Non Operating Interest Income Expense": NaN,
        "Interest Expense Non Operating": NaN,
        "Interest Income Non Operating": NaN,
        "Operating Income": NaN,
        "Operating Expense": NaN,
        "Other Operating Expenses": NaN,
        "Other Taxes": NaN,
        "Selling General And Administration": NaN,
        "Gross Profit": NaN,
        "Cost Of Revenue": NaN,
        "Total Revenue": NaN,
        "Operating Revenue": NaN
    },
    "2022-06-30": {
        "Tax Effect Of Unusual Items": 34250000.0,
        "Tax Rate For Calcs": 0.25,
        "Normalized EBITDA": 6490000000.0,
        "Total Unusual Items": 137000000.0,
        "Total Unusual Items Excluding Goodwill": 137000000.0,
        "Net Income From Continuing Operation Net Minority Interest": 3755000000.0,
        "Reconciled Depreciation": 1728000000.0,
        "Reconciled Cost Of Revenue": 4963000000.0,
        "EBITDA": 6627000000.0,
        "EBIT": 4899000000.0,
        "Net Interest Income": -78000000.0,
        "Interest Expense": 114000000.0,
        "Interest Income": 36000000.0,
        "Normalized Income": 3652250000.0,
        "Net Income From Continuing And Discontinued Operation": 3755000000.0,
        "Total Expenses": 5950000000.0,
        "Diluted Average Shares": 1018300000.0,
        "Basic Average Shares": 939200000.0,
        "Diluted EPS": 3.47,
        "Basic EPS": 3.76,
        "Diluted NI Availto Com Stockholders": 3529000000.0,
        "Average Dilution Earnings": 2000000.0,
        "Net Income Common Stockholders": 3527000000.0,
        "Otherunder Preferred Stock Dividend": 28000000.0,
        "Preferred Stock Dividends": 200000000.0,
        "Net Income": 3755000000.0,
        "Net Income Including Noncontrolling Interests": 3755000000.0,
        "Net Income Discontinuous Operations": 0.0,
        "Net Income Continuous Operations": 3755000000.0,
        "Earnings From Equity Interest Net Of Tax": 201000000.0,
        "Tax Provision": 1231000000.0,
        "Pretax Income": 4785000000.0,
        "Other Income Expense": 137000000.0,
        "Special Income Charges": 10000000.0,
        "Gain On Sale Of Ppe": NaN,
        "Gain On Sale Of Business": 23000000.0,
        "Write Off": 0.0,
        "Restructuring And Mergern Acquisition": 13000000.0,
        "Earnings From Equity Interest": NaN,
        "Gain On Sale Of Security": 127000000.0,
        "Net Non Operating Interest Income Expense": -78000000.0,
        "Interest Expense Non Operating": 114000000.0,
        "Interest Income Non Operating": 36000000.0,
        "Operating Income": 4726000000.0,
        "Operating Expense": 987000000.0,
        "Other Operating Expenses": 317000000.0,
        "Other Taxes": 426000000.0,
        "Selling General And Administration": 244000000.0,
        "Gross Profit": 5713000000.0,
        "Cost Of Revenue": 4963000000.0,
        "Total Revenue": 10676000000.0,
        "Operating Revenue": 10351000000.0
    },
    "2023-06-30": {
        "Tax Effect Of Unusual Items": NaN,
        "Tax Rate For Calcs": NaN,
        "Normalized EBITDA": NaN,
        "Total Unusual Items": NaN,
        "Total Unusual Items Excluding Goodwill": NaN,
        "Net Income From Continuing Operation Net Minority Interest": NaN,
        "Reconciled Depreciation": NaN,
        "Reconciled Cost Of Revenue": NaN,
        "EBITDA": NaN,
        "EBIT": NaN,
        "Net Interest Income": NaN,
        "Interest Expense": NaN,
        "Interest Income": NaN,
        "Normalized Income": NaN,
        "Net Income From Continuing And Discontinued Operation": NaN,
        "Total Expenses": NaN,
        "Diluted Average Shares": NaN,
        "Basic Average Shares": NaN,
        "Diluted EPS": NaN,
        "Basic EPS": NaN,
        "Diluted NI Availto Com Stockholders": NaN,
        "Average Dilution Earnings": 0.0,
        "Net Income Common Stockholders": NaN,
        "Otherunder Preferred Stock Dividend": NaN,
        "Preferred Stock Dividends": NaN,
        "Net Income": NaN,
        "Minority Interests": 0.0,
        "Net Income Including Noncontrolling Interests": NaN,
        "Net Income Discontinuous Operations": 0.0,
        "Net Income Continuous Operations": NaN,
        "Tax Provision": NaN,
        "Pretax Income": NaN,
        "Other Income Expense": NaN,
        "Special Income Charges": NaN,
        "Gain On Sale Of Ppe": NaN,
        "Gain On Sale Of Business": 1000000.0,
        "Write Off": 209000000.0,
        "Restructuring And Mergern Acquisition": NaN,
        "Earnings From Equity Interest": NaN,
        "Net Non Operating Interest Income Expense": NaN,
        "Interest Expense Non Operating": NaN,
        "Interest Income Non Operating": NaN,
        "Operating Income": NaN,
        "Operating Expense": NaN,
        "Other Operating Expenses": NaN,
        "Other Taxes": NaN,
        "Selling General And Administration": NaN,
        "Gross Profit": NaN,
        "Cost Of Revenue": NaN,
        "Total Revenue": NaN,
        "Operating Revenue": NaN
    },
    "2022-03-31": {
        "Diluted EPS": 4.65,
        "Total Revenue": NaN,
        "Gross Profit": NaN,
        "Operating Income": NaN,
        "EBIT": NaN,
        "Net Income": NaN
    },
    "2021-12-31": {
        "Diluted EPS": 1.39,
        "Total Revenue": NaN,
        "Gross Profit": NaN,
        "Operating Income": NaN,
        "EBIT": NaN,
        "Net Income": NaN
    },
    "2021-09-30": {
        "Diluted EPS": 0.65,
        "Total Revenue": NaN,
        "Gross Profit": NaN,
        "Operating Income": NaN,
        "EBIT": NaN,
        "Net Income": 623
    },
    "2021-06-30": {
        "Diluted EPS": -0.1,
        "Total Revenue": NaN,
        "Gross Profit": NaN,
        "Operating Income": 366,
        "EBIT": NaN,
        "Net Income": -97
    },
    "2021-03-31": {
        "Diluted EPS": -0.36,
        "Total Revenue": NaN,
        "Gross Profit": NaN,
        "Operating Income": -84,
        "EBIT": NaN,
        "Net Income": -346
    },
    "2020-12-31": {
        "Diluted EPS": -1.38,
        "Total Revenue": NaN,
        "Gross Profit": NaN,
        "Operating Income": NaN,
        "EBIT": 618,
        "Net Income": NaN
    },
    "2020-09-30": {
        "Diluted EPS": -4.07,
        "Total Revenue": NaN,
        "Gross Profit": NaN,
        "Operating Income": NaN,
        "EBIT": NaN,
        "Net Income": NaN
    },
    "2020-06-30": {
        "Diluted EPS": -9.12,
        "Total Revenue": NaN,
        "Gross Profit": NaN,
        "Operating Income": NaN,
        "EBIT": NaN,
        "Net Income": NaN
    },
    "2020-03-31": {
        "Diluted EPS": -2.49,
        "Total Revenue": NaN,
        "Gross Profit": NaN,
        "Operating Income": NaN,
        "EBIT": NaN,
        "Net Income": NaN
    },
    "2019-12-31": {
        "Diluted EPS": -1.82,
        "Total Revenue": NaN,
        "Gross Profit": NaN,
        "Operating Income": NaN,
        "EBIT": NaN,
        "Net Income": NaN
    },
    "2019-09-30": {
        "Diluted EPS": -1.08,
        "Total Revenue": NaN,
        "Gross Profit": NaN,
        "Operating Income": -541,
        "EBIT": NaN,
        "Net Income": -912
    },
    "2019-06-30": {
        "Diluted EPS": 0.84,
        "Total Revenue": NaN,
        "Gross Profit": NaN,
        "Operating Income": 941,
        "EBIT": NaN,
        "Net Income": 635
    },
    "2019-03-31": {
        "Diluted EPS": 0.84,
        "Total Revenue": NaN,
        "Gross Profit": NaN,
        "Operating Income": 856,
        "EBIT": NaN,
        "Net Income": 628
    },
    "2018-12-31": {
        "Diluted EPS": 0.93,
        "Total Revenue": NaN,
        "Gross Profit": NaN,
        "Operating Income": 973,
        "EBIT": NaN,
        "Net Income": 709
    },
    "2018-09-30": {
        "Diluted EPS": 2.44,
        "Total Revenue": NaN,
        "Gross Profit": NaN,
        "Operating Income": NaN,
        "EBIT": NaN,
        "Net Income": NaN
    },
    "2018-06-30": {
        "Diluted EPS": 1.1,
        "Total Revenue": NaN,
        "Gross Profit": NaN,
        "Operating Income": NaN,
        "EBIT": NaN,
        "Net Income": 848
    },
    "2018-03-31": {
        "Diluted EPS": 0.92,
        "Total Revenue": NaN,
        "Gross Profit": NaN,
        "Operating Income": 984,
        "EBIT": NaN,
        "Net Income": 705
    },
    "2017-12-31": {
        "Diluted EPS": 0.64,
        "Total Revenue": NaN,
        "Gross Profit": NaN,
        "Operating Income": 343,
        "EBIT": NaN,
        "Net Income": 494
    },
    "2017-09-30": {
        "Diluted EPS": 0.25,
        "Total Revenue": NaN,
        "Gross Profit": NaN,
        "Operating Income": 215,
        "EBIT": NaN,
        "Net Income": 189
    },
    "2017-06-30": {
        "Diluted EPS": 0.66,
        "Total Revenue": NaN,
        "Gross Profit": NaN,
        "Operating Income": 605,
        "EBIT": NaN,
        "Net Income": 505
    },
    "2017-03-31": {
        "Diluted EPS": 0.15,
        "Total Revenue": NaN,
        "Gross Profit": NaN,
        "Operating Income": 165,
        "EBIT": NaN,
        "Net Income": 117
    },
    "2016-12-31": {
        "Diluted EPS": -0.35,
        "Total Revenue": NaN,
        "Gross Profit": NaN,
        "Operating Income": -640,
        "EBIT": 520,
        "Net Income": -272
    },
    "2016-09-30": {
        "Diluted EPS": -0.32,
        "Total Revenue": NaN,
        "Gross Profit": NaN,
        "Operating Income": -326,
        "EBIT": 813,
        "Net Income": -241
    },
    "2016-06-30": {
        "Diluted EPS": -0.18,
        "Total Revenue": NaN,
        "Gross Profit": NaN,
        "Operating Income": -283,
        "EBIT": 902,
        "Net Income": -139
    },
    "2016-03-31": {
        "Diluted EPS": 0.1,
        "Total Revenue": NaN,
        "Gross Profit": 842,
        "Operating Income": -596,
        "EBIT": 586,
        "Net Income": 78
    },
    "2015-12-31": {
        "Diluted EPS": -6.76,
        "Total Revenue": NaN,
        "Gross Profit": NaN,
        "Operating Income": NaN,
        "EBIT": NaN,
        "Net Income": NaN
    },
    "2015-09-30": {
        "Diluted EPS": -3.42,
        "Total Revenue": NaN,
        "Gross Profit": NaN,
        "Operating Income": NaN,
        "EBIT": NaN,
        "Net Income": NaN
    },
    "2015-06-30": {
        "Diluted EPS": 0.23,
        "Total Revenue": NaN,
        "Gross Profit": NaN,
        "Operating Income": 446,
        "EBIT": NaN,
        "Net Income": 176
    },
    "2015-03-31": {
        "Diluted EPS": -0.28,
        "Total Revenue": NaN,
        "Gross Profit": NaN,
        "Operating Income": -270,
        "EBIT": 820,
        "Net Income": -218
    },
    "2014-12-31": {
        "Diluted EPS": -4.33,
        "Total Revenue": NaN,
        "Gross Profit": NaN,
        "Operating Income": NaN,
        "EBIT": NaN,
        "Net Income": NaN
    },
    "2014-09-30": {
        "Diluted EPS": 1.55,
        "Total Revenue": NaN,
        "Gross Profit": NaN,
        "Operating Income": NaN,
        "EBIT": NaN,
        "Net Income": NaN
    },
    "2014-06-30": {
        "Diluted EPS": 1.82,
        "Total Revenue": NaN,
        "Gross Profit": NaN,
        "Operating Income": NaN,
        "EBIT": NaN,
        "Net Income": NaN
    },
    "2014-03-31": {
        "Diluted EPS": 1.75,
        "Total Revenue": NaN,
        "Gross Profit": NaN,
        "Operating Income": NaN,
        "EBIT": NaN,
        "Net Income": NaN
    },
    "2013-12-31": {
        "Diluted EPS": 2.04,
        "Total Revenue": NaN,
        "Gross Profit": NaN,
        "Operating Income": 983,
        "EBIT": NaN,
        "Net Income": NaN
    },
    "2013-09-30": {
        "Diluted EPS": 1.96,
        "Total Revenue": NaN,
        "Gross Profit": NaN,
        "Operating Income": NaN,
        "EBIT": NaN,
        "Net Income": NaN
    },
    "2013-06-30": {
        "Diluted EPS": 1.64,
        "Total Revenue": NaN,
        "Gross Profit": NaN,
        "Operating Income": NaN,
        "EBIT": NaN,
        "Net Income": NaN
    },
    "2013-03-31": {
        "Diluted EPS": 1.68,
        "Total Revenue": NaN,
        "Gross Profit": NaN,
        "Operating Income": NaN,
        "EBIT": NaN,
        "Net Income": NaN
    },
    "2012-12-31": {
        "Diluted EPS": 0.42,
        "Total Revenue": NaN,
        "Gross Profit": NaN,
        "Operating Income": 922,
        "EBIT": NaN,
        "Net Income": 344
    },
    "2012-09-30": {
        "Diluted EPS": 1.69,
        "Total Revenue": NaN,
        "Gross Profit": NaN,
        "Operating Income": NaN,
        "EBIT": NaN,
        "Net Income": NaN
    },
    "2012-06-30": {
        "Diluted EPS": 1.64,
        "Total Revenue": NaN,
        "Gross Profit": NaN,
        "Operating Income": NaN,
        "EBIT": NaN,
        "Net Income": NaN
    },
    "2012-03-31": {
        "Diluted EPS": 1.92,
        "Total Revenue": NaN,
        "Gross Profit": NaN,
        "Operating Income": NaN,
        "EBIT": NaN,
        "Net Income": NaN
    },
    "2011-12-31": {
        "Diluted EPS": 2.02,
        "Total Revenue": NaN,
        "Gross Profit": NaN,
        "Operating Income": NaN,
        "EBIT": NaN,
        "Net Income": NaN
    },
    "2011-09-30": {
        "Diluted EPS": 2.17,
        "Total Revenue": NaN,
        "Gross Profit": NaN,
        "Operating Income": NaN,
        "EBIT": NaN,
        "Net Income": NaN
    },
    "2011-06-30": {
        "Diluted EPS": 2.23,
        "Total Revenue": NaN,
        "Gross Profit": NaN,
        "Operating Income": NaN,
        "EBIT": NaN,
        "Net Income": NaN
    },
    "2011-03-31": {
        "Diluted EPS": 1.9,
        "Total Revenue": NaN,
        "Gross Profit": NaN,
        "Operating Income": NaN,
        "EBIT": NaN,
        "Net Income": NaN
    },
    "2010-12-31": {
        "Diluted EPS": 1.48,
        "Total Revenue": NaN,
        "Gross Profit": NaN,
        "Operating Income": NaN,
        "EBIT": NaN,
        "Net Income": NaN
    },
    "2010-09-30": {
        "Diluted EPS": 1.46,
        "Total Revenue": NaN,
        "Gross Profit": NaN,
        "Operating Income": NaN,
        "EBIT": NaN,
        "Net Income": NaN
    },
    "2010-06-30": {
        "Diluted EPS": 1.31,
        "Total Revenue": NaN,
        "Gross Profit": NaN,
        "Operating Income": NaN,
        "EBIT": NaN,
        "Net Income": NaN
    },
    "2010-03-31": {
        "Diluted EPS": 1.31,
        "Total Revenue": NaN,
        "Gross Profit": NaN,
        "Operating Income": NaN,
        "EBIT": NaN,
        "Net Income": NaN
    },
    "2009-12-31": {
        "Diluted EPS": 1.15,
        "Total Revenue": NaN,
        "Gross Profit": NaN,
        "Operating Income": NaN,
        "EBIT": NaN,
        "Net Income": 938
    },
    "2009-09-30": {
        "Diluted EPS": 1.14,
        "Total Revenue": NaN,
        "Gross Profit": NaN,
        "Operating Income": NaN,
        "EBIT": NaN,
        "Net Income": 927
    },
    "2009-06-30": {
        "Diluted EPS": 0.84,
        "Total Revenue": NaN,
        "Gross Profit": NaN,
        "Operating Income": NaN,
        "EBIT": NaN,
        "Net Income": 682
    },
    "2009-03-31": {
        "Diluted EPS": 0.45,
        "Total Revenue": NaN,
        "Gross Profit": NaN,
        "Operating Income": 579,
        "EBIT": NaN,
        "Net Income": 368
    },
    "2023-09-30": {
        "Tax Effect Of Unusual Items": 53760000.0,
        "Tax Rate For Calcs": 0.28,
        "Normalized EBITDA": 3559000000.0,
        "Total Unusual Items": 192000000.0,
        "Total Unusual Items Excluding Goodwill": 192000000.0,
        "Net Income From Continuing Operation Net Minority Interest": 1375000000.0,
        "Reconciled Depreciation": 1712000000.0,
        "Reconciled Cost Of Revenue": 4466000000.0,
        "EBITDA": 3751000000.0,
        "EBIT": 2039000000.0,
        "Net Interest Income": -180000000.0,
        "Interest Expense": 230000000.0,
        "Interest Income": 50000000.0,
        "Normalized Income": 1236760000.0,
        "Net Income From Continuing And Discontinued Operation": 1375000000.0,
        "Total Expenses": 5467000000.0,
        "Diluted Average Shares": 958200000.0,
        "Basic Average Shares": 884000000.0,
        "Diluted EPS": 1.2,
        "Basic EPS": 1.3,
        "Diluted NI Availto Com Stockholders": 1150000000.0,
        "Average Dilution Earnings": -6000000.0,
        "Net Income Common Stockholders": 1149000000.0,
        "Otherunder Preferred Stock Dividend": 7000000.0,
        "Preferred Stock Dividends": 219000000.0,
        "Net Income": 1375000000.0,
        "Minority Interests": 0.0,
        "Net Income Including Noncontrolling Interests": 1375000000.0,
        "Net Income Discontinuous Operations": 0.0,
        "Net Income Continuous Operations": 1375000000.0,
        "Tax Provision": 434000000.0,
        "Pretax Income": 1809000000.0,
        "Other Income Expense": 298000000.0,
        "Special Income Charges": 192000000.0,
        "Gain On Sale Of Ppe": 192000000.0,
        "Gain On Sale Of Business": NaN,
        "Write Off": 0.0,
        "Restructuring And Mergern Acquisition": 0.0,
        "Earnings From Equity Interest": 106000000.0,
        "Net Non Operating Interest Income Expense": -180000000.0,
        "Interest Expense Non Operating": 230000000.0,
        "Interest Income Non Operating": 50000000.0,
        "Operating Income": 1691000000.0,
        "Operating Expense": 1001000000.0,
        "Other Operating Expenses": 453000000.0,
        "Other Taxes": 290000000.0,
        "Selling General And Administration": 258000000.0,
        "Gross Profit": 2692000000.0,
        "Cost Of Revenue": 4466000000.0,
        "Total Revenue": 7158000000.0,
        "Operating Revenue": 7271000000.0
    },
    "2023-12-31": {
        "Tax Effect Of Unusual Items": 69236048.749198,
        "Tax Rate For Calcs": 0.231559,
        "Normalized EBITDA": 3230000000.0,
        "Total Unusual Items": 299000000.0,
        "Total Unusual Items Excluding Goodwill": 299000000.0,
        "Net Income From Continuing Operation Net Minority Interest": 1198000000.0,
        "Reconciled Depreciation": 1723000000.0,
        "Reconciled Cost Of Revenue": 4758000000.0,
        "EBITDA": 3529000000.0,
        "EBIT": 1806000000.0,
        "Net Interest Income": -215000000.0,
        "Interest Expense": 247000000.0,
        "Interest Income": 32000000.0,
        "Normalized Income": 968236048.749198,
        "Net Income From Continuing And Discontinued Operation": 1198000000.0,
        "Total Expenses": 5840000000.0,
        "Diluted Average Shares": 950100000.0,
        "Basic Average Shares": 881000000.0,
        "Diluted EPS": 1.08,
        "Basic EPS": 1.16,
        "Diluted NI Availto Com Stockholders": 1022000000.0,
        "Average Dilution Earnings": NaN,
        "Net Income Common Stockholders": 1023000000.0,
        "Otherunder Preferred Stock Dividend": 6000000.0,
        "Preferred Stock Dividends": 169000000.0,
        "Net Income": 1198000000.0,
        "Minority Interests": NaN,
        "Net Income Including Noncontrolling Interests": 1198000000.0,
        "Net Income Discontinuous Operations": NaN,
        "Net Income Continuous Operations": 1198000000.0,
        "Tax Provision": 361000000.0,
        "Pretax Income": 1559000000.0,
        "Other Income Expense": 442000000.0,
        "Special Income Charges": 299000000.0,
        "Gain On Sale Of Ppe": 325000000.0,
        "Gain On Sale Of Business": NaN,
        "Write Off": 0.0,
        "Restructuring And Mergern Acquisition": 26000000.0,
        "Earnings From Equity Interest": 143000000.0,
        "Net Non Operating Interest Income Expense": -215000000.0,
        "Interest Expense Non Operating": 247000000.0,
        "Interest Income Non Operating": 32000000.0,
        "Operating Income": 1332000000.0,
        "Operating Expense": 1082000000.0,
        "Other Operating Expenses": 550000000.0,
        "Other Taxes": 225000000.0,
        "Selling General And Administration": 307000000.0,
        "Gross Profit": 2414000000.0,
        "Cost Of Revenue": 4758000000.0,
        "Total Revenue": 7172000000.0,
        "Operating Revenue": 7338000000.0
    },
    "2024-03-31": {
        "Tax Effect Of Unusual Items": -3900000.0,
        "Tax Rate For Calcs": 0.3,
        "Normalized EBITDA": 3000000000.0,
        "Total Unusual Items": -13000000.0,
        "Total Unusual Items Excluding Goodwill": -13000000.0,
        "Net Income From Continuing Operation Net Minority Interest": 706000000.0,
        "Reconciled Depreciation": 1693000000.0,
        "Reconciled Cost Of Revenue": 4035000000.0,
        "EBITDA": 2987000000.0,
        "EBIT": 1294000000.0,
        "Net Interest Income": -248000000.0,
        "Interest Expense": 284000000.0,
        "Interest Income": 36000000.0,
        "Normalized Income": 715100000.0,
        "Net Income From Continuing And Discontinued Operation": 888000000.0,
        "Total Expenses": 5005000000.0,
        "Diluted Average Shares": 948600000.0,
        "Basic Average Shares": 884100000.0,
        "Diluted EPS": 0.75,
        "Basic EPS": 0.81,
        "Diluted NI Availto Com Stockholders": 714000000.0,
        "Average Dilution Earnings": NaN,
        "Net Income Common Stockholders": 714000000.0,
        "Otherunder Preferred Stock Dividend": 4000000.0,
        "Preferred Stock Dividends": 170000000.0,
        "Net Income": 888000000.0,
        "Minority Interests": NaN,
        "Net Income Including Noncontrolling Interests": 888000000.0,
        "Net Income Discontinuous Operations": 182000000.0,
        "Net Income Continuous Operations": 706000000.0,
        "Tax Provision": 304000000.0,
        "Pretax Income": 1010000000.0,
        "Other Income Expense": 288000000.0,
        "Special Income Charges": -13000000.0,
        "Gain On Sale Of Ppe": -1000000.0,
        "Gain On Sale Of Business": NaN,
        "Write Off": NaN,
        "Restructuring And Mergern Acquisition": 12000000.0,
        "Earnings From Equity Interest": 301000000.0,
        "Net Non Operating Interest Income Expense": -248000000.0,
        "Interest Expense Non Operating": 284000000.0,
        "Interest Income Non Operating": 36000000.0,
        "Operating Income": 970000000.0,
        "Operating Expense": 970000000.0,
        "Other Operating Expenses": 476000000.0,
        "Other Taxes": 235000000.0,
        "Selling General And Administration": 259000000.0,
        "Gross Profit": 1940000000.0,
        "Cost Of Revenue": 4035000000.0,
        "Total Revenue": 5975000000.0,
        "Operating Revenue": 6731000000.0
    },
    "2024-06-30": {
        "Tax Effect Of Unusual Items": 3920000.0,
        "Tax Rate For Calcs": 0.28,
        "Normalized EBITDA": 3648000000.0,
        "Total Unusual Items": 14000000.0,
        "Total Unusual Items Excluding Goodwill": 14000000.0,
        "Net Income From Continuing Operation Net Minority Interest": 1162000000.0,
        "Reconciled Depreciation": 1775000000.0,
        "Reconciled Cost Of Revenue": 4269000000.0,
        "EBITDA": 3662000000.0,
        "EBIT": 1887000000.0,
        "Net Interest Income": -218000000.0,
        "Interest Expense": 252000000.0,
        "Interest Income": 34000000.0,
        "Normalized Income": 1151920000.0,
        "Net Income From Continuing And Discontinued Operation": 1162000000.0,
        "Total Expenses": 5220000000.0,
        "Diluted Average Shares": 958900000.0,
        "Basic Average Shares": 893800000.0,
        "Diluted EPS": 1.03,
        "Basic EPS": 1.1,
        "Diluted NI Availto Com Stockholders": 985000000.0,
        "Average Dilution Earnings": NaN,
        "Net Income Common Stockholders": 985000000.0,
        "Otherunder Preferred Stock Dividend": 7000000.0,
        "Preferred Stock Dividends": 170000000.0,
        "Net Income": 1162000000.0,
        "Minority Interests": -8000000.0,
        "Net Income Including Noncontrolling Interests": 1170000000.0,
        "Net Income Discontinuous Operations": 0.0,
        "Net Income Continuous Operations": 1170000000.0,
        "Tax Provision": 465000000.0,
        "Pretax Income": 1635000000.0,
        "Other Income Expense": 256000000.0,
        "Special Income Charges": 14000000.0,
        "Gain On Sale Of Ppe": 28000000.0,
        "Gain On Sale Of Business": NaN,
        "Write Off": 0.0,
        "Restructuring And Mergern Acquisition": 14000000.0,
        "Earnings From Equity Interest": 242000000.0,
        "Net Non Operating Interest Income Expense": -218000000.0,
        "Interest Expense Non Operating": 252000000.0,
        "Interest Income Non Operating": 34000000.0,
        "Operating Income": 1597000000.0,
        "Operating Expense": 951000000.0,
        "Other Operating Expenses": 427000000.0,
        "Other Taxes": 265000000.0,
        "Selling General And Administration": 259000000.0,
        "Gross Profit": 2548000000.0,
        "Cost Of Revenue": 4269000000.0,
        "Total Revenue": 6817000000.0,
        "Operating Revenue": 6802000000.0
    },
    "2024-09-30": {
        "Tax Effect Of Unusual Items": -41720000.0,
        "Tax Rate For Calcs": 0.28,
        "Normalized EBITDA": 3981000000.0,
        "Total Unusual Items": -149000000.0,
        "Total Unusual Items Excluding Goodwill": -149000000.0,
        "Net Income From Continuing Operation Net Minority Interest": 1133000000.0,
        "Reconciled Depreciation": 1926000000.0,
        "Reconciled Cost Of Revenue": 4429000000.0,
        "EBITDA": 3832000000.0,
        "EBIT": 1906000000.0,
        "Net Interest Income": -252000000.0,
        "Interest Expense": 312000000.0,
        "Interest Income": 60000000.0,
        "Normalized Income": 1240280000.0,
        "Net Income From Continuing And Discontinued Operation": 1133000000.0,
        "Total Expenses": 5344000000.0,
        "Diluted Average Shares": 975700000.0,
        "Basic Average Shares": 927500000.0,
        "Diluted EPS": 0.98,
        "Basic EPS": 1.03,
        "Diluted NI Availto Com Stockholders": 960000000.0,
        "Average Dilution Earnings": -4000000.0,
        "Net Income Common Stockholders": 959000000.0,
        "Otherunder Preferred Stock Dividend": 5000000.0,
        "Preferred Stock Dividends": 169000000.0,
        "Net Income": 1133000000.0,
        "Minority Interests": -7000000.0,
        "Net Income Including Noncontrolling Interests": 1140000000.0,
        "Net Income Discontinuous Operations": 0.0,
        "Net Income Continuous Operations": 1140000000.0,
        "Tax Provision": 454000000.0,
        "Pretax Income": 1594000000.0,
        "Other Income Expense": 17000000.0,
        "Special Income Charges": -149000000.0,
        "Gain On Sale Of Ppe": -79000000.0,
        "Gain On Sale Of Business": NaN,
        "Write Off": 21000000.0,
        "Restructuring And Mergern Acquisition": 49000000.0,
        "Earnings From Equity Interest": 166000000.0,
        "Net Non Operating Interest Income Expense": -252000000.0,
        "Interest Expense Non Operating": 312000000.0,
        "Interest Income Non Operating": 60000000.0,
        "Operating Income": 1829000000.0,
        "Operating Expense": 915000000.0,
        "Other Operating Expenses": 391000000.0,
        "Other Taxes": 256000000.0,
        "Selling General And Administration": 268000000.0,
        "Gross Profit": 2744000000.0,
        "Cost Of Revenue": 4429000000.0,
        "Total Revenue": 7173000000.0,
        "Operating Revenue": 7020000000.0
    }
}