{
    "2023-03-31": {
        "Tax Effect Of Unusual Items": NaN,
        "Tax Rate For Calcs": NaN,
        "Normalized EBITDA": NaN,
        "Total Unusual Items": NaN,
        "Total Unusual Items Excluding Goodwill": NaN,
        "Net Income From Continuing Operation Net Minority Interest": NaN,
        "Reconciled Depreciation": NaN,
        "Reconciled Cost Of Revenue": NaN,
        "EBITDA": NaN,
        "EBIT": NaN,
        "Net Interest Income": NaN,
        "Interest Expense": NaN,
        "Interest Income": NaN,
        "Normalized Income": NaN,
        "Net Income From Continuing And Discontinued Operation": NaN,
        "Total Expenses": NaN,
        "Total Operating Income As Reported": NaN,
        "Diluted Average Shares": 194000000.0,
        "Basic Average Shares": 194000000.0,
        "Diluted EPS": 0.35,
        "Basic EPS": 0.35,
        "Diluted NI Availto Com Stockholders": NaN,
        "Net Income Common Stockholders": NaN,
        "Net Income": NaN,
        "Minority Interests": NaN,
        "Net Income Including Noncontrolling Interests": NaN,
        "Net Income Continuous Operations": NaN,
        "Tax Provision": NaN,
        "Pretax Income": NaN,
        "Other Income Expense": NaN,
        "Other Non Operating Income Expenses": 6000000.0,
        "Special Income Charges": NaN,
        "Gain On Sale Of Ppe": NaN,
        "Earnings From Equity Interest": NaN,
        "Gain On Sale Of Security": NaN,
        "Net Non Operating Interest Income Expense": NaN,
        "Interest Expense Non Operating": NaN,
        "Interest Income Non Operating": NaN,
        "Operating Income": NaN,
        "Operating Expense": NaN,
        "Other Operating Expenses": NaN,
        "Selling General And Administration": NaN,
        "General And Administrative Expense": NaN,
        "Other Gand A": NaN,
        "Gross Profit": NaN,
        "Cost Of Revenue": NaN,
        "Total Revenue": NaN,
        "Operating Revenue": NaN
    },
    "2022-12-31": {
        "Tax Effect Of Unusual Items": NaN,
        "Tax Rate For Calcs": NaN,
        "Normalized EBITDA": NaN,
        "Total Unusual Items": NaN,
        "Total Unusual Items Excluding Goodwill": NaN,
        "Net Income From Continuing Operation Net Minority Interest": NaN,
        "Reconciled Depreciation": NaN,
        "Reconciled Cost Of Revenue": NaN,
        "EBITDA": NaN,
        "EBIT": NaN,
        "Net Interest Income": NaN,
        "Interest Expense": NaN,
        "Normalized Income": NaN,
        "Net Income From Continuing And Discontinued Operation": NaN,
        "Total Expenses": NaN,
        "Total Operating Income As Reported": NaN,
        "Diluted Average Shares": 194000000.0,
        "Basic Average Shares": 194000000.0,
        "Diluted EPS": 0.23,
        "Basic EPS": 0.23,
        "Diluted NI Availto Com Stockholders": NaN,
        "Net Income Common Stockholders": NaN,
        "Net Income": NaN,
        "Minority Interests": NaN,
        "Net Income Including Noncontrolling Interests": NaN,
        "Net Income Continuous Operations": NaN,
        "Tax Provision": NaN,
        "Pretax Income": NaN,
        "Other Income Expense": NaN,
        "Other Non Operating Income Expenses": NaN,
        "Special Income Charges": NaN,
        "Gain On Sale Of Ppe": NaN,
        "Earnings From Equity Interest": NaN,
        "Gain On Sale Of Security": NaN,
        "Net Non Operating Interest Income Expense": NaN,
        "Interest Expense Non Operating": NaN,
        "Operating Income": NaN,
        "Operating Expense": NaN,
        "Other Operating Expenses": NaN,
        "Selling General And Administration": NaN,
        "General And Administrative Expense": NaN,
        "Other Gand A": NaN,
        "Gross Profit": NaN,
        "Cost Of Revenue": NaN,
        "Total Revenue": NaN,
        "Operating Revenue": NaN
    },
    "2022-09-30": {
        "Tax Effect Of Unusual Items": 197822.141561,
        "Tax Rate For Calcs": 0.197822,
        "Normalized EBITDA": 649000000.0,
        "Total Unusual Items": 1000000.0,
        "Total Unusual Items Excluding Goodwill": 1000000.0,
        "Net Income From Continuing Operation Net Minority Interest": 384000000.0,
        "Reconciled Depreciation": 238000000.0,
        "Reconciled Cost Of Revenue": 13309000000.0,
        "EBITDA": 650000000.0,
        "EBIT": 650000000.0,
        "Net Interest Income": -99000000.0,
        "Interest Expense": 99000000.0,
        "Normalized Income": 383197822.141561,
        "Net Income From Continuing And Discontinued Operation": 384000000.0,
        "Total Expenses": 13710000000.0,
        "Total Operating Income As Reported": 626000000.0,
        "Diluted Average Shares": 194000000.0,
        "Basic Average Shares": 194000000.0,
        "Diluted EPS": 0.36,
        "Basic EPS": 0.36,
        "Diluted NI Availto Com Stockholders": 333000000.0,
        "Net Income Common Stockholders": 333000000.0,
        "Otherunder Preferred Stock Dividend": 51000000.0,
        "Net Income": 384000000.0,
        "Minority Interests": -58000000.0,
        "Net Income Including Noncontrolling Interests": 442000000.0,
        "Net Income Continuous Operations": 442000000.0,
        "Tax Provision": 109000000.0,
        "Pretax Income": 551000000.0,
        "Other Income Expense": 24000000.0,
        "Other Non Operating Income Expenses": -82000000.0,
        "Special Income Charges": 0.0,
        "Gain On Sale Of Ppe": 0.0,
        "Earnings From Equity Interest": 105000000.0,
        "Gain On Sale Of Security": 1000000.0,
        "Net Non Operating Interest Income Expense": -99000000.0,
        "Interest Expense Non Operating": 99000000.0,
        "Operating Income": 626000000.0,
        "Operating Expense": 401000000.0,
        "Other Operating Expenses": 318000000.0,
        "Selling General And Administration": 83000000.0,
        "General And Administrative Expense": 83000000.0,
        "Other Gand A": 83000000.0,
        "Gross Profit": 1027000000.0,
        "Cost Of Revenue": 13309000000.0,
        "Total Revenue": 14336000000.0,
        "Operating Revenue": 14336000000.0
    },
    "2022-06-30": {
        "Tax Effect Of Unusual Items": 473154.362416,
        "Tax Rate For Calcs": 0.157718,
        "Normalized EBITDA": 394000000.0,
        "Total Unusual Items": 3000000.0,
        "Total Unusual Items Excluding Goodwill": 3000000.0,
        "Net Income From Continuing Operation Net Minority Interest": 203000000.0,
        "Reconciled Depreciation": 244000000.0,
        "Reconciled Cost Of Revenue": 15566000000.0,
        "EBITDA": 397000000.0,
        "EBIT": 397000000.0,
        "Net Interest Income": -99000000.0,
        "Interest Expense": 99000000.0,
        "Normalized Income": 200473154.362416,
        "Net Income From Continuing And Discontinued Operation": 203000000.0,
        "Total Expenses": 15951000000.0,
        "Total Operating Income As Reported": 411000000.0,
        "Diluted Average Shares": 194000000.0,
        "Basic Average Shares": 194000000.0,
        "Diluted EPS": 0.16,
        "Basic EPS": 0.16,
        "Diluted NI Availto Com Stockholders": 153000000.0,
        "Net Income Common Stockholders": 153000000.0,
        "Otherunder Preferred Stock Dividend": 50000000.0,
        "Net Income": 203000000.0,
        "Minority Interests": -48000000.0,
        "Net Income Including Noncontrolling Interests": 251000000.0,
        "Net Income Continuous Operations": 251000000.0,
        "Tax Provision": 47000000.0,
        "Pretax Income": 298000000.0,
        "Other Income Expense": -11000000.0,
        "Other Non Operating Income Expenses": -118000000.0,
        "Special Income Charges": 3000000.0,
        "Gain On Sale Of Ppe": 3000000.0,
        "Earnings From Equity Interest": 104000000.0,
        "Gain On Sale Of Security": -119000000.0,
        "Net Non Operating Interest Income Expense": -99000000.0,
        "Interest Expense Non Operating": 99000000.0,
        "Operating Income": 408000000.0,
        "Operating Expense": 385000000.0,
        "Other Operating Expenses": 307000000.0,
        "Selling General And Administration": 78000000.0,
        "General And Administrative Expense": 78000000.0,
        "Other Gand A": 78000000.0,
        "Gross Profit": 793000000.0,
        "Cost Of Revenue": 15566000000.0,
        "Total Revenue": 16359000000.0,
        "Operating Revenue": 16359000000.0
    },
    "2022-03-31": {
        "Diluted EPS": 0.11,
        "Total Revenue": NaN,
        "Gross Profit": 563,
        "Operating Income": 291,
        "EBIT": 522,
        "Net Income": 22
    },
    "2021-12-31": {
        "Diluted EPS": 0.42,
        "Total Revenue": NaN,
        "Gross Profit": 908,
        "Operating Income": 597,
        "EBIT": 821,
        "Net Income": 83
    },
    "2021-09-30": {
        "Diluted EPS": -0.12,
        "Total Revenue": NaN,
        "Gross Profit": 428,
        "Operating Income": -40,
        "EBIT": 138,
        "Net Income": -24
    },
    "2021-06-30": {
        "Diluted EPS": -0.35,
        "Total Revenue": NaN,
        "Gross Profit": 401,
        "Operating Income": -239,
        "EBIT": -42,
        "Net Income": -69
    },
    "2021-03-31": {
        "Diluted EPS": 0.36,
        "Total Revenue": NaN,
        "Gross Profit": 772,
        "Operating Income": 524,
        "EBIT": 702,
        "Net Income": 70
    },
    "2020-12-31": {
        "Diluted EPS": -0.07,
        "Total Revenue": NaN,
        "Gross Profit": 266,
        "Operating Income": -67,
        "EBIT": 94,
        "Net Income": -20
    },
    "2020-09-30": {
        "Diluted EPS": 0.09,
        "Total Revenue": NaN,
        "Gross Profit": 472,
        "Operating Income": 251,
        "EBIT": 411,
        "Net Income": 17
    },
    "2020-06-30": {
        "Diluted EPS": 0.09,
        "Total Revenue": NaN,
        "Gross Profit": 447,
        "Operating Income": 208,
        "EBIT": 374,
        "Net Income": 16
    },
    "2020-03-31": {
        "Diluted EPS": -3.18,
        "Total Revenue": NaN,
        "Gross Profit": 598,
        "Operating Income": NaN,
        "EBIT": -91,
        "Net Income": -581
    },
    "2019-12-31": {
        "Diluted EPS": 0.23,
        "Total Revenue": NaN,
        "Gross Profit": 600,
        "Operating Income": 328,
        "EBIT": 491,
        "Net Income": 48
    },
    "2019-09-30": {
        "Diluted EPS": 0.41,
        "Total Revenue": NaN,
        "Gross Profit": 715,
        "Operating Income": 490,
        "EBIT": 647,
        "Net Income": 70
    },
    "2019-06-30": {
        "Diluted EPS": 0.4,
        "Total Revenue": NaN,
        "Gross Profit": 669,
        "Operating Income": 449,
        "EBIT": 597,
        "Net Income": 66
    },
    "2019-03-31": {
        "Diluted EPS": 0.92,
        "Total Revenue": NaN,
        "Gross Profit": 930,
        "Operating Income": 713,
        "EBIT": 849,
        "Net Income": 147
    },
    "2018-12-31": {
        "Diluted EPS": 1.13,
        "Total Revenue": NaN,
        "Gross Profit": NaN,
        "Operating Income": NaN,
        "EBIT": NaN,
        "Net Income": 179
    },
    "2018-09-30": {
        "Diluted EPS": 0.7,
        "Total Revenue": NaN,
        "Gross Profit": 698,
        "Operating Income": 492,
        "EBIT": 621,
        "Net Income": 111
    },
    "2018-06-30": {
        "Diluted EPS": 0.05,
        "Total Revenue": NaN,
        "Gross Profit": 217,
        "Operating Income": 86,
        "EBIT": 216,
        "Net Income": 7
    },
    "2018-03-31": {
        "Diluted EPS": 0.23,
        "Total Revenue": NaN,
        "Gross Profit": 587,
        "Operating Income": 380,
        "EBIT": 507,
        "Net Income": 37
    },
    "2017-12-31": {
        "Diluted EPS": -5.56,
        "Total Revenue": NaN,
        "Gross Profit": 552,
        "Operating Income": 259,
        "EBIT": 375,
        "Net Income": -800
    },
    "2017-09-30": {
        "Diluted EPS": 0.03,
        "Total Revenue": NaN,
        "Gross Profit": 263,
        "Operating Income": 43,
        "EBIT": 195,
        "Net Income": 4
    },
    "2017-06-30": {
        "Diluted EPS": 0.16,
        "Total Revenue": NaN,
        "Gross Profit": 454,
        "Operating Income": 256,
        "EBIT": 385,
        "Net Income": 24
    },
    "2017-03-31": {
        "Diluted EPS": 0.34,
        "Total Revenue": NaN,
        "Gross Profit": 786,
        "Operating Income": 589,
        "EBIT": 711,
        "Net Income": 41
    },
    "2016-12-31": {
        "Diluted EPS": -0.07,
        "Total Revenue": NaN,
        "Gross Profit": 429,
        "Operating Income": 216,
        "EBIT": 379,
        "Net Income": -8
    },
    "2016-09-30": {
        "Diluted EPS": 0.24,
        "Total Revenue": NaN,
        "Gross Profit": 452,
        "Operating Income": 348,
        "EBIT": 380,
        "Net Income": 24
    },
    "2016-06-30": {
        "Diluted EPS": 0.4,
        "Total Revenue": NaN,
        "Gross Profit": 423,
        "Operating Income": 145,
        "EBIT": 351,
        "Net Income": 42
    },
    "2016-03-31": {
        "Diluted EPS": 0.37,
        "Total Revenue": NaN,
        "Gross Profit": 463,
        "Operating Income": 281,
        "EBIT": 395,
        "Net Income": 36
    },
    "2015-12-31": {
        "Diluted EPS": 0.29,
        "Total Revenue": NaN,
        "Gross Profit": 518,
        "Operating Income": 344,
        "EBIT": 457,
        "Net Income": 25
    },
    "2015-09-30": {
        "Diluted EPS": 0.37,
        "Total Revenue": NaN,
        "Gross Profit": 502,
        "Operating Income": 334,
        "EBIT": 441,
        "Net Income": 32
    },
    "2015-06-30": {
        "Diluted EPS": 0.37,
        "Total Revenue": NaN,
        "Gross Profit": 398,
        "Operating Income": 210,
        "EBIT": 318,
        "Net Income": 30
    },
    "2015-03-31": {
        "Diluted EPS": 0.37,
        "Total Revenue": NaN,
        "Gross Profit": 554,
        "Operating Income": 370,
        "EBIT": 475,
        "Net Income": 31
    },
    "2014-12-31": {
        "Diluted EPS": 0.35,
        "Total Revenue": NaN,
        "Gross Profit": 696,
        "Operating Income": 532,
        "EBIT": 624,
        "Net Income": 25
    },
    "2014-09-30": {
        "Diluted EPS": 0.32,
        "Total Revenue": NaN,
        "Gross Profit": 579,
        "Operating Income": 403,
        "EBIT": 500,
        "Net Income": 16
    },
    "2014-06-30": {
        "Diluted EPS": 0.29,
        "Total Revenue": NaN,
        "Gross Profit": 555,
        "Operating Income": 364,
        "EBIT": 465,
        "Net Income": 15
    },
    "2014-03-31": {
        "Diluted EPS": 0.29,
        "Total Revenue": NaN,
        "Gross Profit": 678,
        "Operating Income": 492,
        "EBIT": 588,
        "Net Income": 14
    },
    "2013-12-31": {
        "Diluted EPS": 0.25,
        "Total Revenue": NaN,
        "Gross Profit": 586,
        "Operating Income": 400,
        "EBIT": 502,
        "Net Income": 12
    },
    "2013-09-30": {
        "Diluted EPS": 0.02,
        "Total Revenue": NaN,
        "Gross Profit": 468,
        "Operating Income": 296,
        "EBIT": 388,
        "Net Income": 1
    },
    "2013-06-30": {
        "Diluted EPS": 0.0,
        "Total Revenue": NaN,
        "Gross Profit": 565,
        "Operating Income": 383,
        "EBIT": 475,
        "Net Income": 1
    },
    "2013-03-31": {
        "Diluted EPS": 0.0,
        "Total Revenue": NaN,
        "Gross Profit": 843,
        "Operating Income": 655,
        "EBIT": 737,
        "Net Income": 1
    },
    "2012-12-31": {
        "Diluted EPS": 0.0,
        "Total Revenue": NaN,
        "Gross Profit": NaN,
        "Operating Income": NaN,
        "EBIT": NaN,
        "Net Income": NaN
    },
    "2012-09-30": {
        "Diluted EPS": 0.0,
        "Total Revenue": NaN,
        "Gross Profit": 538,
        "Operating Income": 246,
        "EBIT": 246,
        "Net Income": 1
    },
    "2011-12-31": {
        "Diluted EPS": 0.0,
        "Total Revenue": NaN,
        "Gross Profit": NaN,
        "Operating Income": NaN,
        "EBIT": NaN,
        "Net Income": NaN
    },
    "2010-12-31": {
        "Diluted EPS": 0.0,
        "Total Revenue": NaN,
        "Gross Profit": NaN,
        "Operating Income": NaN,
        "EBIT": NaN,
        "Net Income": NaN
    },
    "2023-06-30": {
        "Tax Effect Of Unusual Items": NaN,
        "Tax Rate For Calcs": NaN,
        "Normalized EBITDA": NaN,
        "Total Unusual Items": NaN,
        "Total Unusual Items Excluding Goodwill": NaN,
        "Net Income From Continuing Operation Net Minority Interest": NaN,
        "Reconciled Depreciation": NaN,
        "Reconciled Cost Of Revenue": NaN,
        "EBITDA": NaN,
        "EBIT": NaN,
        "Net Interest Income": NaN,
        "Interest Expense": NaN,
        "Interest Income": 6000000.0,
        "Normalized Income": NaN,
        "Net Income From Continuing And Discontinued Operation": NaN,
        "Total Expenses": NaN,
        "Total Operating Income As Reported": NaN,
        "Diluted Average Shares": 195000000.0,
        "Basic Average Shares": 195000000.0,
        "Diluted EPS": 0.25,
        "Basic EPS": 0.25,
        "Diluted NI Availto Com Stockholders": NaN,
        "Net Income Common Stockholders": NaN,
        "Net Income": NaN,
        "Minority Interests": NaN,
        "Net Income Including Noncontrolling Interests": NaN,
        "Net Income Continuous Operations": NaN,
        "Tax Provision": NaN,
        "Pretax Income": NaN,
        "Other Income Expense": NaN,
        "Other Non Operating Income Expenses": 6000000.0,
        "Special Income Charges": NaN,
        "Gain On Sale Of Ppe": NaN,
        "Gain On Sale Of Business": NaN,
        "Earnings From Equity Interest": NaN,
        "Gain On Sale Of Security": NaN,
        "Net Non Operating Interest Income Expense": NaN,
        "Interest Expense Non Operating": NaN,
        "Interest Income Non Operating": 6000000.0,
        "Operating Income": NaN,
        "Operating Expense": NaN,
        "Other Operating Expenses": NaN,
        "Selling General And Administration": NaN,
        "General And Administrative Expense": NaN,
        "Other Gand A": NaN,
        "Gross Profit": NaN,
        "Cost Of Revenue": NaN,
        "Total Revenue": NaN,
        "Operating Revenue": NaN
    },
    "2023-09-30": {
        "Tax Effect Of Unusual Items": 2520000.0,
        "Tax Rate For Calcs": 0.21,
        "Normalized EBITDA": 609000000.0,
        "Total Unusual Items": 12000000.0,
        "Total Unusual Items Excluding Goodwill": 12000000.0,
        "Net Income From Continuing Operation Net Minority Interest": 29000000.0,
        "Reconciled Depreciation": 261000000.0,
        "Reconciled Cost Of Revenue": 11367000000.0,
        "EBITDA": 621000000.0,
        "EBIT": 360000000.0,
        "Net Interest Income": -87000000.0,
        "Interest Expense": 97000000.0,
        "Interest Income": 10000000.0,
        "Normalized Income": 19520000.0,
        "Net Income From Continuing And Discontinued Operation": 29000000.0,
        "Total Expenses": 11832000000.0,
        "Total Operating Income As Reported": 232000000.0,
        "Diluted Average Shares": 196000000.0,
        "Basic Average Shares": 196000000.0,
        "Diluted EPS": 0.15,
        "Basic EPS": 0.15,
        "Diluted NI Availto Com Stockholders": 29000000.0,
        "Net Income Common Stockholders": 29000000.0,
        "Net Income": 29000000.0,
        "Minority Interests": -239000000.0,
        "Net Income Including Noncontrolling Interests": 268000000.0,
        "Net Income Continuous Operations": 268000000.0,
        "Tax Provision": -5000000.0,
        "Pretax Income": 263000000.0,
        "Other Income Expense": 111000000.0,
        "Other Non Operating Income Expenses": 10000000.0,
        "Special Income Charges": 22000000.0,
        "Gain On Sale Of Ppe": -7000000.0,
        "Gain On Sale Of Business": 29000000.0,
        "Earnings From Equity Interest": 99000000.0,
        "Gain On Sale Of Security": -10000000.0,
        "Net Non Operating Interest Income Expense": -87000000.0,
        "Interest Expense Non Operating": 97000000.0,
        "Interest Income Non Operating": 10000000.0,
        "Operating Income": 239000000.0,
        "Operating Expense": 465000000.0,
        "Other Operating Expenses": 372000000.0,
        "Selling General And Administration": 93000000.0,
        "General And Administrative Expense": 93000000.0,
        "Other Gand A": 93000000.0,
        "Gross Profit": 704000000.0,
        "Cost Of Revenue": 11367000000.0,
        "Total Revenue": 12071000000.0,
        "Operating Revenue": 12071000000.0
    },
    "2023-12-31": {
        "Tax Effect Of Unusual Items": 2396788.990826,
        "Tax Rate For Calcs": 0.126147,
        "Normalized EBITDA": 786000000.0,
        "Total Unusual Items": 19000000.0,
        "Total Unusual Items Excluding Goodwill": 19000000.0,
        "Net Income From Continuing Operation Net Minority Interest": 52000000.0,
        "Reconciled Depreciation": 273000000.0,
        "Reconciled Cost Of Revenue": 11832000000.0,
        "EBITDA": 805000000.0,
        "EBIT": 532000000.0,
        "Net Interest Income": -96000000.0,
        "Interest Expense": 96000000.0,
        "Interest Income": NaN,
        "Normalized Income": 35396788.990826,
        "Net Income From Continuing And Discontinued Operation": 52000000.0,
        "Total Expenses": 12283000000.0,
        "Total Operating Income As Reported": 423000000.0,
        "Diluted Average Shares": NaN,
        "Basic Average Shares": NaN,
        "Diluted EPS": NaN,
        "Basic EPS": NaN,
        "Diluted NI Availto Com Stockholders": 52000000.0,
        "Net Income Common Stockholders": 52000000.0,
        "Net Income": 52000000.0,
        "Minority Interests": -329000000.0,
        "Net Income Including Noncontrolling Interests": 381000000.0,
        "Net Income Continuous Operations": 381000000.0,
        "Tax Provision": 55000000.0,
        "Pretax Income": 436000000.0,
        "Other Income Expense": 117000000.0,
        "Other Non Operating Income Expenses": 6000000.0,
        "Special Income Charges": 8000000.0,
        "Gain On Sale Of Ppe": 8000000.0,
        "Gain On Sale Of Business": NaN,
        "Earnings From Equity Interest": 92000000.0,
        "Gain On Sale Of Security": 11000000.0,
        "Net Non Operating Interest Income Expense": -96000000.0,
        "Interest Expense Non Operating": 96000000.0,
        "Interest Income Non Operating": NaN,
        "Operating Income": 415000000.0,
        "Operating Expense": 451000000.0,
        "Other Operating Expenses": 363000000.0,
        "Selling General And Administration": 88000000.0,
        "General And Administrative Expense": 88000000.0,
        "Other Gand A": 88000000.0,
        "Gross Profit": 866000000.0,
        "Cost Of Revenue": 11832000000.0,
        "Total Revenue": 12698000000.0,
        "Operating Revenue": 12698000000.0
    },
    "2024-03-31": {
        "Tax Effect Of Unusual Items": -923076.923077,
        "Tax Rate For Calcs": 0.076923,
        "Normalized EBITDA": 725000000.0,
        "Total Unusual Items": -12000000.0,
        "Total Unusual Items Excluding Goodwill": -12000000.0,
        "Net Income From Continuing Operation Net Minority Interest": 42000000.0,
        "Reconciled Depreciation": 254000000.0,
        "Reconciled Cost Of Revenue": 11171000000.0,
        "EBITDA": 713000000.0,
        "EBIT": 459000000.0,
        "Net Interest Income": -95000000.0,
        "Interest Expense": 95000000.0,
        "Interest Income": NaN,
        "Normalized Income": 53076923.076923,
        "Net Income From Continuing And Discontinued Operation": 42000000.0,
        "Total Expenses": 11626000000.0,
        "Total Operating Income As Reported": 369000000.0,
        "Diluted Average Shares": 197000000.0,
        "Basic Average Shares": 197000000.0,
        "Diluted EPS": 0.21,
        "Basic EPS": 0.21,
        "Diluted NI Availto Com Stockholders": 42000000.0,
        "Net Income Common Stockholders": 42000000.0,
        "Net Income": 42000000.0,
        "Minority Interests": -294000000.0,
        "Net Income Including Noncontrolling Interests": 336000000.0,
        "Net Income Continuous Operations": 336000000.0,
        "Tax Provision": 28000000.0,
        "Pretax Income": 364000000.0,
        "Other Income Expense": 90000000.0,
        "Other Non Operating Income Expenses": 7000000.0,
        "Special Income Charges": 0.0,
        "Gain On Sale Of Ppe": 0.0,
        "Gain On Sale Of Business": NaN,
        "Earnings From Equity Interest": 95000000.0,
        "Gain On Sale Of Security": -12000000.0,
        "Net Non Operating Interest Income Expense": -95000000.0,
        "Interest Expense Non Operating": 95000000.0,
        "Interest Income Non Operating": NaN,
        "Operating Income": 369000000.0,
        "Operating Expense": 455000000.0,
        "Other Operating Expenses": 358000000.0,
        "Selling General And Administration": 97000000.0,
        "General And Administrative Expense": 97000000.0,
        "Other Gand A": 97000000.0,
        "Gross Profit": 824000000.0,
        "Cost Of Revenue": 11171000000.0,
        "Total Revenue": 11995000000.0,
        "Operating Revenue": 11995000000.0
    },
    "2024-06-30": {
        "Tax Effect Of Unusual Items": 569230.769231,
        "Tax Rate For Calcs": 0.189744,
        "Normalized EBITDA": 740000000.0,
        "Total Unusual Items": 3000000.0,
        "Total Unusual Items Excluding Goodwill": 3000000.0,
        "Net Income From Continuing Operation Net Minority Interest": 39000000.0,
        "Reconciled Depreciation": 257000000.0,
        "Reconciled Cost Of Revenue": 12115000000.0,
        "EBITDA": 743000000.0,
        "EBIT": 486000000.0,
        "Net Interest Income": -92000000.0,
        "Interest Expense": 96000000.0,
        "Interest Income": 4000000.0,
        "Normalized Income": 36569230.769231,
        "Net Income From Continuing And Discontinued Operation": 39000000.0,
        "Total Expenses": 12560000000.0,
        "Total Operating Income As Reported": 372000000.0,
        "Diluted Average Shares": 197000000.0,
        "Basic Average Shares": 197000000.0,
        "Diluted EPS": 0.2,
        "Basic EPS": 0.2,
        "Diluted NI Availto Com Stockholders": 39000000.0,
        "Net Income Common Stockholders": 39000000.0,
        "Net Income": 39000000.0,
        "Minority Interests": -277000000.0,
        "Net Income Including Noncontrolling Interests": 316000000.0,
        "Net Income Continuous Operations": 316000000.0,
        "Tax Provision": 74000000.0,
        "Pretax Income": 390000000.0,
        "Other Income Expense": 109000000.0,
        "Other Non Operating Income Expenses": NaN,
        "Special Income Charges": -1000000.0,
        "Gain On Sale Of Ppe": -1000000.0,
        "Gain On Sale Of Business": NaN,
        "Earnings From Equity Interest": 106000000.0,
        "Gain On Sale Of Security": 4000000.0,
        "Net Non Operating Interest Income Expense": -92000000.0,
        "Interest Expense Non Operating": 96000000.0,
        "Interest Income Non Operating": 4000000.0,
        "Operating Income": 373000000.0,
        "Operating Expense": 445000000.0,
        "Other Operating Expenses": 350000000.0,
        "Selling General And Administration": 95000000.0,
        "General And Administrative Expense": 95000000.0,
        "Other Gand A": 95000000.0,
        "Gross Profit": 818000000.0,
        "Cost Of Revenue": 12115000000.0,
        "Total Revenue": 12933000000.0,
        "Operating Revenue": 12933000000.0
    },
    "2024-09-30": {
        "Tax Effect Of Unusual Items": 0.0,
        "Tax Rate For Calcs": 0.154494,
        "Normalized EBITDA": 711000000.0,
        "Total Unusual Items": 0.0,
        "Total Unusual Items Excluding Goodwill": 0.0,
        "Net Income From Continuing Operation Net Minority Interest": 33000000.0,
        "Reconciled Depreciation": 258000000.0,
        "Reconciled Cost Of Revenue": 11814000000.0,
        "EBITDA": 711000000.0,
        "EBIT": 453000000.0,
        "Net Interest Income": -90000000.0,
        "Interest Expense": 97000000.0,
        "Interest Income": 7000000.0,
        "Normalized Income": 33000000.0,
        "Net Income From Continuing And Discontinued Operation": 33000000.0,
        "Total Expenses": 12396000000.0,
        "Total Operating Income As Reported": 346000000.0,
        "Diluted Average Shares": 197000000.0,
        "Basic Average Shares": 197000000.0,
        "Diluted EPS": 0.17,
        "Basic EPS": 0.17,
        "Diluted NI Availto Com Stockholders": 33000000.0,
        "Net Income Common Stockholders": 33000000.0,
        "Net Income": 33000000.0,
        "Minority Interests": -268000000.0,
        "Net Income Including Noncontrolling Interests": 301000000.0,
        "Net Income Continuous Operations": 301000000.0,
        "Tax Provision": 55000000.0,
        "Pretax Income": 356000000.0,
        "Other Income Expense": 99000000.0,
        "Other Non Operating Income Expenses": 2000000.0,
        "Special Income Charges": -1000000.0,
        "Gain On Sale Of Ppe": -1000000.0,
        "Gain On Sale Of Business": 0.0,
        "Earnings From Equity Interest": 97000000.0,
        "Gain On Sale Of Security": 1000000.0,
        "Net Non Operating Interest Income Expense": -90000000.0,
        "Interest Expense Non Operating": 97000000.0,
        "Interest Income Non Operating": 7000000.0,
        "Operating Income": 347000000.0,
        "Operating Expense": 582000000.0,
        "Other Operating Expenses": 483000000.0,
        "Selling General And Administration": 99000000.0,
        "General And Administrative Expense": 99000000.0,
        "Other Gand A": 99000000.0,
        "Gross Profit": 929000000.0,
        "Cost Of Revenue": 11814000000.0,
        "Total Revenue": 12743000000.0,
        "Operating Revenue": 12743000000.0
    }
}