{
    "2023-03-31": {
        "Tax Effect Of Unusual Items": NaN,
        "Tax Rate For Calcs": NaN,
        "Normalized EBITDA": NaN,
        "Total Unusual Items": NaN,
        "Total Unusual Items Excluding Goodwill": NaN,
        "Net Income From Continuing Operation Net Minority Interest": NaN,
        "Reconciled Depreciation": NaN,
        "Reconciled Cost Of Revenue": NaN,
        "EBITDA": NaN,
        "EBIT": NaN,
        "Net Interest Income": NaN,
        "Normalized Income": NaN,
        "Net Income From Continuing And Discontinued Operation": NaN,
        "Total Expenses": NaN,
        "Total Operating Income As Reported": NaN,
        "Diluted Average Shares": 9222356.0,
        "Basic Average Shares": 9222356.0,
        "Diluted EPS": -0.08,
        "Basic EPS": -0.08,
        "Diluted NI Availto Com Stockholders": NaN,
        "Net Income Common Stockholders": NaN,
        "Net Income": NaN,
        "Net Income Including Noncontrolling Interests": NaN,
        "Net Income Continuous Operations": NaN,
        "Tax Provision": NaN,
        "Pretax Income": NaN,
        "Other Income Expense": NaN,
        "Other Non Operating Income Expenses": NaN,
        "Special Income Charges": NaN,
        "Impairment Of Capital Assets": NaN,
        "Net Non Operating Interest Income Expense": NaN,
        "Total Other Finance Cost": -121167.0,
        "Operating Income": NaN,
        "Operating Expense": NaN,
        "Research And Development": NaN,
        "Selling General And Administration": NaN,
        "Selling And Marketing Expense": NaN,
        "General And Administrative Expense": NaN,
        "Other Gand A": NaN,
        "Gross Profit": NaN,
        "Cost Of Revenue": NaN,
        "Total Revenue": NaN,
        "Operating Revenue": NaN
    },
    "2022-12-31": {
        "Tax Effect Of Unusual Items": NaN,
        "Tax Rate For Calcs": NaN,
        "Normalized EBITDA": NaN,
        "Total Unusual Items": 0.0,
        "Total Unusual Items Excluding Goodwill": 0.0,
        "Net Income From Continuing Operation Net Minority Interest": NaN,
        "Reconciled Depreciation": NaN,
        "Reconciled Cost Of Revenue": NaN,
        "EBITDA": NaN,
        "EBIT": NaN,
        "Net Interest Income": NaN,
        "Normalized Income": NaN,
        "Net Income From Continuing And Discontinued Operation": NaN,
        "Total Expenses": NaN,
        "Total Operating Income As Reported": NaN,
        "Diluted Average Shares": NaN,
        "Basic Average Shares": NaN,
        "Diluted EPS": NaN,
        "Basic EPS": NaN,
        "Diluted NI Availto Com Stockholders": NaN,
        "Net Income Common Stockholders": NaN,
        "Net Income": NaN,
        "Net Income Including Noncontrolling Interests": NaN,
        "Net Income Continuous Operations": NaN,
        "Tax Provision": NaN,
        "Pretax Income": NaN,
        "Other Income Expense": 27361.0,
        "Other Non Operating Income Expenses": NaN,
        "Special Income Charges": 0.0,
        "Gain On Sale Of Ppe": 0.0,
        "Impairment Of Capital Assets": 0.0,
        "Net Non Operating Interest Income Expense": NaN,
        "Total Other Finance Cost": NaN,
        "Operating Income": NaN,
        "Operating Expense": NaN,
        "Research And Development": NaN,
        "Selling General And Administration": NaN,
        "Selling And Marketing Expense": NaN,
        "General And Administrative Expense": NaN,
        "Other Gand A": NaN,
        "Gross Profit": NaN,
        "Cost Of Revenue": NaN,
        "Total Revenue": NaN,
        "Operating Revenue": NaN
    },
    "2022-09-30": {
        "Tax Effect Of Unusual Items": NaN,
        "Tax Rate For Calcs": NaN,
        "Normalized EBITDA": NaN,
        "Total Unusual Items": 0.0,
        "Total Unusual Items Excluding Goodwill": 0.0,
        "Net Income From Continuing Operation Net Minority Interest": NaN,
        "Reconciled Depreciation": NaN,
        "Reconciled Cost Of Revenue": NaN,
        "EBITDA": NaN,
        "EBIT": NaN,
        "Net Interest Income": NaN,
        "Normalized Income": NaN,
        "Net Income From Continuing And Discontinued Operation": NaN,
        "Total Expenses": NaN,
        "Total Operating Income As Reported": NaN,
        "Diluted Average Shares": 9722157.0,
        "Basic Average Shares": 9722157.0,
        "Diluted EPS": -0.11,
        "Basic EPS": -0.11,
        "Diluted NI Availto Com Stockholders": NaN,
        "Net Income Common Stockholders": NaN,
        "Net Income": NaN,
        "Net Income Including Noncontrolling Interests": NaN,
        "Net Income Continuous Operations": NaN,
        "Tax Provision": NaN,
        "Pretax Income": NaN,
        "Other Income Expense": NaN,
        "Other Non Operating Income Expenses": NaN,
        "Special Income Charges": 0.0,
        "Gain On Sale Of Ppe": 0.0,
        "Impairment Of Capital Assets": 0.0,
        "Net Non Operating Interest Income Expense": NaN,
        "Total Other Finance Cost": -19750.0,
        "Operating Income": NaN,
        "Operating Expense": NaN,
        "Research And Development": NaN,
        "Selling General And Administration": NaN,
        "Selling And Marketing Expense": NaN,
        "General And Administrative Expense": NaN,
        "Other Gand A": NaN,
        "Gross Profit": NaN,
        "Cost Of Revenue": NaN,
        "Total Revenue": NaN,
        "Operating Revenue": NaN
    },
    "2022-06-30": {
        "Tax Effect Of Unusual Items": -2904.8,
        "Tax Rate For Calcs": 0.4,
        "Normalized EBITDA": -940867.0,
        "Total Unusual Items": -7262.0,
        "Total Unusual Items Excluding Goodwill": -7262.0,
        "Net Income From Continuing Operation Net Minority Interest": -1128706.0,
        "Reconciled Depreciation": 128195.0,
        "Reconciled Cost Of Revenue": 661548.0,
        "EBITDA": -948129.0,
        "EBIT": -1076324.0,
        "Net Interest Income": -1595.0,
        "Normalized Income": -1124348.8,
        "Net Income From Continuing And Discontinued Operation": -1128706.0,
        "Total Expenses": 3720792.0,
        "Total Operating Income As Reported": -1083586.0,
        "Diluted Average Shares": 9771608.0,
        "Basic Average Shares": 9771608.0,
        "Diluted EPS": -0.12,
        "Basic EPS": -0.12,
        "Diluted NI Availto Com Stockholders": -1128706.0,
        "Net Income Common Stockholders": -1128706.0,
        "Net Income": -1128706.0,
        "Net Income Including Noncontrolling Interests": -1128706.0,
        "Net Income Continuous Operations": -1128706.0,
        "Tax Provision": 4753.0,
        "Pretax Income": -1123953.0,
        "Other Income Expense": -46034.0,
        "Other Non Operating Income Expenses": -38772.0,
        "Special Income Charges": -7262.0,
        "Gain On Sale Of Ppe": 0.0,
        "Impairment Of Capital Assets": 7262.0,
        "Net Non Operating Interest Income Expense": -1595.0,
        "Total Other Finance Cost": 1595.0,
        "Operating Income": -1076324.0,
        "Operating Expense": 3059244.0,
        "Research And Development": 1521764.0,
        "Selling General And Administration": 1537480.0,
        "Selling And Marketing Expense": 484133.0,
        "General And Administrative Expense": 1053347.0,
        "Other Gand A": 1053347.0,
        "Gross Profit": 1982920.0,
        "Cost Of Revenue": 661548.0,
        "Total Revenue": 2644468.0,
        "Operating Revenue": 2644468.0
    },
    "2022-03-31": {
        "Diluted EPS": -0.08,
        "Total Revenue": 3,
        "Gross Profit": 2,
        "Operating Income": -1,
        "EBIT": -1,
        "Net Income": -1
    },
    "2021-12-31": {
        "Diluted EPS": -0.03,
        "Total Revenue": 3,
        "Gross Profit": 2,
        "Operating Income": 0,
        "EBIT": 0,
        "Net Income": 0
    },
    "2021-09-30": {
        "Diluted EPS": -0.05,
        "Total Revenue": 3,
        "Gross Profit": 3,
        "Operating Income": 0,
        "EBIT": 0,
        "Net Income": 0
    },
    "2021-06-30": {
        "Diluted EPS": 0.12,
        "Total Revenue": 3,
        "Gross Profit": 3,
        "Operating Income": 1,
        "EBIT": 1,
        "Net Income": 1
    },
    "2021-03-31": {
        "Diluted EPS": 0.13,
        "Total Revenue": 3,
        "Gross Profit": 3,
        "Operating Income": 0,
        "EBIT": 1,
        "Net Income": 1
    },
    "2020-12-31": {
        "Diluted EPS": 0.07,
        "Total Revenue": 3,
        "Gross Profit": 3,
        "Operating Income": 1,
        "EBIT": 1,
        "Net Income": 1
    },
    "2020-09-30": {
        "Diluted EPS": 0.11,
        "Total Revenue": 3,
        "Gross Profit": 3,
        "Operating Income": 1,
        "EBIT": 1,
        "Net Income": 1
    },
    "2020-06-30": {
        "Diluted EPS": 0.08,
        "Total Revenue": 3,
        "Gross Profit": 3,
        "Operating Income": 1,
        "EBIT": 1,
        "Net Income": 1
    },
    "2020-03-31": {
        "Diluted EPS": -0.06,
        "Total Revenue": 3,
        "Gross Profit": 2,
        "Operating Income": 0,
        "EBIT": 0,
        "Net Income": 0
    },
    "2019-12-31": {
        "Diluted EPS": -1.14,
        "Total Revenue": 3,
        "Gross Profit": 2,
        "Operating Income": -8,
        "EBIT": -1,
        "Net Income": -8
    },
    "2019-09-30": {
        "Diluted EPS": -0.23,
        "Total Revenue": 3,
        "Gross Profit": 2,
        "Operating Income": -1,
        "EBIT": -1,
        "Net Income": -2
    },
    "2019-06-30": {
        "Diluted EPS": 0.06,
        "Total Revenue": 5,
        "Gross Profit": 4,
        "Operating Income": 0,
        "EBIT": 1,
        "Net Income": 0
    },
    "2019-03-31": {
        "Diluted EPS": 0.09,
        "Total Revenue": 5,
        "Gross Profit": 4,
        "Operating Income": 0,
        "EBIT": 0,
        "Net Income": 1
    },
    "2018-12-31": {
        "Diluted EPS": -0.09,
        "Total Revenue": 5,
        "Gross Profit": 4,
        "Operating Income": 0,
        "EBIT": 0,
        "Net Income": -1
    },
    "2018-09-30": {
        "Diluted EPS": -0.08,
        "Total Revenue": 5,
        "Gross Profit": 4,
        "Operating Income": 0,
        "EBIT": 1,
        "Net Income": -1
    },
    "2018-06-30": {
        "Diluted EPS": -0.27,
        "Total Revenue": 6,
        "Gross Profit": 5,
        "Operating Income": 1,
        "EBIT": 1,
        "Net Income": -2
    },
    "2018-03-31": {
        "Diluted EPS": -0.12,
        "Total Revenue": 4,
        "Gross Profit": 3,
        "Operating Income": 0,
        "EBIT": 0,
        "Net Income": -1
    },
    "2017-12-31": {
        "Diluted EPS": -0.23,
        "Total Revenue": 6,
        "Gross Profit": 5,
        "Operating Income": -1,
        "EBIT": -1,
        "Net Income": -1
    },
    "2017-09-30": {
        "Diluted EPS": -0.31,
        "Total Revenue": 6,
        "Gross Profit": 5,
        "Operating Income": -2,
        "EBIT": -1,
        "Net Income": -2
    },
    "2017-06-30": {
        "Diluted EPS": -0.22,
        "Total Revenue": 6,
        "Gross Profit": 5,
        "Operating Income": -1,
        "EBIT": -1,
        "Net Income": -1
    },
    "2017-03-31": {
        "Diluted EPS": -0.15,
        "Total Revenue": 7,
        "Gross Profit": 5,
        "Operating Income": -1,
        "EBIT": -1,
        "Net Income": -1
    },
    "2016-12-31": {
        "Diluted EPS": -0.35,
        "Total Revenue": 7,
        "Gross Profit": 6,
        "Operating Income": -1,
        "EBIT": 0,
        "Net Income": -1
    },
    "2016-09-30": {
        "Diluted EPS": 0.22,
        "Total Revenue": 5,
        "Gross Profit": 4,
        "Operating Income": 0,
        "EBIT": 0,
        "Net Income": 0
    },
    "2016-06-30": {
        "Diluted EPS": -0.14,
        "Total Revenue": 4,
        "Gross Profit": 3,
        "Operating Income": -1,
        "EBIT": 0,
        "Net Income": -1
    },
    "2016-03-31": {
        "Diluted EPS": 0.01,
        "Total Revenue": 5,
        "Gross Profit": 4,
        "Operating Income": 0,
        "EBIT": 0,
        "Net Income": 0
    },
    "2015-12-31": {
        "Diluted EPS": 1.0,
        "Total Revenue": 11,
        "Gross Profit": 7,
        "Operating Income": 1,
        "EBIT": 1,
        "Net Income": 1
    },
    "2015-09-30": {
        "Diluted EPS": 0.35,
        "Total Revenue": 3,
        "Gross Profit": 3,
        "Operating Income": 0,
        "EBIT": 0,
        "Net Income": 1
    },
    "2015-06-30": {
        "Diluted EPS": -0.35,
        "Total Revenue": 3,
        "Gross Profit": 3,
        "Operating Income": 0,
        "EBIT": 0,
        "Net Income": 0
    },
    "2015-03-31": {
        "Diluted EPS": -1.05,
        "Total Revenue": 3,
        "Gross Profit": 3,
        "Operating Income": -1,
        "EBIT": -1,
        "Net Income": -1
    },
    "2014-12-31": {
        "Diluted EPS": 0.0,
        "Total Revenue": 3,
        "Gross Profit": 4,
        "Operating Income": 0,
        "EBIT": 0,
        "Net Income": 0
    },
    "2014-09-30": {
        "Diluted EPS": -0.35,
        "Total Revenue": 3,
        "Gross Profit": 3,
        "Operating Income": 0,
        "EBIT": 0,
        "Net Income": 0
    },
    "2014-06-30": {
        "Diluted EPS": -0.35,
        "Total Revenue": 3,
        "Gross Profit": 3,
        "Operating Income": 0,
        "EBIT": 0,
        "Net Income": 0
    },
    "2014-03-31": {
        "Diluted EPS": -0.7,
        "Total Revenue": 3,
        "Gross Profit": 2,
        "Operating Income": -1,
        "EBIT": -1,
        "Net Income": -1
    },
    "2013-12-31": {
        "Diluted EPS": -0.7,
        "Total Revenue": 3,
        "Gross Profit": 2,
        "Operating Income": -1,
        "EBIT": -1,
        "Net Income": -1
    },
    "2013-09-30": {
        "Diluted EPS": -1.4,
        "Total Revenue": 3,
        "Gross Profit": 2,
        "Operating Income": -2,
        "EBIT": -2,
        "Net Income": -2
    },
    "2013-06-30": {
        "Diluted EPS": -1.4,
        "Total Revenue": 3,
        "Gross Profit": 2,
        "Operating Income": -2,
        "EBIT": -2,
        "Net Income": -1
    },
    "2013-03-31": {
        "Diluted EPS": 0.0,
        "Total Revenue": 3,
        "Gross Profit": 2,
        "Operating Income": -1,
        "EBIT": -1,
        "Net Income": 0
    },
    "2012-12-31": {
        "Diluted EPS": 0.0,
        "Total Revenue": 4,
        "Gross Profit": 3,
        "Operating Income": 0,
        "EBIT": 0,
        "Net Income": 0
    },
    "2012-09-30": {
        "Diluted EPS": 0.35,
        "Total Revenue": 4,
        "Gross Profit": 3,
        "Operating Income": 0,
        "EBIT": 0,
        "Net Income": 0
    },
    "2012-06-30": {
        "Diluted EPS": -1.05,
        "Total Revenue": 5,
        "Gross Profit": 4,
        "Operating Income": -1,
        "EBIT": -1,
        "Net Income": -1
    },
    "2012-03-31": {
        "Diluted EPS": -2.8,
        "Total Revenue": 6,
        "Gross Profit": 5,
        "Operating Income": -2,
        "EBIT": -2,
        "Net Income": -3
    },
    "2011-12-31": {
        "Diluted EPS": 0.0,
        "Total Revenue": 6,
        "Gross Profit": 5,
        "Operating Income": -2,
        "EBIT": -2,
        "Net Income": 0
    },
    "2011-09-30": {
        "Diluted EPS": 0.0,
        "Total Revenue": 5,
        "Gross Profit": 4,
        "Operating Income": -1,
        "EBIT": -1,
        "Net Income": 0
    },
    "2011-06-30": {
        "Diluted EPS": -0.7,
        "Total Revenue": 5,
        "Gross Profit": 4,
        "Operating Income": -1,
        "EBIT": -1,
        "Net Income": -1
    },
    "2011-03-31": {
        "Diluted EPS": -0.7,
        "Total Revenue": 4,
        "Gross Profit": 3,
        "Operating Income": -1,
        "EBIT": -1,
        "Net Income": -1
    },
    "2010-12-31": {
        "Diluted EPS": -0.7,
        "Total Revenue": 3,
        "Gross Profit": 2,
        "Operating Income": 0,
        "EBIT": 0,
        "Net Income": 0
    },
    "2010-09-30": {
        "Diluted EPS": 0.0,
        "Total Revenue": 2,
        "Gross Profit": 1,
        "Operating Income": 0,
        "EBIT": 0,
        "Net Income": 0
    },
    "2010-06-30": {
        "Diluted EPS": 0.0,
        "Total Revenue": 1,
        "Gross Profit": 1,
        "Operating Income": 0,
        "EBIT": 0,
        "Net Income": 0
    },
    "2010-03-31": {
        "Diluted EPS": -0.7,
        "Total Revenue": 1,
        "Gross Profit": 1,
        "Operating Income": -1,
        "EBIT": -1,
        "Net Income": -1
    },
    "2009-12-31": {
        "Diluted EPS": 0.0,
        "Total Revenue": 1,
        "Gross Profit": 0,
        "Operating Income": 0,
        "EBIT": 0,
        "Net Income": 0
    },
    "2009-09-30": {
        "Diluted EPS": 0.0,
        "Total Revenue": 1,
        "Gross Profit": 0,
        "Operating Income": 0,
        "EBIT": 0,
        "Net Income": 0
    },
    "2009-06-30": {
        "Diluted EPS": 0.0,
        "Total Revenue": 1,
        "Gross Profit": 0,
        "Operating Income": 0,
        "EBIT": 0,
        "Net Income": 0
    },
    "2009-03-31": {
        "Diluted EPS": 0.0,
        "Total Revenue": 1,
        "Gross Profit": 0,
        "Operating Income": 0,
        "EBIT": 0,
        "Net Income": 0
    },
    "2023-06-30": {
        "Tax Effect Of Unusual Items": 0.0,
        "Tax Rate For Calcs": 0.21,
        "Normalized EBITDA": -51631.0,
        "Total Unusual Items": 0.0,
        "Total Unusual Items Excluding Goodwill": 0.0,
        "Net Income From Continuing Operation Net Minority Interest": 135629.0,
        "Reconciled Depreciation": 226067.0,
        "Reconciled Cost Of Revenue": 774028.0,
        "EBITDA": -51631.0,
        "EBIT": -277698.0,
        "Net Interest Income": 171341.0,
        "Normalized Income": 135629.0,
        "Net Income From Continuing And Discontinued Operation": 135629.0,
        "Total Expenses": 3233700.0,
        "Total Operating Income As Reported": -277698.0,
        "Diluted Average Shares": 9222157.0,
        "Basic Average Shares": 9222157.0,
        "Diluted EPS": 0.01,
        "Basic EPS": 0.01,
        "Diluted NI Availto Com Stockholders": 135629.0,
        "Net Income Common Stockholders": 135629.0,
        "Net Income": 135629.0,
        "Net Income Including Noncontrolling Interests": 135629.0,
        "Net Income Continuous Operations": 135629.0,
        "Tax Provision": 101059.0,
        "Pretax Income": 236688.0,
        "Other Income Expense": 343045.0,
        "Other Non Operating Income Expenses": 343045.0,
        "Special Income Charges": 0.0,
        "Impairment Of Capital Assets": 0.0,
        "Net Non Operating Interest Income Expense": 171341.0,
        "Total Other Finance Cost": -171341.0,
        "Operating Income": -277698.0,
        "Operating Expense": 2459672.0,
        "Research And Development": 1163640.0,
        "Selling General And Administration": 1296032.0,
        "Selling And Marketing Expense": 220512.0,
        "General And Administrative Expense": 1075520.0,
        "Other Gand A": 1075520.0,
        "Gross Profit": 2181974.0,
        "Cost Of Revenue": 774028.0,
        "Total Revenue": 2956002.0,
        "Operating Revenue": 2956002.0
    },
    "2023-09-30": {
        "Tax Effect Of Unusual Items": 0.0,
        "Tax Rate For Calcs": 0.1727,
        "Normalized EBITDA": -163230.0,
        "Total Unusual Items": 0.0,
        "Total Unusual Items Excluding Goodwill": 0.0,
        "Net Income From Continuing Operation Net Minority Interest": -181576.0,
        "Reconciled Depreciation": 226186.0,
        "Reconciled Cost Of Revenue": 826662.0,
        "EBITDA": -163230.0,
        "EBIT": -389416.0,
        "Net Interest Income": 169925.0,
        "Normalized Income": -181576.0,
        "Net Income From Continuing And Discontinued Operation": -181576.0,
        "Total Expenses": 3157355.0,
        "Total Operating Income As Reported": -389416.0,
        "Diluted Average Shares": 9222157.0,
        "Basic Average Shares": 9222157.0,
        "Diluted EPS": -0.02,
        "Basic EPS": -0.02,
        "Diluted NI Availto Com Stockholders": -181576.0,
        "Net Income Common Stockholders": -181576.0,
        "Net Income": -181576.0,
        "Net Income Including Noncontrolling Interests": -181576.0,
        "Net Income Continuous Operations": -181576.0,
        "Tax Provision": -37915.0,
        "Pretax Income": -219491.0,
        "Other Income Expense": NaN,
        "Other Non Operating Income Expenses": NaN,
        "Special Income Charges": 0.0,
        "Impairment Of Capital Assets": 0.0,
        "Net Non Operating Interest Income Expense": 169925.0,
        "Total Other Finance Cost": -169925.0,
        "Operating Income": -389416.0,
        "Operating Expense": 2330693.0,
        "Research And Development": 1193430.0,
        "Selling General And Administration": 1137263.0,
        "Selling And Marketing Expense": 210573.0,
        "General And Administrative Expense": 926690.0,
        "Other Gand A": 926690.0,
        "Gross Profit": 1941277.0,
        "Cost Of Revenue": 826662.0,
        "Total Revenue": 2767939.0,
        "Operating Revenue": 2767939.0
    },
    "2023-12-31": {
        "Tax Effect Of Unusual Items": 0.0,
        "Tax Rate For Calcs": 0.10678,
        "Normalized EBITDA": -267804.0,
        "Total Unusual Items": 0.0,
        "Total Unusual Items Excluding Goodwill": 0.0,
        "Net Income From Continuing Operation Net Minority Interest": -283090.0,
        "Reconciled Depreciation": 226306.0,
        "Reconciled Cost Of Revenue": 835078.0,
        "EBITDA": -267804.0,
        "EBIT": -494110.0,
        "Net Interest Income": 177178.0,
        "Normalized Income": -283090.0,
        "Net Income From Continuing And Discontinued Operation": -283090.0,
        "Total Expenses": 3185996.0,
        "Total Operating Income As Reported": -494110.0,
        "Diluted Average Shares": NaN,
        "Basic Average Shares": NaN,
        "Diluted EPS": NaN,
        "Basic EPS": NaN,
        "Diluted NI Availto Com Stockholders": -283090.0,
        "Net Income Common Stockholders": -283090.0,
        "Net Income": -283090.0,
        "Net Income Including Noncontrolling Interests": -283090.0,
        "Net Income Continuous Operations": -283090.0,
        "Tax Provision": -33842.0,
        "Pretax Income": -316932.0,
        "Other Income Expense": 0.0,
        "Other Non Operating Income Expenses": 0.0,
        "Special Income Charges": 0.0,
        "Impairment Of Capital Assets": 0.0,
        "Net Non Operating Interest Income Expense": 177178.0,
        "Total Other Finance Cost": NaN,
        "Operating Income": -494110.0,
        "Operating Expense": 2350918.0,
        "Research And Development": 1254955.0,
        "Selling General And Administration": 1095963.0,
        "Selling And Marketing Expense": 192704.0,
        "General And Administrative Expense": 903259.0,
        "Other Gand A": 903259.0,
        "Gross Profit": 1856808.0,
        "Cost Of Revenue": 835078.0,
        "Total Revenue": 2691886.0,
        "Operating Revenue": 2691886.0
    },
    "2024-03-31": {
        "Tax Effect Of Unusual Items": 0.0,
        "Tax Rate For Calcs": 0.193,
        "Normalized EBITDA": -535767.0,
        "Total Unusual Items": NaN,
        "Total Unusual Items Excluding Goodwill": NaN,
        "Net Income From Continuing Operation Net Minority Interest": -492307.0,
        "Reconciled Depreciation": 226424.0,
        "Reconciled Cost Of Revenue": 819075.0,
        "EBITDA": -535767.0,
        "EBIT": -762191.0,
        "Net Interest Income": 151984.0,
        "Normalized Income": -492307.0,
        "Net Income From Continuing And Discontinued Operation": -492307.0,
        "Total Expenses": 3359921.0,
        "Total Operating Income As Reported": -762191.0,
        "Diluted Average Shares": 9222157.0,
        "Basic Average Shares": 9222157.0,
        "Diluted EPS": -0.05,
        "Basic EPS": -0.05,
        "Diluted NI Availto Com Stockholders": -492307.0,
        "Net Income Common Stockholders": -492307.0,
        "Net Income": -492307.0,
        "Net Income Including Noncontrolling Interests": -492307.0,
        "Net Income Continuous Operations": -492307.0,
        "Tax Provision": -117900.0,
        "Pretax Income": -610207.0,
        "Other Income Expense": NaN,
        "Other Non Operating Income Expenses": NaN,
        "Special Income Charges": NaN,
        "Impairment Of Capital Assets": NaN,
        "Net Non Operating Interest Income Expense": 151984.0,
        "Total Other Finance Cost": -151984.0,
        "Operating Income": -762191.0,
        "Operating Expense": 2540846.0,
        "Research And Development": 1211701.0,
        "Selling General And Administration": 1329145.0,
        "Selling And Marketing Expense": 190594.0,
        "General And Administrative Expense": 1138551.0,
        "Other Gand A": 1138551.0,
        "Gross Profit": 1778655.0,
        "Cost Of Revenue": 819075.0,
        "Total Revenue": 2597730.0,
        "Operating Revenue": 2597730.0
    },
    "2024-06-30": {
        "Tax Effect Of Unusual Items": 0.0,
        "Tax Rate For Calcs": 0.21,
        "Normalized EBITDA": -947516.0,
        "Total Unusual Items": NaN,
        "Total Unusual Items Excluding Goodwill": NaN,
        "Net Income From Continuing Operation Net Minority Interest": -934151.0,
        "Reconciled Depreciation": 226544.0,
        "Reconciled Cost Of Revenue": 810493.0,
        "EBITDA": -947516.0,
        "EBIT": -1174060.0,
        "Net Interest Income": 144231.0,
        "Normalized Income": -934151.0,
        "Net Income From Continuing And Discontinued Operation": -934151.0,
        "Total Expenses": 3398685.0,
        "Total Operating Income As Reported": -1174060.0,
        "Diluted Average Shares": 9222157.0,
        "Basic Average Shares": 9222157.0,
        "Diluted EPS": -0.1,
        "Basic EPS": -0.1,
        "Diluted NI Availto Com Stockholders": -934151.0,
        "Net Income Common Stockholders": -934151.0,
        "Net Income": -934151.0,
        "Net Income Including Noncontrolling Interests": -934151.0,
        "Net Income Continuous Operations": -934151.0,
        "Tax Provision": 50591.0,
        "Pretax Income": -883560.0,
        "Other Income Expense": 146269.0,
        "Other Non Operating Income Expenses": 146269.0,
        "Special Income Charges": NaN,
        "Impairment Of Capital Assets": NaN,
        "Net Non Operating Interest Income Expense": 144231.0,
        "Total Other Finance Cost": -144231.0,
        "Operating Income": -1174060.0,
        "Operating Expense": 2588192.0,
        "Research And Development": 1212220.0,
        "Selling General And Administration": 1375972.0,
        "Selling And Marketing Expense": 192517.0,
        "General And Administrative Expense": 1183455.0,
        "Other Gand A": 1183455.0,
        "Gross Profit": 1414132.0,
        "Cost Of Revenue": 810493.0,
        "Total Revenue": 2224625.0,
        "Operating Revenue": 2224625.0
    }
}