{
    "2023-03-31": {
        "Tax Effect Of Unusual Items": NaN,
        "Tax Rate For Calcs": NaN,
        "Normalized EBITDA": NaN,
        "Total Unusual Items": NaN,
        "Total Unusual Items Excluding Goodwill": NaN,
        "Net Income From Continuing Operation Net Minority Interest": NaN,
        "Reconciled Depreciation": NaN,
        "Reconciled Cost Of Revenue": NaN,
        "EBITDA": NaN,
        "EBIT": NaN,
        "Net Interest Income": NaN,
        "Interest Expense": NaN,
        "Interest Income": NaN,
        "Normalized Income": NaN,
        "Net Income From Continuing And Discontinued Operation": NaN,
        "Total Expenses": NaN,
        "Total Operating Income As Reported": NaN,
        "Diluted Average Shares": 651000000.0,
        "Basic Average Shares": 651000000.0,
        "Diluted EPS": -1.74,
        "Basic EPS": -1.74,
        "Diluted NI Availto Com Stockholders": NaN,
        "Net Income Common Stockholders": NaN,
        "Net Income": NaN,
        "Minority Interests": NaN,
        "Net Income Including Noncontrolling Interests": NaN,
        "Net Income Discontinuous Operations": NaN,
        "Net Income Continuous Operations": NaN,
        "Earnings From Equity Interest Net Of Tax": NaN,
        "Tax Provision": NaN,
        "Pretax Income": NaN,
        "Other Income Expense": NaN,
        "Other Non Operating Income Expenses": NaN,
        "Special Income Charges": NaN,
        "Gain On Sale Of Ppe": 0.0,
        "Impairment Of Capital Assets": NaN,
        "Restructuring And Mergern Acquisition": NaN,
        "Gain On Sale Of Security": NaN,
        "Net Non Operating Interest Income Expense": NaN,
        "Interest Expense Non Operating": NaN,
        "Interest Income Non Operating": NaN,
        "Operating Income": NaN,
        "Operating Expense": NaN,
        "Depreciation Amortization Depletion Income Statement": NaN,
        "Depreciation And Amortization In Income Statement": NaN,
        "Selling General And Administration": NaN,
        "General And Administrative Expense": NaN,
        "Other Gand A": NaN,
        "Salaries And Wages": NaN,
        "Gross Profit": NaN,
        "Cost Of Revenue": NaN,
        "Total Revenue": NaN,
        "Operating Revenue": NaN
    },
    "2022-12-31": {
        "Tax Effect Of Unusual Items": NaN,
        "Tax Rate For Calcs": NaN,
        "Normalized EBITDA": NaN,
        "Total Unusual Items": NaN,
        "Total Unusual Items Excluding Goodwill": NaN,
        "Net Income From Continuing Operation Net Minority Interest": NaN,
        "Reconciled Depreciation": NaN,
        "Reconciled Cost Of Revenue": NaN,
        "EBITDA": NaN,
        "EBIT": NaN,
        "Net Interest Income": NaN,
        "Interest Expense": NaN,
        "Interest Income": NaN,
        "Normalized Income": NaN,
        "Net Income From Continuing And Discontinued Operation": NaN,
        "Total Expenses": NaN,
        "Total Operating Income As Reported": NaN,
        "Diluted Average Shares": NaN,
        "Basic Average Shares": NaN,
        "Diluted EPS": NaN,
        "Basic EPS": NaN,
        "Diluted NI Availto Com Stockholders": NaN,
        "Net Income Common Stockholders": NaN,
        "Net Income": NaN,
        "Minority Interests": NaN,
        "Net Income Including Noncontrolling Interests": NaN,
        "Net Income Discontinuous Operations": NaN,
        "Net Income Continuous Operations": NaN,
        "Earnings From Equity Interest Net Of Tax": NaN,
        "Tax Provision": NaN,
        "Pretax Income": NaN,
        "Other Income Expense": NaN,
        "Other Non Operating Income Expenses": -3000000.0,
        "Special Income Charges": NaN,
        "Gain On Sale Of Ppe": NaN,
        "Gain On Sale Of Business": 0.0,
        "Other Special Charges": 0.0,
        "Impairment Of Capital Assets": NaN,
        "Restructuring And Mergern Acquisition": NaN,
        "Gain On Sale Of Security": NaN,
        "Net Non Operating Interest Income Expense": NaN,
        "Interest Expense Non Operating": NaN,
        "Interest Income Non Operating": NaN,
        "Operating Income": NaN,
        "Operating Expense": NaN,
        "Depreciation Amortization Depletion Income Statement": NaN,
        "Depreciation And Amortization In Income Statement": NaN,
        "Selling General And Administration": NaN,
        "General And Administrative Expense": NaN,
        "Other Gand A": NaN,
        "Salaries And Wages": NaN,
        "Gross Profit": NaN,
        "Cost Of Revenue": NaN,
        "Total Revenue": NaN,
        "Operating Revenue": NaN
    },
    "2022-09-30": {
        "Tax Effect Of Unusual Items": NaN,
        "Tax Rate For Calcs": NaN,
        "Normalized EBITDA": NaN,
        "Total Unusual Items": NaN,
        "Total Unusual Items Excluding Goodwill": NaN,
        "Net Income From Continuing Operation Net Minority Interest": NaN,
        "Reconciled Depreciation": NaN,
        "Reconciled Cost Of Revenue": NaN,
        "EBITDA": NaN,
        "EBIT": NaN,
        "Net Interest Income": NaN,
        "Interest Expense": NaN,
        "Interest Income": NaN,
        "Normalized Income": NaN,
        "Net Income From Continuing And Discontinued Operation": NaN,
        "Total Expenses": NaN,
        "Total Operating Income As Reported": NaN,
        "Diluted Average Shares": 650000000.0,
        "Basic Average Shares": 649000000.0,
        "Diluted EPS": 0.33,
        "Basic EPS": 0.33,
        "Diluted NI Availto Com Stockholders": NaN,
        "Net Income Common Stockholders": NaN,
        "Net Income": NaN,
        "Minority Interests": NaN,
        "Net Income Including Noncontrolling Interests": NaN,
        "Net Income Discontinuous Operations": NaN,
        "Net Income Continuous Operations": NaN,
        "Earnings From Equity Interest Net Of Tax": NaN,
        "Tax Provision": NaN,
        "Pretax Income": NaN,
        "Other Income Expense": NaN,
        "Other Non Operating Income Expenses": 1000000.0,
        "Special Income Charges": NaN,
        "Gain On Sale Of Ppe": 41000000.0,
        "Gain On Sale Of Business": 41000000.0,
        "Other Special Charges": NaN,
        "Restructuring And Mergern Acquisition": NaN,
        "Gain On Sale Of Security": NaN,
        "Net Non Operating Interest Income Expense": NaN,
        "Interest Expense Non Operating": NaN,
        "Interest Income Non Operating": NaN,
        "Operating Income": NaN,
        "Operating Expense": NaN,
        "Depreciation Amortization Depletion Income Statement": NaN,
        "Depreciation And Amortization In Income Statement": NaN,
        "Selling General And Administration": NaN,
        "General And Administrative Expense": NaN,
        "Other Gand A": NaN,
        "Salaries And Wages": NaN,
        "Gross Profit": NaN,
        "Cost Of Revenue": NaN,
        "Total Revenue": NaN,
        "Operating Revenue": NaN
    },
    "2022-06-30": {
        "Tax Effect Of Unusual Items": -30129000.0,
        "Tax Rate For Calcs": 0.249,
        "Normalized EBITDA": 964000000.0,
        "Total Unusual Items": -121000000.0,
        "Total Unusual Items Excluding Goodwill": -121000000.0,
        "Net Income From Continuing Operation Net Minority Interest": 358000000.0,
        "Reconciled Depreciation": 94000000.0,
        "Reconciled Cost Of Revenue": 5106000000.0,
        "EBITDA": 843000000.0,
        "EBIT": 749000000.0,
        "Net Interest Income": -211000000.0,
        "Interest Expense": 230000000.0,
        "Interest Income": 19000000.0,
        "Normalized Income": 448871000.0,
        "Net Income From Continuing And Discontinued Operation": 419000000.0,
        "Total Expenses": 6926000000.0,
        "Total Operating Income As Reported": 819000000.0,
        "Diluted Average Shares": 650000000.0,
        "Basic Average Shares": 649000000.0,
        "Diluted EPS": 0.62,
        "Basic EPS": 0.62,
        "Diluted NI Availto Com Stockholders": 419000000.0,
        "Net Income Common Stockholders": 419000000.0,
        "Net Income": 419000000.0,
        "Minority Interests": -3000000.0,
        "Net Income Including Noncontrolling Interests": 422000000.0,
        "Net Income Discontinuous Operations": 61000000.0,
        "Net Income Continuous Operations": 361000000.0,
        "Earnings From Equity Interest Net Of Tax": -29000000.0,
        "Tax Provision": 129000000.0,
        "Pretax Income": 519000000.0,
        "Other Income Expense": -123000000.0,
        "Other Non Operating Income Expenses": -2000000.0,
        "Special Income Charges": -97000000.0,
        "Gain On Sale Of Ppe": NaN,
        "Gain On Sale Of Business": 0.0,
        "Other Special Charges": 47000000.0,
        "Restructuring And Mergern Acquisition": 50000000.0,
        "Gain On Sale Of Security": -24000000.0,
        "Net Non Operating Interest Income Expense": -211000000.0,
        "Interest Expense Non Operating": 230000000.0,
        "Interest Income Non Operating": 19000000.0,
        "Operating Income": 853000000.0,
        "Operating Expense": 1820000000.0,
        "Depreciation Amortization Depletion Income Statement": 94000000.0,
        "Depreciation And Amortization In Income Statement": 94000000.0,
        "Selling General And Administration": 1726000000.0,
        "General And Administrative Expense": 1726000000.0,
        "Other Gand A": 1710000000.0,
        "Salaries And Wages": 16000000.0,
        "Gross Profit": 2673000000.0,
        "Cost Of Revenue": 5106000000.0,
        "Total Revenue": 7779000000.0,
        "Operating Revenue": 7779000000.0
    },
    "2022-03-31": {
        "Diluted EPS": 0.64,
        "Total Revenue": NaN,
        "Gross Profit": NaN,
        "Operating Income": 775,
        "EBIT": 871,
        "Net Income": 433
    },
    "2021-12-31": {
        "Diluted EPS": 3.14,
        "Total Revenue": NaN,
        "Gross Profit": NaN,
        "Operating Income": NaN,
        "EBIT": NaN,
        "Net Income": NaN
    },
    "2021-09-30": {
        "Diluted EPS": 0.8,
        "Total Revenue": NaN,
        "Gross Profit": NaN,
        "Operating Income": 879,
        "EBIT": 974,
        "Net Income": 538
    },
    "2021-06-30": {
        "Diluted EPS": 1.56,
        "Total Revenue": NaN,
        "Gross Profit": NaN,
        "Operating Income": NaN,
        "EBIT": NaN,
        "Net Income": NaN
    },
    "2021-03-31": {
        "Diluted EPS": 1.44,
        "Total Revenue": NaN,
        "Gross Profit": NaN,
        "Operating Income": NaN,
        "EBIT": NaN,
        "Net Income": 911
    },
    "2020-12-31": {
        "Diluted EPS": 1.3,
        "Total Revenue": NaN,
        "Gross Profit": NaN,
        "Operating Income": NaN,
        "EBIT": NaN,
        "Net Income": 810
    },
    "2020-09-30": {
        "Diluted EPS": 1.0,
        "Total Revenue": NaN,
        "Gross Profit": NaN,
        "Operating Income": 903,
        "EBIT": NaN,
        "Net Income": 615
    },
    "2020-06-30": {
        "Diluted EPS": 0.78,
        "Total Revenue": NaN,
        "Gross Profit": NaN,
        "Operating Income": NaN,
        "EBIT": NaN,
        "Net Income": 481
    },
    "2020-03-31": {
        "Diluted EPS": 0.84,
        "Total Revenue": NaN,
        "Gross Profit": NaN,
        "Operating Income": 902,
        "EBIT": NaN,
        "Net Income": 516
    },
    "2019-12-31": {
        "Diluted EPS": -0.42,
        "Total Revenue": NaN,
        "Gross Profit": NaN,
        "Operating Income": -140,
        "EBIT": NaN,
        "Net Income": -258
    },
    "2019-09-30": {
        "Diluted EPS": 1.02,
        "Total Revenue": NaN,
        "Gross Profit": NaN,
        "Operating Income": NaN,
        "EBIT": NaN,
        "Net Income": 630
    },
    "2019-06-30": {
        "Diluted EPS": 1.58,
        "Total Revenue": NaN,
        "Gross Profit": NaN,
        "Operating Income": NaN,
        "EBIT": NaN,
        "Net Income": 977
    },
    "2019-03-31": {
        "Diluted EPS": 3.18,
        "Total Revenue": NaN,
        "Gross Profit": NaN,
        "Operating Income": NaN,
        "EBIT": NaN,
        "Net Income": NaN
    },
    "2018-12-31": {
        "Diluted EPS": 1.9,
        "Total Revenue": NaN,
        "Gross Profit": NaN,
        "Operating Income": NaN,
        "EBIT": NaN,
        "Net Income": NaN
    },
    "2018-09-30": {
        "Diluted EPS": 1.29,
        "Total Revenue": NaN,
        "Gross Profit": NaN,
        "Operating Income": 690,
        "EBIT": 746,
        "Net Income": 488
    },
    "2018-06-30": {
        "Diluted EPS": 1.05,
        "Total Revenue": NaN,
        "Gross Profit": NaN,
        "Operating Income": 659,
        "EBIT": 715,
        "Net Income": 400
    },
    "2018-03-31": {
        "Diluted EPS": 1.32,
        "Total Revenue": NaN,
        "Gross Profit": NaN,
        "Operating Income": 772,
        "EBIT": 828,
        "Net Income": 511
    },
    "2017-12-31": {
        "Diluted EPS": 2.6,
        "Total Revenue": NaN,
        "Gross Profit": NaN,
        "Operating Income": NaN,
        "EBIT": NaN,
        "Net Income": NaN
    },
    "2017-09-30": {
        "Diluted EPS": 1.46,
        "Total Revenue": NaN,
        "Gross Profit": NaN,
        "Operating Income": 729,
        "EBIT": 784,
        "Net Income": 592
    },
    "2017-06-30": {
        "Diluted EPS": 0.14,
        "Total Revenue": NaN,
        "Gross Profit": NaN,
        "Operating Income": 690,
        "EBIT": 746,
        "Net Income": 58
    },
    "2017-03-31": {
        "Diluted EPS": -0.61,
        "Total Revenue": NaN,
        "Gross Profit": NaN,
        "Operating Income": 726,
        "EBIT": 781,
        "Net Income": -252
    },
    "2016-12-31": {
        "Diluted EPS": -0.21,
        "Total Revenue": NaN,
        "Gross Profit": NaN,
        "Operating Income": 765,
        "EBIT": 822,
        "Net Income": -113
    },
    "2016-09-30": {
        "Diluted EPS": 1.07,
        "Total Revenue": NaN,
        "Gross Profit": NaN,
        "Operating Income": 721,
        "EBIT": 775,
        "Net Income": 478
    },
    "2016-06-30": {
        "Diluted EPS": 0.93,
        "Total Revenue": NaN,
        "Gross Profit": NaN,
        "Operating Income": 651,
        "EBIT": 708,
        "Net Income": 423
    },
    "2016-03-31": {
        "Diluted EPS": 1.02,
        "Total Revenue": NaN,
        "Gross Profit": NaN,
        "Operating Income": 765,
        "EBIT": 822,
        "Net Income": 473
    },
    "2015-12-31": {
        "Diluted EPS": 0.56,
        "Total Revenue": NaN,
        "Gross Profit": 675,
        "Operating Income": 598,
        "EBIT": 634,
        "Net Income": 261
    },
    "2015-09-30": {
        "Diluted EPS": 0.88,
        "Total Revenue": NaN,
        "Gross Profit": NaN,
        "Operating Income": 753,
        "EBIT": 818,
        "Net Income": 426
    },
    "2015-06-30": {
        "Diluted EPS": 0.67,
        "Total Revenue": NaN,
        "Gross Profit": NaN,
        "Operating Income": 586,
        "EBIT": 652,
        "Net Income": 332
    },
    "2015-03-31": {
        "Diluted EPS": 0.78,
        "Total Revenue": NaN,
        "Gross Profit": NaN,
        "Operating Income": 721,
        "EBIT": 789,
        "Net Income": 394
    },
    "2014-12-31": {
        "Diluted EPS": 0.7,
        "Total Revenue": NaN,
        "Gross Profit": 560,
        "Operating Income": 401,
        "EBIT": 441,
        "Net Income": 413
    },
    "2014-09-30": {
        "Diluted EPS": 3.03,
        "Total Revenue": NaN,
        "Gross Profit": NaN,
        "Operating Income": 668,
        "EBIT": 736,
        "Net Income": NaN
    },
    "2014-06-30": {
        "Diluted EPS": 0.76,
        "Total Revenue": NaN,
        "Gross Profit": NaN,
        "Operating Income": 730,
        "EBIT": 801,
        "Net Income": 439
    },
    "2014-03-31": {
        "Diluted EPS": 0.78,
        "Total Revenue": NaN,
        "Gross Profit": NaN,
        "Operating Income": 791,
        "EBIT": 862,
        "Net Income": 468
    },
    "2013-12-31": {
        "Diluted EPS": 0.76,
        "Total Revenue": NaN,
        "Gross Profit": NaN,
        "Operating Income": 686,
        "EBIT": 759,
        "Net Income": 470
    },
    "2013-09-30": {
        "Diluted EPS": 0.8,
        "Total Revenue": NaN,
        "Gross Profit": NaN,
        "Operating Income": 764,
        "EBIT": 834,
        "Net Income": 494
    },
    "2013-06-30": {
        "Diluted EPS": 0.76,
        "Total Revenue": NaN,
        "Gross Profit": NaN,
        "Operating Income": 775,
        "EBIT": 806,
        "Net Income": 472
    },
    "2013-03-31": {
        "Diluted EPS": 0.69,
        "Total Revenue": NaN,
        "Gross Profit": NaN,
        "Operating Income": 800,
        "EBIT": 916,
        "Net Income": 443
    },
    "2012-12-31": {
        "Diluted EPS": 0.6,
        "Total Revenue": NaN,
        "Gross Profit": 982,
        "Operating Income": 521,
        "EBIT": 485,
        "Net Income": 393
    },
    "2012-09-30": {
        "Diluted EPS": 0.6,
        "Total Revenue": NaN,
        "Gross Profit": NaN,
        "Operating Income": 788,
        "EBIT": 904,
        "Net Income": 391
    },
    "2012-06-30": {
        "Diluted EPS": 0.65,
        "Total Revenue": NaN,
        "Gross Profit": NaN,
        "Operating Income": 792,
        "EBIT": 911,
        "Net Income": 427
    },
    "2012-03-31": {
        "Diluted EPS": 0.54,
        "Total Revenue": NaN,
        "Gross Profit": NaN,
        "Operating Income": 677,
        "EBIT": 796,
        "Net Income": 363
    },
    "2011-12-31": {
        "Diluted EPS": 0.55,
        "Total Revenue": NaN,
        "Gross Profit": NaN,
        "Operating Income": 745,
        "EBIT": 841,
        "Net Income": 370
    },
    "2011-09-30": {
        "Diluted EPS": 0.5,
        "Total Revenue": NaN,
        "Gross Profit": NaN,
        "Operating Income": 703,
        "EBIT": 837,
        "Net Income": 338
    },
    "2011-06-30": {
        "Diluted EPS": 0.58,
        "Total Revenue": NaN,
        "Gross Profit": NaN,
        "Operating Income": 734,
        "EBIT": 873,
        "Net Income": 395
    },
    "2011-03-31": {
        "Diluted EPS": 0.29,
        "Total Revenue": NaN,
        "Gross Profit": NaN,
        "Operating Income": 437,
        "EBIT": 576,
        "Net Income": 202
    },
    "2010-12-31": {
        "Diluted EPS": 0.4,
        "Total Revenue": NaN,
        "Gross Profit": NaN,
        "Operating Income": 730,
        "EBIT": 822,
        "Net Income": 283
    },
    "2010-09-30": {
        "Diluted EPS": 0.46,
        "Total Revenue": NaN,
        "Gross Profit": NaN,
        "Operating Income": 611,
        "EBIT": 750,
        "Net Income": 317
    },
    "2010-06-30": {
        "Diluted EPS": 0.22,
        "Total Revenue": NaN,
        "Gross Profit": NaN,
        "Operating Income": 435,
        "EBIT": 579,
        "Net Income": 150
    },
    "2010-03-31": {
        "Diluted EPS": -0.04,
        "Total Revenue": NaN,
        "Gross Profit": 967,
        "Operating Income": 153,
        "EBIT": 294,
        "Net Income": -26
    },
    "2009-12-31": {
        "Diluted EPS": 0.09,
        "Total Revenue": NaN,
        "Gross Profit": NaN,
        "Operating Income": 243,
        "EBIT": 399,
        "Net Income": 59
    },
    "2009-09-30": {
        "Diluted EPS": 0.3,
        "Total Revenue": NaN,
        "Gross Profit": NaN,
        "Operating Income": 418,
        "EBIT": 566,
        "Net Income": 208
    },
    "2009-06-30": {
        "Diluted EPS": 0.02,
        "Total Revenue": NaN,
        "Gross Profit": NaN,
        "Operating Income": 242,
        "EBIT": 387,
        "Net Income": 15
    },
    "2009-03-31": {
        "Diluted EPS": -0.08,
        "Total Revenue": NaN,
        "Gross Profit": 847,
        "Operating Income": 108,
        "EBIT": 250,
        "Net Income": -55
    },
    "2023-06-30": {
        "Tax Effect Of Unusual Items": 24226361.031519,
        "Tax Rate For Calcs": 0.272206,
        "Normalized EBITDA": -93000000.0,
        "Total Unusual Items": 89000000.0,
        "Total Unusual Items Excluding Goodwill": 89000000.0,
        "Net Income From Continuing Operation Net Minority Interest": -372000000.0,
        "Reconciled Depreciation": 105000000.0,
        "Reconciled Cost Of Revenue": 5924000000.0,
        "EBITDA": -4000000.0,
        "EBIT": -109000000.0,
        "Net Interest Income": -207000000.0,
        "Interest Expense": 240000000.0,
        "Interest Income": 33000000.0,
        "Normalized Income": -436773638.968481,
        "Net Income From Continuing And Discontinued Operation": -299000000.0,
        "Total Expenses": 7850000000.0,
        "Total Operating Income As Reported": -250000000.0,
        "Diluted Average Shares": 651000000.0,
        "Basic Average Shares": 651000000.0,
        "Diluted EPS": -0.48,
        "Basic EPS": -0.48,
        "Diluted NI Availto Com Stockholders": -299000000.0,
        "Net Income Common Stockholders": -299000000.0,
        "Net Income": -299000000.0,
        "Minority Interests": -9000000.0,
        "Net Income Including Noncontrolling Interests": -290000000.0,
        "Net Income Discontinuous Operations": 73000000.0,
        "Net Income Continuous Operations": -363000000.0,
        "Earnings From Equity Interest Net Of Tax": -109000000.0,
        "Tax Provision": -95000000.0,
        "Pretax Income": -349000000.0,
        "Other Income Expense": 92000000.0,
        "Other Non Operating Income Expenses": 3000000.0,
        "Special Income Charges": -54000000.0,
        "Gain On Sale Of Ppe": 0.0,
        "Impairment Of Capital Assets": 0.0,
        "Restructuring And Mergern Acquisition": 54000000.0,
        "Gain On Sale Of Security": 143000000.0,
        "Net Non Operating Interest Income Expense": -207000000.0,
        "Interest Expense Non Operating": 240000000.0,
        "Interest Income Non Operating": 33000000.0,
        "Operating Income": -234000000.0,
        "Operating Expense": 1926000000.0,
        "Depreciation Amortization Depletion Income Statement": 105000000.0,
        "Depreciation And Amortization In Income Statement": 105000000.0,
        "Selling General And Administration": 1821000000.0,
        "General And Administrative Expense": 1821000000.0,
        "Other Gand A": 1783000000.0,
        "Salaries And Wages": 38000000.0,
        "Gross Profit": 1692000000.0,
        "Cost Of Revenue": 5924000000.0,
        "Total Revenue": 7616000000.0,
        "Operating Revenue": 7616000000.0
    },
    "2023-09-30": {
        "Tax Effect Of Unusual Items": 636000.0,
        "Tax Rate For Calcs": 0.106,
        "Normalized EBITDA": 707000000.0,
        "Total Unusual Items": 6000000.0,
        "Total Unusual Items Excluding Goodwill": 6000000.0,
        "Net Income From Continuing Operation Net Minority Interest": 247000000.0,
        "Reconciled Depreciation": 105000000.0,
        "Reconciled Cost Of Revenue": 4681000000.0,
        "EBITDA": 713000000.0,
        "EBIT": 608000000.0,
        "Net Interest Income": -203000000.0,
        "Interest Expense": 232000000.0,
        "Interest Income": 29000000.0,
        "Normalized Income": 241636000.0,
        "Net Income From Continuing And Discontinued Operation": 295000000.0,
        "Total Expenses": 6560000000.0,
        "Total Operating Income As Reported": 621000000.0,
        "Diluted Average Shares": 652000000.0,
        "Basic Average Shares": 652000000.0,
        "Diluted EPS": 0.43,
        "Basic EPS": 0.43,
        "Diluted NI Availto Com Stockholders": 295000000.0,
        "Net Income Common Stockholders": 295000000.0,
        "Net Income": 295000000.0,
        "Minority Interests": -14000000.0,
        "Net Income Including Noncontrolling Interests": 309000000.0,
        "Net Income Discontinuous Operations": 48000000.0,
        "Net Income Continuous Operations": 261000000.0,
        "Earnings From Equity Interest Net Of Tax": -75000000.0,
        "Tax Provision": 40000000.0,
        "Pretax Income": 376000000.0,
        "Other Income Expense": 6000000.0,
        "Other Non Operating Income Expenses": NaN,
        "Special Income Charges": 10000000.0,
        "Gain On Sale Of Ppe": 0.0,
        "Impairment Of Capital Assets": NaN,
        "Restructuring And Mergern Acquisition": -10000000.0,
        "Gain On Sale Of Security": -4000000.0,
        "Net Non Operating Interest Income Expense": -203000000.0,
        "Interest Expense Non Operating": 232000000.0,
        "Interest Income Non Operating": 29000000.0,
        "Operating Income": 573000000.0,
        "Operating Expense": 1879000000.0,
        "Depreciation Amortization Depletion Income Statement": 105000000.0,
        "Depreciation And Amortization In Income Statement": 105000000.0,
        "Selling General And Administration": 1774000000.0,
        "General And Administrative Expense": 1774000000.0,
        "Other Gand A": 1736000000.0,
        "Salaries And Wages": 38000000.0,
        "Gross Profit": 2452000000.0,
        "Cost Of Revenue": 4681000000.0,
        "Total Revenue": 7133000000.0,
        "Operating Revenue": 7133000000.0
    },
    "2023-12-31": {
        "Tax Effect Of Unusual Items": -1470000.0,
        "Tax Rate For Calcs": 0.21,
        "Normalized EBITDA": 520000000.0,
        "Total Unusual Items": -7000000.0,
        "Total Unusual Items Excluding Goodwill": -7000000.0,
        "Net Income From Continuing Operation Net Minority Interest": 4000000.0,
        "Reconciled Depreciation": 108000000.0,
        "Reconciled Cost Of Revenue": 5145000000.0,
        "EBITDA": 513000000.0,
        "EBIT": 405000000.0,
        "Net Interest Income": -182000000.0,
        "Interest Expense": 222000000.0,
        "Interest Income": 40000000.0,
        "Normalized Income": 9530000.0,
        "Net Income From Continuing And Discontinued Operation": 514000000.0,
        "Total Expenses": 7266000000.0,
        "Total Operating Income As Reported": 404000000.0,
        "Diluted Average Shares": NaN,
        "Basic Average Shares": NaN,
        "Diluted EPS": NaN,
        "Basic EPS": NaN,
        "Diluted NI Availto Com Stockholders": 514000000.0,
        "Net Income Common Stockholders": 514000000.0,
        "Net Income": 514000000.0,
        "Minority Interests": -3000000.0,
        "Net Income Including Noncontrolling Interests": 517000000.0,
        "Net Income Discontinuous Operations": 510000000.0,
        "Net Income Continuous Operations": 7000000.0,
        "Earnings From Equity Interest Net Of Tax": -101000000.0,
        "Tax Provision": 75000000.0,
        "Pretax Income": 183000000.0,
        "Other Income Expense": -7000000.0,
        "Other Non Operating Income Expenses": 0.0,
        "Special Income Charges": 21000000.0,
        "Gain On Sale Of Ppe": NaN,
        "Impairment Of Capital Assets": NaN,
        "Restructuring And Mergern Acquisition": -75000000.0,
        "Gain On Sale Of Security": -28000000.0,
        "Net Non Operating Interest Income Expense": -182000000.0,
        "Interest Expense Non Operating": 222000000.0,
        "Interest Income Non Operating": 40000000.0,
        "Operating Income": 372000000.0,
        "Operating Expense": 2121000000.0,
        "Depreciation Amortization Depletion Income Statement": 108000000.0,
        "Depreciation And Amortization In Income Statement": 108000000.0,
        "Selling General And Administration": 2013000000.0,
        "General And Administrative Expense": 2013000000.0,
        "Other Gand A": 1973000000.0,
        "Salaries And Wages": 40000000.0,
        "Gross Profit": 2493000000.0,
        "Cost Of Revenue": 5145000000.0,
        "Total Revenue": 7638000000.0,
        "Operating Revenue": 7638000000.0
    },
    "2024-03-31": {
        "Tax Effect Of Unusual Items": -52574000.0,
        "Tax Rate For Calcs": 0.271,
        "Normalized EBITDA": -120000000.0,
        "Total Unusual Items": -194000000.0,
        "Total Unusual Items Excluding Goodwill": -194000000.0,
        "Net Income From Continuing Operation Net Minority Interest": -563000000.0,
        "Reconciled Depreciation": 100000000.0,
        "Reconciled Cost Of Revenue": 6154000000.0,
        "EBITDA": -314000000.0,
        "EBIT": -414000000.0,
        "Net Interest Income": -176000000.0,
        "Interest Expense": 221000000.0,
        "Interest Income": 45000000.0,
        "Normalized Income": -421574000.0,
        "Net Income From Continuing And Discontinued Operation": -554000000.0,
        "Total Expenses": 7950000000.0,
        "Total Operating Income As Reported": -417000000.0,
        "Diluted Average Shares": 654000000.0,
        "Basic Average Shares": 654000000.0,
        "Diluted EPS": -0.87,
        "Basic EPS": -0.87,
        "Diluted NI Availto Com Stockholders": -554000000.0,
        "Net Income Common Stockholders": -554000000.0,
        "Net Income": -554000000.0,
        "Minority Interests": -10000000.0,
        "Net Income Including Noncontrolling Interests": -544000000.0,
        "Net Income Discontinuous Operations": 9000000.0,
        "Net Income Continuous Operations": -553000000.0,
        "Earnings From Equity Interest Net Of Tax": -90000000.0,
        "Tax Provision": -172000000.0,
        "Pretax Income": -635000000.0,
        "Other Income Expense": -194000000.0,
        "Other Non Operating Income Expenses": NaN,
        "Special Income Charges": -186000000.0,
        "Gain On Sale Of Ppe": NaN,
        "Impairment Of Capital Assets": NaN,
        "Restructuring And Mergern Acquisition": 186000000.0,
        "Gain On Sale Of Security": -8000000.0,
        "Net Non Operating Interest Income Expense": -176000000.0,
        "Interest Expense Non Operating": 221000000.0,
        "Interest Income Non Operating": 45000000.0,
        "Operating Income": -265000000.0,
        "Operating Expense": 1796000000.0,
        "Depreciation Amortization Depletion Income Statement": 100000000.0,
        "Depreciation And Amortization In Income Statement": 100000000.0,
        "Selling General And Administration": 1696000000.0,
        "General And Administrative Expense": 1696000000.0,
        "Other Gand A": 1662000000.0,
        "Salaries And Wages": 34000000.0,
        "Gross Profit": 1531000000.0,
        "Cost Of Revenue": 6154000000.0,
        "Total Revenue": 7685000000.0,
        "Operating Revenue": 7685000000.0
    },
    "2024-06-30": {
        "Tax Effect Of Unusual Items": -237861000.0,
        "Tax Rate For Calcs": 0.039,
        "Normalized EBITDA": 868000000.0,
        "Total Unusual Items": -6099000000.0,
        "Total Unusual Items Excluding Goodwill": -6099000000.0,
        "Net Income From Continuing Operation Net Minority Interest": -5413000000.0,
        "Reconciled Depreciation": 101000000.0,
        "Reconciled Cost Of Revenue": 4367000000.0,
        "EBITDA": -5231000000.0,
        "EBIT": -5332000000.0,
        "Net Interest Income": -180000000.0,
        "Interest Expense": 215000000.0,
        "Interest Income": 35000000.0,
        "Normalized Income": 448139000.0,
        "Net Income From Continuing And Discontinued Operation": -5413000000.0,
        "Total Expenses": 6082000000.0,
        "Total Operating Income As Reported": -5318000000.0,
        "Diluted Average Shares": 667000000.0,
        "Basic Average Shares": 667000000.0,
        "Diluted EPS": -8.12,
        "Basic EPS": -8.12,
        "Diluted NI Availto Com Stockholders": -5413000000.0,
        "Net Income Common Stockholders": -5413000000.0,
        "Net Income": -5413000000.0,
        "Minority Interests": -9000000.0,
        "Net Income Including Noncontrolling Interests": -5404000000.0,
        "Net Income Discontinuous Operations": 0.0,
        "Net Income Continuous Operations": -5404000000.0,
        "Earnings From Equity Interest Net Of Tax": -72000000.0,
        "Tax Provision": -215000000.0,
        "Pretax Income": -5547000000.0,
        "Other Income Expense": -6098000000.0,
        "Other Non Operating Income Expenses": 1000000.0,
        "Special Income Charges": -6084000000.0,
        "Gain On Sale Of Ppe": NaN,
        "Impairment Of Capital Assets": 5996000000.0,
        "Restructuring And Mergern Acquisition": 88000000.0,
        "Gain On Sale Of Security": -15000000.0,
        "Net Non Operating Interest Income Expense": -180000000.0,
        "Interest Expense Non Operating": 215000000.0,
        "Interest Income Non Operating": 35000000.0,
        "Operating Income": 731000000.0,
        "Operating Expense": 1715000000.0,
        "Depreciation Amortization Depletion Income Statement": 101000000.0,
        "Depreciation And Amortization In Income Statement": 101000000.0,
        "Selling General And Administration": 1614000000.0,
        "General And Administrative Expense": 1614000000.0,
        "Other Gand A": 1579000000.0,
        "Salaries And Wages": 35000000.0,
        "Gross Profit": 2446000000.0,
        "Cost Of Revenue": 4367000000.0,
        "Total Revenue": 6813000000.0,
        "Operating Revenue": 6813000000.0
    }
}