{
    "2023-03-31": {
        "Tax Effect Of Unusual Items": NaN,
        "Tax Rate For Calcs": NaN,
        "Normalized EBITDA": NaN,
        "Total Unusual Items": 0.0,
        "Total Unusual Items Excluding Goodwill": 0.0,
        "Net Income From Continuing Operation Net Minority Interest": NaN,
        "Reconciled Depreciation": NaN,
        "EBITDA": NaN,
        "EBIT": NaN,
        "Normalized Income": NaN,
        "Net Income From Continuing And Discontinued Operation": NaN,
        "Total Expenses": NaN,
        "Total Operating Income As Reported": NaN,
        "Diluted Average Shares": 54618799.0,
        "Basic Average Shares": 54618799.0,
        "Diluted EPS": -0.63,
        "Basic EPS": -0.63,
        "Diluted NI Availto Com Stockholders": NaN,
        "Net Income Common Stockholders": NaN,
        "Net Income": NaN,
        "Net Income Including Noncontrolling Interests": NaN,
        "Net Income Continuous Operations": NaN,
        "Pretax Income": NaN,
        "Other Income Expense": NaN,
        "Other Non Operating Income Expenses": NaN,
        "Special Income Charges": 0.0,
        "Impairment Of Capital Assets": NaN,
        "Operating Income": NaN,
        "Operating Expense": NaN,
        "Research And Development": NaN,
        "Selling General And Administration": NaN,
        "General And Administrative Expense": NaN,
        "Other Gand A": NaN,
        "Total Revenue": NaN,
        "Operating Revenue": NaN
    },
    "2022-12-31": {
        "Tax Effect Of Unusual Items": NaN,
        "Tax Rate For Calcs": NaN,
        "Normalized EBITDA": NaN,
        "Total Unusual Items": NaN,
        "Total Unusual Items Excluding Goodwill": NaN,
        "Net Income From Continuing Operation Net Minority Interest": NaN,
        "Reconciled Depreciation": NaN,
        "EBITDA": NaN,
        "EBIT": NaN,
        "Net Interest Income": 1173000.0,
        "Interest Income": 1173000.0,
        "Normalized Income": NaN,
        "Net Income From Continuing And Discontinued Operation": NaN,
        "Total Expenses": NaN,
        "Total Operating Income As Reported": NaN,
        "Diluted Average Shares": NaN,
        "Basic Average Shares": NaN,
        "Diluted EPS": NaN,
        "Basic EPS": NaN,
        "Diluted NI Availto Com Stockholders": NaN,
        "Net Income Common Stockholders": NaN,
        "Net Income": NaN,
        "Net Income Including Noncontrolling Interests": NaN,
        "Net Income Continuous Operations": NaN,
        "Pretax Income": NaN,
        "Other Income Expense": NaN,
        "Other Non Operating Income Expenses": NaN,
        "Special Income Charges": NaN,
        "Other Special Charges": 0.0,
        "Impairment Of Capital Assets": NaN,
        "Net Non Operating Interest Income Expense": 1173000.0,
        "Interest Income Non Operating": 1173000.0,
        "Operating Income": NaN,
        "Operating Expense": NaN,
        "Research And Development": NaN,
        "Selling General And Administration": NaN,
        "General And Administrative Expense": NaN,
        "Other Gand A": NaN,
        "Total Revenue": NaN,
        "Operating Revenue": NaN
    },
    "2022-09-30": {
        "Tax Effect Of Unusual Items": NaN,
        "Tax Rate For Calcs": NaN,
        "Normalized EBITDA": NaN,
        "Total Unusual Items": NaN,
        "Total Unusual Items Excluding Goodwill": NaN,
        "Net Income From Continuing Operation Net Minority Interest": NaN,
        "Reconciled Depreciation": NaN,
        "EBITDA": NaN,
        "EBIT": NaN,
        "Net Interest Income": 825000.0,
        "Interest Income": 825000.0,
        "Normalized Income": NaN,
        "Net Income From Continuing And Discontinued Operation": NaN,
        "Total Expenses": NaN,
        "Total Operating Income As Reported": NaN,
        "Diluted Average Shares": 54473945.0,
        "Basic Average Shares": 54473945.0,
        "Diluted EPS": -0.49,
        "Basic EPS": -0.49,
        "Diluted NI Availto Com Stockholders": NaN,
        "Net Income Common Stockholders": NaN,
        "Net Income": NaN,
        "Net Income Including Noncontrolling Interests": NaN,
        "Net Income Continuous Operations": NaN,
        "Pretax Income": NaN,
        "Other Income Expense": NaN,
        "Other Non Operating Income Expenses": NaN,
        "Special Income Charges": NaN,
        "Other Special Charges": 1500000.0,
        "Impairment Of Capital Assets": 0.0,
        "Net Non Operating Interest Income Expense": 825000.0,
        "Interest Income Non Operating": 825000.0,
        "Operating Income": NaN,
        "Operating Expense": NaN,
        "Research And Development": NaN,
        "Selling General And Administration": NaN,
        "General And Administrative Expense": NaN,
        "Other Gand A": NaN,
        "Total Revenue": NaN,
        "Operating Revenue": NaN
    },
    "2022-06-30": {
        "Tax Effect Of Unusual Items": 0.0,
        "Tax Rate For Calcs": 0.0,
        "Normalized EBITDA": -38891000.0,
        "Total Unusual Items": 0.0,
        "Total Unusual Items Excluding Goodwill": 0.0,
        "Net Income From Continuing Operation Net Minority Interest": -39542000.0,
        "Reconciled Depreciation": 921000.0,
        "EBITDA": -38891000.0,
        "EBIT": -39812000.0,
        "Net Interest Income": 270000.0,
        "Interest Income": 270000.0,
        "Normalized Income": -39542000.0,
        "Net Income From Continuing And Discontinued Operation": -39542000.0,
        "Total Expenses": 39812000.0,
        "Total Operating Income As Reported": -39812000.0,
        "Diluted Average Shares": 54386318.0,
        "Basic Average Shares": 54386318.0,
        "Diluted EPS": -0.73,
        "Basic EPS": -0.73,
        "Diluted NI Availto Com Stockholders": -39542000.0,
        "Net Income Common Stockholders": -39542000.0,
        "Net Income": -39542000.0,
        "Net Income Including Noncontrolling Interests": -39542000.0,
        "Net Income Continuous Operations": -39542000.0,
        "Pretax Income": -39542000.0,
        "Other Income Expense": NaN,
        "Other Non Operating Income Expenses": NaN,
        "Special Income Charges": 0.0,
        "Other Special Charges": NaN,
        "Net Non Operating Interest Income Expense": 270000.0,
        "Interest Income Non Operating": 270000.0,
        "Operating Income": -39812000.0,
        "Operating Expense": 39812000.0,
        "Research And Development": 26821000.0,
        "Selling General And Administration": 12991000.0,
        "General And Administrative Expense": 12991000.0,
        "Other Gand A": 12991000.0,
        "Total Revenue": 0.0,
        "Operating Revenue": 0.0
    },
    "2022-03-31": {
        "Diluted EPS": -0.79,
        "Total Revenue": NaN,
        "Gross Profit": NaN,
        "Operating Income": -43,
        "EBIT": -41,
        "Net Income": -43
    },
    "2021-12-31": {
        "Diluted EPS": -0.95,
        "Total Revenue": NaN,
        "Gross Profit": NaN,
        "Operating Income": -51,
        "EBIT": -50,
        "Net Income": -51
    },
    "2021-09-30": {
        "Diluted EPS": -0.87,
        "Total Revenue": NaN,
        "Gross Profit": NaN,
        "Operating Income": -47,
        "EBIT": -46,
        "Net Income": -47
    },
    "2021-06-30": {
        "Diluted EPS": -0.9,
        "Total Revenue": NaN,
        "Gross Profit": NaN,
        "Operating Income": -49,
        "EBIT": -48,
        "Net Income": -48
    },
    "2021-03-31": {
        "Diluted EPS": -0.76,
        "Total Revenue": NaN,
        "Gross Profit": NaN,
        "Operating Income": -39,
        "EBIT": -38,
        "Net Income": -39
    },
    "2020-12-31": {
        "Diluted EPS": -0.68,
        "Total Revenue": NaN,
        "Gross Profit": NaN,
        "Operating Income": -39,
        "EBIT": -38,
        "Net Income": -39
    },
    "2020-09-30": {
        "Diluted EPS": -0.63,
        "Total Revenue": NaN,
        "Gross Profit": NaN,
        "Operating Income": -29,
        "EBIT": -28,
        "Net Income": -29
    },
    "2020-06-30": {
        "Diluted EPS": -0.6,
        "Total Revenue": NaN,
        "Gross Profit": NaN,
        "Operating Income": -27,
        "EBIT": -27,
        "Net Income": -27
    },
    "2020-03-31": {
        "Diluted EPS": -1.0,
        "Total Revenue": NaN,
        "Gross Profit": NaN,
        "Operating Income": -18,
        "EBIT": -18,
        "Net Income": -18
    },
    "2019-12-31": {
        "Diluted EPS": -3.07,
        "Total Revenue": NaN,
        "Gross Profit": NaN,
        "Operating Income": -14,
        "EBIT": -14,
        "Net Income": -13
    },
    "2019-09-30": {
        "Diluted EPS": -2.68,
        "Total Revenue": NaN,
        "Gross Profit": NaN,
        "Operating Income": -12,
        "EBIT": -12,
        "Net Income": -11
    },
    "2019-06-30": {
        "Diluted EPS": -3.19,
        "Total Revenue": NaN,
        "Gross Profit": NaN,
        "Operating Income": -8,
        "EBIT": -8,
        "Net Income": -13
    },
    "2019-03-31": {
        "Diluted EPS": -1.83,
        "Total Revenue": NaN,
        "Gross Profit": NaN,
        "Operating Income": -4,
        "EBIT": -4,
        "Net Income": -8
    },
    "2023-06-30": {
        "Tax Effect Of Unusual Items": NaN,
        "Tax Rate For Calcs": NaN,
        "Normalized EBITDA": NaN,
        "Total Unusual Items": 0.0,
        "Total Unusual Items Excluding Goodwill": 0.0,
        "Net Income From Continuing Operation Net Minority Interest": NaN,
        "Reconciled Depreciation": NaN,
        "EBITDA": NaN,
        "EBIT": NaN,
        "Normalized Income": NaN,
        "Net Income From Continuing And Discontinued Operation": NaN,
        "Total Expenses": NaN,
        "Total Operating Income As Reported": NaN,
        "Diluted Average Shares": 54683817.0,
        "Basic Average Shares": 54683817.0,
        "Diluted EPS": -0.44,
        "Basic EPS": -0.44,
        "Diluted NI Availto Com Stockholders": NaN,
        "Net Income Common Stockholders": NaN,
        "Net Income": NaN,
        "Net Income Including Noncontrolling Interests": NaN,
        "Net Income Continuous Operations": NaN,
        "Pretax Income": NaN,
        "Other Income Expense": NaN,
        "Other Non Operating Income Expenses": NaN,
        "Special Income Charges": 0.0,
        "Impairment Of Capital Assets": 0.0,
        "Operating Income": NaN,
        "Operating Expense": NaN,
        "Research And Development": NaN,
        "Selling General And Administration": NaN,
        "General And Administrative Expense": NaN,
        "Other Gand A": NaN,
        "Total Revenue": NaN,
        "Operating Revenue": NaN
    },
    "2023-09-30": {
        "Tax Effect Of Unusual Items": 0.0,
        "Tax Rate For Calcs": 0.0,
        "Normalized EBITDA": -16934000.0,
        "Total Unusual Items": -5390000.0,
        "Total Unusual Items Excluding Goodwill": -5390000.0,
        "Net Income From Continuing Operation Net Minority Interest": -27110000.0,
        "Reconciled Depreciation": 958000.0,
        "EBITDA": -22324000.0,
        "EBIT": -23282000.0,
        "Normalized Income": -21720000.0,
        "Net Income From Continuing And Discontinued Operation": -27110000.0,
        "Total Expenses": 23282000.0,
        "Total Operating Income As Reported": -28672000.0,
        "Diluted Average Shares": 54789410.0,
        "Basic Average Shares": 54789410.0,
        "Diluted EPS": -0.49,
        "Basic EPS": -0.49,
        "Diluted NI Availto Com Stockholders": -27110000.0,
        "Net Income Common Stockholders": -27110000.0,
        "Net Income": -27110000.0,
        "Net Income Including Noncontrolling Interests": -27110000.0,
        "Net Income Continuous Operations": -27110000.0,
        "Pretax Income": -27110000.0,
        "Other Income Expense": -3828000.0,
        "Other Non Operating Income Expenses": 1562000.0,
        "Special Income Charges": -5390000.0,
        "Impairment Of Capital Assets": 5390000.0,
        "Operating Income": -23282000.0,
        "Operating Expense": 23282000.0,
        "Research And Development": 15098000.0,
        "Selling General And Administration": 8184000.0,
        "General And Administrative Expense": 8184000.0,
        "Other Gand A": 8184000.0,
        "Total Revenue": 0.0,
        "Operating Revenue": 0.0
    },
    "2023-12-31": {
        "Tax Effect Of Unusual Items": 0.0,
        "Tax Rate For Calcs": 0.0,
        "Normalized EBITDA": -17639000.0,
        "Total Unusual Items": 0.0,
        "Total Unusual Items Excluding Goodwill": 0.0,
        "Net Income From Continuing Operation Net Minority Interest": -16758000.0,
        "Reconciled Depreciation": 807000.0,
        "EBITDA": -17639000.0,
        "EBIT": -18446000.0,
        "Normalized Income": -16758000.0,
        "Net Income From Continuing And Discontinued Operation": -16758000.0,
        "Total Expenses": 18446000.0,
        "Total Operating Income As Reported": -18446000.0,
        "Diluted Average Shares": NaN,
        "Basic Average Shares": NaN,
        "Diluted EPS": NaN,
        "Basic EPS": NaN,
        "Diluted NI Availto Com Stockholders": -16758000.0,
        "Net Income Common Stockholders": -16758000.0,
        "Net Income": -16758000.0,
        "Net Income Including Noncontrolling Interests": -16758000.0,
        "Net Income Continuous Operations": -16758000.0,
        "Pretax Income": -16758000.0,
        "Other Income Expense": 1688000.0,
        "Other Non Operating Income Expenses": 1688000.0,
        "Special Income Charges": 0.0,
        "Impairment Of Capital Assets": 0.0,
        "Operating Income": -18446000.0,
        "Operating Expense": 18446000.0,
        "Research And Development": 12161000.0,
        "Selling General And Administration": 6285000.0,
        "General And Administrative Expense": 6285000.0,
        "Other Gand A": 6285000.0,
        "Total Revenue": 0.0,
        "Operating Revenue": 0.0
    },
    "2024-03-31": {
        "Tax Effect Of Unusual Items": 0.0,
        "Tax Rate For Calcs": 0.0,
        "Normalized EBITDA": -17244000.0,
        "Total Unusual Items": NaN,
        "Total Unusual Items Excluding Goodwill": NaN,
        "Net Income From Continuing Operation Net Minority Interest": -16711000.0,
        "Reconciled Depreciation": 806000.0,
        "EBITDA": -17244000.0,
        "EBIT": -18050000.0,
        "Normalized Income": -16711000.0,
        "Net Income From Continuing And Discontinued Operation": -16711000.0,
        "Total Expenses": 18050000.0,
        "Total Operating Income As Reported": -18050000.0,
        "Diluted Average Shares": 56295540.0,
        "Basic Average Shares": 56295540.0,
        "Diluted EPS": -0.3,
        "Basic EPS": -0.3,
        "Diluted NI Availto Com Stockholders": -16711000.0,
        "Net Income Common Stockholders": -16711000.0,
        "Net Income": -16711000.0,
        "Net Income Including Noncontrolling Interests": -16711000.0,
        "Net Income Continuous Operations": -16711000.0,
        "Pretax Income": -16711000.0,
        "Other Income Expense": 1339000.0,
        "Other Non Operating Income Expenses": 1339000.0,
        "Special Income Charges": NaN,
        "Impairment Of Capital Assets": NaN,
        "Operating Income": -18050000.0,
        "Operating Expense": 18050000.0,
        "Research And Development": 11535000.0,
        "Selling General And Administration": 6515000.0,
        "General And Administrative Expense": 6515000.0,
        "Other Gand A": 6515000.0,
        "Total Revenue": 0.0,
        "Operating Revenue": 0.0
    },
    "2024-06-30": {
        "Tax Effect Of Unusual Items": 0.0,
        "Tax Rate For Calcs": 0.0,
        "Normalized EBITDA": -15705000.0,
        "Total Unusual Items": -438000.0,
        "Total Unusual Items Excluding Goodwill": -438000.0,
        "Net Income From Continuing Operation Net Minority Interest": -15991000.0,
        "Reconciled Depreciation": 797000.0,
        "EBITDA": -16143000.0,
        "EBIT": -16940000.0,
        "Normalized Income": -15553000.0,
        "Net Income From Continuing And Discontinued Operation": -15991000.0,
        "Total Expenses": 16940000.0,
        "Total Operating Income As Reported": -17378000.0,
        "Diluted Average Shares": 61682475.0,
        "Basic Average Shares": 61682475.0,
        "Diluted EPS": -0.26,
        "Basic EPS": -0.26,
        "Diluted NI Availto Com Stockholders": -15991000.0,
        "Net Income Common Stockholders": -15991000.0,
        "Net Income": -15991000.0,
        "Net Income Including Noncontrolling Interests": -15991000.0,
        "Net Income Continuous Operations": -15991000.0,
        "Pretax Income": -15991000.0,
        "Other Income Expense": 949000.0,
        "Other Non Operating Income Expenses": 1387000.0,
        "Special Income Charges": -438000.0,
        "Impairment Of Capital Assets": 438000.0,
        "Operating Income": -16940000.0,
        "Operating Expense": 16940000.0,
        "Research And Development": 10430000.0,
        "Selling General And Administration": 6510000.0,
        "General And Administrative Expense": 6510000.0,
        "Other Gand A": 6510000.0,
        "Total Revenue": 0.0,
        "Operating Revenue": 0.0
    },
    "2024-09-30": {
        "Tax Effect Of Unusual Items": 0.0,
        "Tax Rate For Calcs": 0.0,
        "Normalized EBITDA": -10353000.0,
        "Total Unusual Items": -4795000.0,
        "Total Unusual Items Excluding Goodwill": -4795000.0,
        "Net Income From Continuing Operation Net Minority Interest": -19340000.0,
        "Reconciled Depreciation": 759000.0,
        "EBITDA": -15148000.0,
        "EBIT": -15907000.0,
        "Normalized Income": -14545000.0,
        "Net Income From Continuing And Discontinued Operation": -19340000.0,
        "Total Expenses": 15907000.0,
        "Total Operating Income As Reported": -20702000.0,
        "Diluted Average Shares": 61763346.0,
        "Basic Average Shares": 61763346.0,
        "Diluted EPS": -0.31,
        "Basic EPS": -0.31,
        "Diluted NI Availto Com Stockholders": -19340000.0,
        "Net Income Common Stockholders": -19340000.0,
        "Net Income": -19340000.0,
        "Net Income Including Noncontrolling Interests": -19340000.0,
        "Net Income Continuous Operations": -19340000.0,
        "Pretax Income": -19340000.0,
        "Other Income Expense": -3433000.0,
        "Other Non Operating Income Expenses": 1362000.0,
        "Special Income Charges": -4795000.0,
        "Impairment Of Capital Assets": 4795000.0,
        "Operating Income": -15907000.0,
        "Operating Expense": 15907000.0,
        "Research And Development": 8656000.0,
        "Selling General And Administration": 7251000.0,
        "General And Administrative Expense": 7251000.0,
        "Other Gand A": 7251000.0,
        "Total Revenue": 0.0,
        "Operating Revenue": 0.0
    }
}